,dataDate,dataTime,dataMillisec,instrumentID,exchangeCD,lastPrice,lowPrice,highPrice,volume,value,openInterest,preOpenInterest,upperLimitPrice,lowerLimitPrice,preSettlementPrice,prevClosePrice,settlementPrice,openPrice,closePrice,preDelta,currDelta,clearingDay,milliSecOffset,bidPrice1,bidVolume1,bidPrice2,bidVolume2,bidPrice3,bidVolume3,bidPrice4,bidVolume4,bidPrice5,bidVolume5,askPrice1,askVolume1,askPrice2,askVolume2,askPrice3,askVolume3,askPrice4,askVolume4,askPrice5,askVolume5
0,2017-04-13,19:31:03,0,SF705,XZCE,5186,0,0,0,0,18344,18344,5454,4934,5194,5186,0,0,0,0,0,2017-04-14,70263000,0,0,0,0,0,0,0,0,0,0,0,0,0,0,0,0,0,0,0,0
1,2017-04-14,08:59:00,0,SF705,XZCE,5230,5230,5230,4,104600,18346,18344,5454,4934,5194,5186,0,5230,0,0,0,2017-04-14,32340000,5212,1,0,0,0,0,0,0,0,0,5230,49,0,0,0,0,0,0,0,0
2,2017-04-14,09:00:00,0,SF705,XZCE,5230,5230,5230,8,209200,18350,18344,5454,4934,5194,5186,0,5230,0,0,0,2017-04-14,32400000,5212,1,0,0,0,0,0,0,0,0,5226,2,0,0,0,0,0,0,0,0
3,2017-04-14,09:00:00,0,SF705,XZCE,5230,5230,5230,10,261500,18348,18344,5454,4934,5194,5186,0,5230,0,0,0,2017-04-14,32400000,5214,2,0,0,0,0,0,0,0,0,5226,2,0,0,0,0,0,0,0,0
4,2017-04-14,09:00:01,0,SF705,XZCE,5212,5212,5230,20,522100,18342,18344,5454,4934,5194,5186,0,5230,0,0,0,2017-04-14,32401000,5212,4,0,0,0,0,0,0,0,0,5226,2,0,0,0,0,0,0,0,0
5,2017-04-14,09:00:01,0,SF705,XZCE,5226,5212,5230,52,1358260,18348,18344,5454,4934,5194,5186,0,5230,0,0,0,2017-04-14,32401000,5228,2,0,0,0,0,0,0,0,0,5230,47,0,0,0,0,0,0,0,0
6,2017-04-14,09:00:02,0,SF705,XZCE,5218,5212,5230,66,1723520,18342,18344,5454,4934,5194,5186,0,5230,0,0,0,2017-04-14,32402000,5212,1,0,0,0,0,0,0,0,0,5220,1,0,0,0,0,0,0,0,0
7,2017-04-14,09:00:02,0,SF705,XZCE,5222,5212,5230,70,1827960,18340,18344,5454,4934,5194,5186,0,5230,0,0,0,2017-04-14,32402000,5216,1,0,0,0,0,0,0,0,0,5224,10,0,0,0,0,0,0,0,0
8,2017-04-14,09:00:04,0,SF705,XZCE,5224,5212,5230,74,1932440,18340,18344,5454,4934,5194,5186,0,5230,0,0,0,2017-04-14,32404000,5216,1,0,0,0,0,0,0,0,0,5224,8,0,0,0,0,0,0,0,0
9,2017-04-14,09:00:04,0,SF705,XZCE,5212,5212,5230,78,2036680,18336,18344,5454,4934,5194,5186,0,5230,0,0,0,2017-04-14,32404000,5212,9,0,0,0,0,0,0,0,0,5216,4,0,0,0,0,0,0,0,0
10,2017-04-14,09:00:05,0,SF705,XZCE,5212,5212,5230,82,2140920,18340,18344,5454,4934,5194,5186,0,5230,0,0,0,2017-04-14,32405000,5212,7,0,0,0,0,0,0,0,0,5216,4,0,0,0,0,0,0,0,0
11,2017-04-14,09:00:06,0,SF705,XZCE,5212,5212,5230,84,2193040,18342,18344,5454,4934,5194,5186,0,5230,0,0,0,2017-04-14,32406000,5212,6,0,0,0,0,0,0,0,0,5216,4,0,0,0,0,0,0,0,0
12,2017-04-14,09:00:06,0,SF705,XZCE,5216,5212,5230,92,2401680,18342,18344,5454,4934,5194,5186,0,5230,0,0,0,2017-04-14,32406000,5216,1,0,0,0,0,0,0,0,0,5220,4,0,0,0,0,0,0,0,0
13,2017-04-14,09:00:07,0,SF705,XZCE,5220,5212,5230,100,2610480,18334,18344,5454,4934,5194,5186,0,5230,0,0,0,2017-04-14,32407000,5220,2,0,0,0,0,0,0,0,0,5224,7,0,0,0,0,0,0,0,0
14,2017-04-14,09:00:07,0,SF705,XZCE,5220,5212,5230,100,2610480,18334,18344,5454,4934,5194,5186,0,5230,0,0,0,2017-04-14,32407000,5220,2,0,0,0,0,0,0,0,0,5222,1,0,0,0,0,0,0,0,0
15,2017-04-14,09:00:08,0,SF705,XZCE,5220,5212,5230,104,2714880,18332,18344,5454,4934,5194,5186,0,5230,0,0,0,2017-04-14,32408000,5216,4,0,0,0,0,0,0,0,0,5220,1,0,0,0,0,0,0,0,0
16,2017-04-14,09:00:09,0,SF705,XZCE,5220,5212,5230,104,2714880,18332,18344,5454,4934,5194,5186,0,5230,0,0,0,2017-04-14,32409000,5216,4,0,0,0,0,0,0,0,0,5220,7,0,0,0,0,0,0,0,0
17,2017-04-14,09:00:09,0,SF705,XZCE,5220,5212,5230,106,2767080,18330,18344,5454,4934,5194,5186,0,5230,0,0,0,2017-04-14,32409000,5216,4,0,0,0,0,0,0,0,0,5220,8,0,0,0,0,0,0,0,0
18,2017-04-14,09:00:10,0,SF705,XZCE,5220,5212,5230,108,2819280,18330,18344,5454,4934,5194,5186,0,5230,0,0,0,2017-04-14,32410000,5216,4,0,0,0,0,0,0,0,0,5218,1,0,0,0,0,0,0,0,0
19,2017-04-14,09:00:10,0,SF705,XZCE,5216,5212,5230,110,2871440,18332,18344,5454,4934,5194,5186,0,5230,0,0,0,2017-04-14,32410000,5216,3,0,0,0,0,0,0,0,0,5218,2,0,0,0,0,0,0,0,0
20,2017-04-14,09:00:11,0,SF705,XZCE,5216,5212,5230,112,2923600,18330,18344,5454,4934,5194,5186,0,5230,0,0,0,2017-04-14,32411000,5216,2,0,0,0,0,0,0,0,0,5218,1,0,0,0,0,0,0,0,0
21,2017-04-14,09:00:12,0,SF705,XZCE,5216,5212,5230,114,2975760,18332,18344,5454,4934,5194,5186,0,5230,0,0,0,2017-04-14,32412000,5216,1,0,0,0,0,0,0,0,0,5218,1,0,0,0,0,0,0,0,0
22,2017-04-14,09:00:12,0,SF705,XZCE,5218,5212,5230,116,3027940,18332,18344,5454,4934,5194,5186,0,5230,0,0,0,2017-04-14,32412000,5216,1,0,0,0,0,0,0,0,0,5220,6,0,0,0,0,0,0,0,0
23,2017-04-14,09:00:13,0,SF705,XZCE,5216,5212,5230,118,3080100,18332,18344,5454,4934,5194,5186,0,5230,0,0,0,2017-04-14,32413000,5212,3,0,0,0,0,0,0,0,0,5216,3,0,0,0,0,0,0,0,0
24,2017-04-14,09:00:14,0,SF705,XZCE,5216,5212,5230,120,3132260,18332,18344,5454,4934,5194,5186,0,5230,0,0,0,2017-04-14,32414000,5212,3,0,0,0,0,0,0,0,0,5216,2,0,0,0,0,0,0,0,0
25,2017-04-14,09:00:15,0,SF705,XZCE,5218,5212,5230,126,3288800,18334,18344,5454,4934,5194,5186,0,5230,0,0,0,2017-04-14,32415000,5218,2,0,0,0,0,0,0,0,0,5220,2,0,0,0,0,0,0,0,0
26,2017-04-14,09:00:15,0,SF705,XZCE,5218,5212,5230,126,3288800,18334,18344,5454,4934,5194,5186,0,5230,0,0,0,2017-04-14,32415000,5218,3,0,0,0,0,0,0,0,0,5220,2,0,0,0,0,0,0,0,0
27,2017-04-14,09:00:16,0,SF705,XZCE,5220,5212,5230,128,3341000,18332,18344,5454,4934,5194,5186,0,5230,0,0,0,2017-04-14,32416000,5218,3,0,0,0,0,0,0,0,0,5220,1,0,0,0,0,0,0,0,0
28,2017-04-14,09:00:16,0,SF705,XZCE,5218,5212,5230,140,3654080,18330,18344,5454,4934,5194,5186,0,5230,0,0,0,2017-04-14,32416000,5216,1,0,0,0,0,0,0,0,0,5218,3,0,0,0,0,0,0,0,0
29,2017-04-14,09:00:17,0,SF705,XZCE,5216,5212,5230,142,3706240,18328,18344,5454,4934,5194,5186,0,5230,0,0,0,2017-04-14,32417000,5212,3,0,0,0,0,0,0,0,0,5216,1,0,0,0,0,0,0,0,0
30,2017-04-14,09:00:17,0,SF705,XZCE,5216,5212,5230,142,3706240,18328,18344,5454,4934,5194,5186,0,5230,0,0,0,2017-04-14,32417000,5214,1,0,0,0,0,0,0,0,0,5216,1,0,0,0,0,0,0,0,0
31,2017-04-14,09:00:18,0,SF705,XZCE,5216,5212,5230,142,3706240,18328,18344,5454,4934,5194,5186,0,5230,0,0,0,2017-04-14,32418000,5214,2,0,0,0,0,0,0,0,0,5216,1,0,0,0,0,0,0,0,0
32,2017-04-14,09:00:18,0,SF705,XZCE,5216,5212,5230,142,3706240,18328,18344,5454,4934,5194,5186,0,5230,0,0,0,2017-04-14,32418000,5214,2,0,0,0,0,0,0,0,0,5218,3,0,0,0,0,0,0,0,0
33,2017-04-14,09:00:19,0,SF705,XZCE,5216,5212,5230,142,3706240,18328,18344,5454,4934,5194,5186,0,5230,0,0,0,2017-04-14,32419000,5214,3,0,0,0,0,0,0,0,0,5216,1,0,0,0,0,0,0,0,0
34,2017-04-14,09:00:19,0,SF705,XZCE,5214,5212,5230,144,3758380,18326,18344,5454,4934,5194,5186,0,5230,0,0,0,2017-04-14,32419000,5214,2,0,0,0,0,0,0,0,0,5216,1,0,0,0,0,0,0,0,0
35,2017-04-14,09:00:21,0,SF705,XZCE,5218,5212,5230,156,4071460,18332,18344,5454,4934,5194,5186,0,5230,0,0,0,2017-04-14,32421000,5216,14,0,0,0,0,0,0,0,0,5220,1,0,0,0,0,0,0,0,0
36,2017-04-14,09:00:22,0,SF705,XZCE,5218,5212,5230,156,4071460,18332,18344,5454,4934,5194,5186,0,5230,0,0,0,2017-04-14,32422000,5216,15,0,0,0,0,0,0,0,0,5220,1,0,0,0,0,0,0,0,0
37,2017-04-14,09:00:23,0,SF705,XZCE,5216,5212,5230,166,4332260,18342,18344,5454,4934,5194,5186,0,5230,0,0,0,2017-04-14,32423000,5216,10,0,0,0,0,0,0,0,0,5220,1,0,0,0,0,0,0,0,0
38,2017-04-14,09:00:25,0,SF705,XZCE,5216,5212,5230,166,4332260,18342,18344,5454,4934,5194,5186,0,5230,0,0,0,2017-04-14,32425000,5216,10,0,0,0,0,0,0,0,0,5220,3,0,0,0,0,0,0,0,0
39,2017-04-14,09:00:26,0,SF705,XZCE,5216,5212,5230,170,4436580,18346,18344,5454,4934,5194,5186,0,5230,0,0,0,2017-04-14,32426000,5216,8,0,0,0,0,0,0,0,0,5220,3,0,0,0,0,0,0,0,0
40,2017-04-14,09:00:26,0,SF705,XZCE,5216,5212,5230,176,4593060,18346,18344,5454,4934,5194,5186,0,5230,0,0,0,2017-04-14,32426000,5216,5,0,0,0,0,0,0,0,0,5220,3,0,0,0,0,0,0,0,0
41,2017-04-14,09:00:26,0,SF705,XZCE,5216,5212,5230,176,4593060,18346,18344,5454,4934,5194,5186,0,5230,0,0,0,2017-04-14,32426000,5216,13,0,0,0,0,0,0,0,0,5220,3,0,0,0,0,0,0,0,0
42,2017-04-14,09:00:28,0,SF705,XZCE,5216,5212,5230,176,4593060,18346,18344,5454,4934,5194,5186,0,5230,0,0,0,2017-04-14,32428000,5218,1,0,0,0,0,0,0,0,0,5220,3,0,0,0,0,0,0,0,0
43,2017-04-14,09:00:29,0,SF705,XZCE,5220,5212,5230,178,4645260,18346,18344,5454,4934,5194,5186,0,5230,0,0,0,2017-04-14,32429000,5218,2,0,0,0,0,0,0,0,0,5220,2,0,0,0,0,0,0,0,0
44,2017-04-14,09:00:30,0,SF705,XZCE,5218,5212,5230,180,4697440,18348,18344,5454,4934,5194,5186,0,5230,0,0,0,2017-04-14,32430000,5218,1,0,0,0,0,0,0,0,0,5220,2,0,0,0,0,0,0,0,0
45,2017-04-14,09:00:30,0,SF705,XZCE,5218,5212,5230,182,4749620,18348,18344,5454,4934,5194,5186,0,5230,0,0,0,2017-04-14,32430000,5216,13,0,0,0,0,0,0,0,0,5218,2,0,0,0,0,0,0,0,0
46,2017-04-14,09:00:33,0,SF705,XZCE,5216,5212,5230,184,4801780,18350,18344,5454,4934,5194,5186,0,5230,0,0,0,2017-04-14,32433000,5216,12,0,0,0,0,0,0,0,0,5218,2,0,0,0,0,0,0,0,0
47,2017-04-14,09:00:34,0,SF705,XZCE,5216,5212,5230,204,5323380,18352,18344,5454,4934,5194,5186,0,5230,0,0,0,2017-04-14,32434000,5218,1,0,0,0,0,0,0,0,0,5220,1,0,0,0,0,0,0,0,0
48,2017-04-14,09:00:34,0,SF705,XZCE,5218,5212,5230,206,5375560,18354,18344,5454,4934,5194,5186,0,5230,0,0,0,2017-04-14,32434000,5216,7,0,0,0,0,0,0,0,0,5218,1,0,0,0,0,0,0,0,0
49,2017-04-14,09:00:35,0,SF705,XZCE,5218,5212,5230,208,5427740,18356,18344,5454,4934,5194,5186,0,5230,0,0,0,2017-04-14,32435000,5216,7,0,0,0,0,0,0,0,0,5220,1,0,0,0,0,0,0,0,0
50,2017-04-14,09:00:36,0,SF705,XZCE,5216,5212,5230,218,5688540,18358,18344,5454,4934,5194,5186,0,5230,0,0,0,2017-04-14,32436000,5216,3,0,0,0,0,0,0,0,0,5220,1,0,0,0,0,0,0,0,0
51,2017-04-14,09:00:37,0,SF705,XZCE,5216,5212,5230,224,5845020,18364,18344,5454,4934,5194,5186,0,5230,0,0,0,2017-04-14,32437000,5214,2,0,0,0,0,0,0,0,0,5220,1,0,0,0,0,0,0,0,0
52,2017-04-14,09:00:39,0,SF705,XZCE,5222,5212,5230,232,6053900,18360,18344,5454,4934,5194,5186,0,5230,0,0,0,2017-04-14,32439000,5214,2,0,0,0,0,0,0,0,0,5220,5,0,0,0,0,0,0,0,0
53,2017-04-14,09:00:39,0,SF705,XZCE,5222,5212,5230,232,6053900,18360,18344,5454,4934,5194,5186,0,5230,0,0,0,2017-04-14,32439000,5214,2,0,0,0,0,0,0,0,0,5220,55,0,0,0,0,0,0,0,0
54,2017-04-14,09:00:40,0,SF705,XZCE,5222,5212,5230,232,6053900,18360,18344,5454,4934,5194,5186,0,5230,0,0,0,2017-04-14,32440000,5216,1,0,0,0,0,0,0,0,0,5220,55,0,0,0,0,0,0,0,0
55,2017-04-14,09:00:40,0,SF705,XZCE,5216,5212,5230,234,6106060,18360,18344,5454,4934,5194,5186,0,5230,0,0,0,2017-04-14,32440000,5214,2,0,0,0,0,0,0,0,0,5218,1,0,0,0,0,0,0,0,0
56,2017-04-14,09:00:41,0,SF705,XZCE,5218,5212,5230,236,6158240,18360,18344,5454,4934,5194,5186,0,5230,0,0,0,2017-04-14,32441000,5214,2,0,0,0,0,0,0,0,0,5220,55,0,0,0,0,0,0,0,0
57,2017-04-14,09:00:42,0,SF705,XZCE,5218,5212,5230,236,6158240,18360,18344,5454,4934,5194,5186,0,5230,0,0,0,2017-04-14,32442000,5216,1,0,0,0,0,0,0,0,0,5220,55,0,0,0,0,0,0,0,0
58,2017-04-14,09:00:44,0,SF705,XZCE,5220,5212,5230,240,6262640,18360,18344,5454,4934,5194,5186,0,5230,0,0,0,2017-04-14,32444000,5216,3,0,0,0,0,0,0,0,0,5220,53,0,0,0,0,0,0,0,0
59,2017-04-14,09:00:44,0,SF705,XZCE,5220,5212,5230,240,6262640,18360,18344,5454,4934,5194,5186,0,5230,0,0,0,2017-04-14,32444000,5216,3,0,0,0,0,0,0,0,0,5220,50,0,0,0,0,0,0,0,0
60,2017-04-14,09:00:45,0,SF705,XZCE,5220,5212,5230,246,6419240,18360,18344,5454,4934,5194,5186,0,5230,0,0,0,2017-04-14,32445000,5216,3,0,0,0,0,0,0,0,0,5220,47,0,0,0,0,0,0,0,0
61,2017-04-14,09:00:47,0,SF705,XZCE,5220,5212,5230,250,6523640,18360,18344,5454,4934,5194,5186,0,5230,0,0,0,2017-04-14,32447000,5216,3,0,0,0,0,0,0,0,0,5220,45,0,0,0,0,0,0,0,0
62,2017-04-14,09:00:49,0,SF705,XZCE,5220,5212,5230,252,6575840,18360,18344,5454,4934,5194,5186,0,5230,0,0,0,2017-04-14,32449000,5216,3,0,0,0,0,0,0,0,0,5220,44,0,0,0,0,0,0,0,0
63,2017-04-14,09:00:50,0,SF705,XZCE,5220,5212,5230,256,6680240,18360,18344,5454,4934,5194,5186,0,5230,0,0,0,2017-04-14,32450000,5216,4,0,0,0,0,0,0,0,0,5218,1,0,0,0,0,0,0,0,0
64,2017-04-14,09:00:51,0,SF705,XZCE,5220,5212,5230,260,6784640,18362,18344,5454,4934,5194,5186,0,5230,0,0,0,2017-04-14,32451000,5216,4,0,0,0,0,0,0,0,0,5220,41,0,0,0,0,0,0,0,0
65,2017-04-14,09:00:52,0,SF705,XZCE,5220,5212,5230,266,6941240,18362,18344,5454,4934,5194,5186,0,5230,0,0,0,2017-04-14,32452000,5216,4,0,0,0,0,0,0,0,0,5220,38,0,0,0,0,0,0,0,0
66,2017-04-14,09:00:53,0,SF705,XZCE,5220,5212,5230,266,6941240,18362,18344,5454,4934,5194,5186,0,5230,0,0,0,2017-04-14,32453000,5216,4,0,0,0,0,0,0,0,0,5220,39,0,0,0,0,0,0,0,0
67,2017-04-14,09:00:55,0,SF705,XZCE,5220,5212,5230,268,6993440,18362,18344,5454,4934,5194,5186,0,5230,0,0,0,2017-04-14,32455000,5216,4,0,0,0,0,0,0,0,0,5220,38,0,0,0,0,0,0,0,0
68,2017-04-14,09:00:56,0,SF705,XZCE,5216,5212,5230,270,7045600,18364,18344,5454,4934,5194,5186,0,5230,0,0,0,2017-04-14,32456000,5216,3,0,0,0,0,0,0,0,0,5220,38,0,0,0,0,0,0,0,0
69,2017-04-14,09:00:57,0,SF705,XZCE,5216,5212,5230,270,7045600,18364,18344,5454,4934,5194,5186,0,5230,0,0,0,2017-04-14,32457000,5216,2,0,0,0,0,0,0,0,0,5218,3,0,0,0,0,0,0,0,0
70,2017-04-14,09:01:00,0,SF705,XZCE,5216,5212,5230,276,7202080,18366,18344,5454,4934,5194,5186,0,5230,0,0,0,2017-04-14,32460000,5216,1,0,0,0,0,0,0,0,0,5218,1,0,0,0,0,0,0,0,0
71,2017-04-14,09:01:01,0,SF705,XZCE,5218,5212,5230,278,7254260,18368,18344,5454,4934,5194,5186,0,5230,0,0,0,2017-04-14,32461000,5216,1,0,0,0,0,0,0,0,0,5220,38,0,0,0,0,0,0,0,0
72,2017-04-14,09:01:01,0,SF705,XZCE,5216,5212,5230,280,7306420,18368,18344,5454,4934,5194,5186,0,5230,0,0,0,2017-04-14,32461000,5214,7,0,0,0,0,0,0,0,0,5216,2,0,0,0,0,0,0,0,0
73,2017-04-14,09:01:01,0,SF705,XZCE,5214,5212,5230,284,7410700,18370,18344,5454,4934,5194,5186,0,5230,0,0,0,2017-04-14,32461000,5214,5,0,0,0,0,0,0,0,0,5216,2,0,0,0,0,0,0,0,0
74,2017-04-14,09:01:02,0,SF705,XZCE,5216,5212,5230,286,7462860,18370,18344,5454,4934,5194,5186,0,5230,0,0,0,2017-04-14,32462000,5214,5,0,0,0,0,0,0,0,0,5216,1,0,0,0,0,0,0,0,0
75,2017-04-14,09:01:04,0,SF705,XZCE,5216,5212,5230,288,7515020,18372,18344,5454,4934,5194,5186,0,5230,0,0,0,2017-04-14,32464000,5216,1,0,0,0,0,0,0,0,0,5220,38,0,0,0,0,0,0,0,0
76,2017-04-14,09:01:06,0,SF705,XZCE,5216,5212,5230,290,7567180,18372,18344,5454,4934,5194,5186,0,5230,0,0,0,2017-04-14,32466000,5214,6,0,0,0,0,0,0,0,0,5218,50,0,0,0,0,0,0,0,0
77,2017-04-14,09:01:06,0,SF705,XZCE,5216,5212,5230,290,7567180,18372,18344,5454,4934,5194,5186,0,5230,0,0,0,2017-04-14,32466000,5214,6,0,0,0,0,0,0,0,0,5218,51,0,0,0,0,0,0,0,0
78,2017-04-14,09:01:07,0,SF705,XZCE,5214,5212,5230,302,7880020,18362,18344,5454,4934,5194,5186,0,5230,0,0,0,2017-04-14,32467000,5210,6,0,0,0,0,0,0,0,0,5216,51,0,0,0,0,0,0,0,0
79,2017-04-14,09:01:07,0,SF705,XZCE,5216,5212,5230,314,8192980,18362,18344,5454,4934,5194,5186,0,5230,0,0,0,2017-04-14,32467000,5210,6,0,0,0,0,0,0,0,0,5214,1,0,0,0,0,0,0,0,0
80,2017-04-14,09:01:09,0,SF705,XZCE,5216,5212,5230,314,8192980,18362,18344,5454,4934,5194,5186,0,5230,0,0,0,2017-04-14,32469000,5210,6,0,0,0,0,0,0,0,0,5214,2,0,0,0,0,0,0,0,0
81,2017-04-14,09:01:12,0,SF705,XZCE,5214,5212,5230,320,8349400,18366,18344,5454,4934,5194,5186,0,5230,0,0,0,2017-04-14,32472000,5210,6,0,0,0,0,0,0,0,0,5216,45,0,0,0,0,0,0,0,0
82,2017-04-14,09:01:15,0,SF705,XZCE,5216,5212,5230,322,8401560,18366,18344,5454,4934,5194,5186,0,5230,0,0,0,2017-04-14,32475000,5210,6,0,0,0,0,0,0,0,0,5216,44,0,0,0,0,0,0,0,0
83,2017-04-14,09:01:16,0,SF705,XZCE,5216,5212,5230,322,8401560,18366,18344,5454,4934,5194,5186,0,5230,0,0,0,2017-04-14,32476000,5210,6,0,0,0,0,0,0,0,0,5216,1,0,0,0,0,0,0,0,0
84,2017-04-14,09:01:17,0,SF705,XZCE,5216,5212,5230,322,8401560,18366,18344,5454,4934,5194,5186,0,5230,0,0,0,2017-04-14,32477000,5214,3,0,0,0,0,0,0,0,0,5218,53,0,0,0,0,0,0,0,0
85,2017-04-14,09:01:19,0,SF705,XZCE,5216,5212,5230,322,8401560,18366,18344,5454,4934,5194,5186,0,5230,0,0,0,2017-04-14,32479000,5214,9,0,0,0,0,0,0,0,0,5218,53,0,0,0,0,0,0,0,0
86,2017-04-14,09:01:19,0,SF705,XZCE,5216,5212,5230,322,8401560,18366,18344,5454,4934,5194,5186,0,5230,0,0,0,2017-04-14,32479000,5216,1,0,0,0,0,0,0,0,0,5218,53,0,0,0,0,0,0,0,0
87,2017-04-14,09:01:20,0,SF705,XZCE,5214,5212,5230,342,8922960,18358,18344,5454,4934,5194,5186,0,5230,0,0,0,2017-04-14,32480000,5210,1,0,0,0,0,0,0,0,0,5214,6,0,0,0,0,0,0,0,0
88,2017-04-14,09:01:21,0,SF705,XZCE,5214,5212,5230,348,9079380,18352,18344,5454,4934,5194,5186,0,5230,0,0,0,2017-04-14,32481000,5210,1,0,0,0,0,0,0,0,0,5214,3,0,0,0,0,0,0,0,0
89,2017-04-14,09:01:21,0,SF705,XZCE,5214,5212,5230,350,9131520,18352,18344,5454,4934,5194,5186,0,5230,0,0,0,2017-04-14,32481000,5210,1,0,0,0,0,0,0,0,0,5214,4,0,0,0,0,0,0,0,0
90,2017-04-14,09:01:21,0,SF705,XZCE,5214,5212,5230,354,9235800,18352,18344,5454,4934,5194,5186,0,5230,0,0,0,2017-04-14,32481000,5210,1,0,0,0,0,0,0,0,0,5214,2,0,0,0,0,0,0,0,0
91,2017-04-14,09:01:23,0,SF705,XZCE,5214,5212,5230,356,9287940,18352,18344,5454,4934,5194,5186,0,5230,0,0,0,2017-04-14,32483000,5210,1,0,0,0,0,0,0,0,0,5214,1,0,0,0,0,0,0,0,0
92,2017-04-14,09:01:26,0,SF705,XZCE,5214,5212,5230,356,9287940,18352,18344,5454,4934,5194,5186,0,5230,0,0,0,2017-04-14,32486000,5212,1,0,0,0,0,0,0,0,0,5214,1,0,0,0,0,0,0,0,0
93,2017-04-14,09:01:26,0,SF705,XZCE,5214,5212,5230,358,9340080,18352,18344,5454,4934,5194,5186,0,5230,0,0,0,2017-04-14,32486000,5212,1,0,0,0,0,0,0,0,0,5216,1,0,0,0,0,0,0,0,0
94,2017-04-14,09:01:27,0,SF705,XZCE,5214,5212,5230,358,9340080,18352,18344,5454,4934,5194,5186,0,5230,0,0,0,2017-04-14,32487000,5212,1,0,0,0,0,0,0,0,0,5216,7,0,0,0,0,0,0,0,0
95,2017-04-14,09:01:28,0,SF705,XZCE,5212,5212,5230,362,9444320,18356,18344,5454,4934,5194,5186,0,5230,0,0,0,2017-04-14,32488000,5210,1,0,0,0,0,0,0,0,0,5212,28,0,0,0,0,0,0,0,0
96,2017-04-14,09:01:29,0,SF705,XZCE,5210,5210,5230,364,9496420,18354,18344,5454,4934,5194,5186,0,5230,0,0,0,2017-04-14,32489000,5206,2,0,0,0,0,0,0,0,0,5212,29,0,0,0,0,0,0,0,0
97,2017-04-14,09:01:30,0,SF705,XZCE,5210,5210,5230,364,9496420,18354,18344,5454,4934,5194,5186,0,5230,0,0,0,2017-04-14,32490000,5210,1,0,0,0,0,0,0,0,0,5212,29,0,0,0,0,0,0,0,0
98,2017-04-14,09:01:31,0,SF705,XZCE,5210,5210,5230,364,9496420,18354,18344,5454,4934,5194,5186,0,5230,0,0,0,2017-04-14,32491000,5210,1,0,0,0,0,0,0,0,0,5212,32,0,0,0,0,0,0,0,0
99,2017-04-14,09:01:32,0,SF705,XZCE,5212,5210,5230,384,10017620,18374,18344,5454,4934,5194,5186,0,5230,0,0,0,2017-04-14,32492000,5210,1,0,0,0,0,0,0,0,0,5212,22,0,0,0,0,0,0,0,0
100,2017-04-14,09:01:33,0,SF705,XZCE,5212,5210,5230,386,10069740,18376,18344,5454,4934,5194,5186,0,5230,0,0,0,2017-04-14,32493000,5210,1,0,0,0,0,0,0,0,0,5212,21,0,0,0,0,0,0,0,0
101,2017-04-14,09:01:36,0,SF705,XZCE,5210,5210,5230,388,10121840,18378,18344,5454,4934,5194,5186,0,5230,0,0,0,2017-04-14,32496000,5206,2,0,0,0,0,0,0,0,0,5210,2,0,0,0,0,0,0,0,0
102,2017-04-14,09:01:36,0,SF705,XZCE,5210,5210,5230,388,10121840,18378,18344,5454,4934,5194,5186,0,5230,0,0,0,2017-04-14,32496000,5206,2,0,0,0,0,0,0,0,0,5210,3,0,0,0,0,0,0,0,0
103,2017-04-14,09:01:37,0,SF705,XZCE,5210,5210,5230,390,10173940,18380,18344,5454,4934,5194,5186,0,5230,0,0,0,2017-04-14,32497000,5206,2,0,0,0,0,0,0,0,0,5210,2,0,0,0,0,0,0,0,0
104,2017-04-14,09:01:38,0,SF705,XZCE,5210,5210,5230,390,10173940,18380,18344,5454,4934,5194,5186,0,5230,0,0,0,2017-04-14,32498000,5206,2,0,0,0,0,0,0,0,0,5210,8,0,0,0,0,0,0,0,0
105,2017-04-14,09:01:39,0,SF705,XZCE,5210,5210,5230,392,10226040,18380,18344,5454,4934,5194,5186,0,5230,0,0,0,2017-04-14,32499000,5206,2,0,0,0,0,0,0,0,0,5210,7,0,0,0,0,0,0,0,0
106,2017-04-14,09:01:40,0,SF705,XZCE,5210,5210,5230,404,10538640,18380,18344,5454,4934,5194,5186,0,5230,0,0,0,2017-04-14,32500000,5206,1,0,0,0,0,0,0,0,0,5210,1,0,0,0,0,0,0,0,0
107,2017-04-14,09:01:42,0,SF705,XZCE,5210,5210,5230,404,10538640,18380,18344,5454,4934,5194,5186,0,5230,0,0,0,2017-04-14,32502000,5206,2,0,0,0,0,0,0,0,0,5210,9,0,0,0,0,0,0,0,0
108,2017-04-14,09:01:42,0,SF705,XZCE,5210,5210,5230,404,10538640,18380,18344,5454,4934,5194,5186,0,5230,0,0,0,2017-04-14,32502000,5206,2,0,0,0,0,0,0,0,0,5210,29,0,0,0,0,0,0,0,0
109,2017-04-14,09:01:43,0,SF705,XZCE,5210,5210,5230,404,10538640,18380,18344,5454,4934,5194,5186,0,5230,0,0,0,2017-04-14,32503000,5206,2,0,0,0,0,0,0,0,0,5208,1,0,0,0,0,0,0,0,0
110,2017-04-14,09:01:47,0,SF705,XZCE,5210,5210,5230,406,10590740,18380,18344,5454,4934,5194,5186,0,5230,0,0,0,2017-04-14,32507000,5206,3,0,0,0,0,0,0,0,0,5210,29,0,0,0,0,0,0,0,0
111,2017-04-14,09:01:47,0,SF705,XZCE,5210,5210,5230,406,10590740,18380,18344,5454,4934,5194,5186,0,5230,0,0,0,2017-04-14,32507000,5208,1,0,0,0,0,0,0,0,0,5210,30,0,0,0,0,0,0,0,0
112,2017-04-14,09:01:48,0,SF705,XZCE,5210,5210,5230,406,10590740,18380,18344,5454,4934,5194,5186,0,5230,0,0,0,2017-04-14,32508000,5208,4,0,0,0,0,0,0,0,0,5210,30,0,0,0,0,0,0,0,0
113,2017-04-14,09:01:49,0,SF705,XZCE,5208,5208,5230,408,10642820,18382,18344,5454,4934,5194,5186,0,5230,0,0,0,2017-04-14,32509000,5208,3,0,0,0,0,0,0,0,0,5210,30,0,0,0,0,0,0,0,0
114,2017-04-14,09:01:51,0,SF705,XZCE,5208,5208,5230,408,10642820,18382,18344,5454,4934,5194,5186,0,5230,0,0,0,2017-04-14,32511000,5208,3,0,0,0,0,0,0,0,0,5210,31,0,0,0,0,0,0,0,0
115,2017-04-14,09:01:51,0,SF705,XZCE,5208,5208,5230,414,10799060,18384,18344,5454,4934,5194,5186,0,5230,0,0,0,2017-04-14,32511000,5206,2,0,0,0,0,0,0,0,0,5210,31,0,0,0,0,0,0,0,0
116,2017-04-14,09:01:55,0,SF705,XZCE,5208,5208,5230,414,10799060,18384,18344,5454,4934,5194,5186,0,5230,0,0,0,2017-04-14,32515000,5206,2,0,0,0,0,0,0,0,0,5208,2,0,0,0,0,0,0,0,0
117,2017-04-14,09:01:55,0,SF705,XZCE,5208,5208,5230,414,10799060,18384,18344,5454,4934,5194,5186,0,5230,0,0,0,2017-04-14,32515000,5206,10,0,0,0,0,0,0,0,0,5208,2,0,0,0,0,0,0,0,0
118,2017-04-14,09:01:57,0,SF705,XZCE,5206,5206,5230,418,10903180,18384,18344,5454,4934,5194,5186,0,5230,0,0,0,2017-04-14,32517000,5206,8,0,0,0,0,0,0,0,0,5208,3,0,0,0,0,0,0,0,0
119,2017-04-14,09:01:57,0,SF705,XZCE,5208,5206,5230,420,10955260,18384,18344,5454,4934,5194,5186,0,5230,0,0,0,2017-04-14,32517000,5206,8,0,0,0,0,0,0,0,0,5208,2,0,0,0,0,0,0,0,0
120,2017-04-14,09:01:58,0,SF705,XZCE,5208,5206,5230,422,11007340,18386,18344,5454,4934,5194,5186,0,5230,0,0,0,2017-04-14,32518000,5206,8,0,0,0,0,0,0,0,0,5208,1,0,0,0,0,0,0,0,0
121,2017-04-14,09:01:58,0,SF705,XZCE,5206,5206,5230,426,11111460,18386,18344,5454,4934,5194,5186,0,5230,0,0,0,2017-04-14,32518000,5206,6,0,0,0,0,0,0,0,0,5208,1,0,0,0,0,0,0,0,0
122,2017-04-14,09:01:59,0,SF705,XZCE,5206,5206,5230,430,11215580,18386,18344,5454,4934,5194,5186,0,5230,0,0,0,2017-04-14,32519000,5206,4,0,0,0,0,0,0,0,0,5208,1,0,0,0,0,0,0,0,0
123,2017-04-14,09:02:00,0,SF705,XZCE,5208,5206,5230,432,11267660,18388,18344,5454,4934,5194,5186,0,5230,0,0,0,2017-04-14,32520000,5206,4,0,0,0,0,0,0,0,0,5210,31,0,0,0,0,0,0,0,0
124,2017-04-14,09:02:00,0,SF705,XZCE,5208,5206,5230,432,11267660,18388,18344,5454,4934,5194,5186,0,5230,0,0,0,2017-04-14,32520000,5206,4,0,0,0,0,0,0,0,0,5210,32,0,0,0,0,0,0,0,0
125,2017-04-14,09:02:01,0,SF705,XZCE,5210,5206,5230,434,11319760,18388,18344,5454,4934,5194,5186,0,5230,0,0,0,2017-04-14,32521000,5206,4,0,0,0,0,0,0,0,0,5210,30,0,0,0,0,0,0,0,0
126,2017-04-14,09:02:01,0,SF705,XZCE,5210,5206,5230,434,11319760,18388,18344,5454,4934,5194,5186,0,5230,0,0,0,2017-04-14,32521000,5208,1,0,0,0,0,0,0,0,0,5210,30,0,0,0,0,0,0,0,0
127,2017-04-14,09:02:02,0,SF705,XZCE,5210,5206,5230,436,11371860,18390,18344,5454,4934,5194,5186,0,5230,0,0,0,2017-04-14,32522000,5208,1,0,0,0,0,0,0,0,0,5210,29,0,0,0,0,0,0,0,0
128,2017-04-14,09:02:03,0,SF705,XZCE,5210,5206,5230,438,11423960,18390,18344,5454,4934,5194,5186,0,5230,0,0,0,2017-04-14,32523000,5208,1,0,0,0,0,0,0,0,0,5210,28,0,0,0,0,0,0,0,0
129,2017-04-14,09:02:04,0,SF705,XZCE,5210,5206,5230,440,11476060,18388,18344,5454,4934,5194,5186,0,5230,0,0,0,2017-04-14,32524000,5208,1,0,0,0,0,0,0,0,0,5210,27,0,0,0,0,0,0,0,0
130,2017-04-14,09:02:04,0,SF705,XZCE,5210,5206,5230,442,11528160,18388,18344,5454,4934,5194,5186,0,5230,0,0,0,2017-04-14,32524000,5208,1,0,0,0,0,0,0,0,0,5210,26,0,0,0,0,0,0,0,0
131,2017-04-14,09:02:05,0,SF705,XZCE,5210,5206,5230,442,11528160,18388,18344,5454,4934,5194,5186,0,5230,0,0,0,2017-04-14,32525000,5208,2,0,0,0,0,0,0,0,0,5210,23,0,0,0,0,0,0,0,0
132,2017-04-14,09:02:09,0,SF705,XZCE,5208,5206,5230,446,11632320,18388,18344,5454,4934,5194,5186,0,5230,0,0,0,2017-04-14,32529000,5206,4,0,0,0,0,0,0,0,0,5208,48,0,0,0,0,0,0,0,0
133,2017-04-14,09:02:09,0,SF705,XZCE,5208,5206,5230,448,11684400,18386,18344,5454,4934,5194,5186,0,5230,0,0,0,2017-04-14,32529000,5206,4,0,0,0,0,0,0,0,0,5208,47,0,0,0,0,0,0,0,0
134,2017-04-14,09:02:10,0,SF705,XZCE,5208,5206,5230,450,11736480,18386,18344,5454,4934,5194,5186,0,5230,0,0,0,2017-04-14,32530000,5206,4,0,0,0,0,0,0,0,0,5208,46,0,0,0,0,0,0,0,0
135,2017-04-14,09:02:10,0,SF705,XZCE,5206,5206,5230,452,11788540,18386,18344,5454,4934,5194,5186,0,5230,0,0,0,2017-04-14,32530000,5206,3,0,0,0,0,0,0,0,0,5208,46,0,0,0,0,0,0,0,0
136,2017-04-14,09:02:11,0,SF705,XZCE,5206,5206,5230,452,11788540,18386,18344,5454,4934,5194,5186,0,5230,0,0,0,2017-04-14,32531000,5206,4,0,0,0,0,0,0,0,0,5208,46,0,0,0,0,0,0,0,0
137,2017-04-14,09:02:13,0,SF705,XZCE,5206,5206,5230,454,11840600,18388,18344,5454,4934,5194,5186,0,5230,0,0,0,2017-04-14,32533000,5206,3,0,0,0,0,0,0,0,0,5208,46,0,0,0,0,0,0,0,0
138,2017-04-14,09:02:17,0,SF705,XZCE,5208,5206,5230,456,11892680,18388,18344,5454,4934,5194,5186,0,5230,0,0,0,2017-04-14,32537000,5206,4,0,0,0,0,0,0,0,0,5208,45,0,0,0,0,0,0,0,0
139,2017-04-14,09:02:17,0,SF705,XZCE,5208,5206,5230,458,11944760,18388,18344,5454,4934,5194,5186,0,5230,0,0,0,2017-04-14,32537000,5206,4,0,0,0,0,0,0,0,0,5208,44,0,0,0,0,0,0,0,0
140,2017-04-14,09:02:19,0,SF705,XZCE,5208,5206,5230,458,11944760,18388,18344,5454,4934,5194,5186,0,5230,0,0,0,2017-04-14,32539000,5206,7,0,0,0,0,0,0,0,0,5208,44,0,0,0,0,0,0,0,0
141,2017-04-14,09:02:21,0,SF705,XZCE,5206,5206,5230,464,12100940,18394,18344,5454,4934,5194,5186,0,5230,0,0,0,2017-04-14,32541000,5206,3,0,0,0,0,0,0,0,0,5208,44,0,0,0,0,0,0,0,0
142,2017-04-14,09:02:23,0,SF705,XZCE,5206,5206,5230,466,12153000,18394,18344,5454,4934,5194,5186,0,5230,0,0,0,2017-04-14,32543000,5206,2,0,0,0,0,0,0,0,0,5208,44,0,0,0,0,0,0,0,0
143,2017-04-14,09:02:30,0,SF705,XZCE,5206,5206,5230,472,12309180,18394,18344,5454,4934,5194,5186,0,5230,0,0,0,2017-04-14,32550000,5204,7,0,0,0,0,0,0,0,0,5206,7,0,0,0,0,0,0,0,0
144,2017-04-14,09:02:31,0,SF705,XZCE,5206,5206,5230,474,12361240,18394,18344,5454,4934,5194,5186,0,5230,0,0,0,2017-04-14,32551000,5204,7,0,0,0,0,0,0,0,0,5206,6,0,0,0,0,0,0,0,0
145,2017-04-14,09:02:33,0,SF705,XZCE,5206,5206,5230,474,12361240,18394,18344,5454,4934,5194,5186,0,5230,0,0,0,2017-04-14,32553000,5204,8,0,0,0,0,0,0,0,0,5206,26,0,0,0,0,0,0,0,0
146,2017-04-14,09:02:34,0,SF705,XZCE,5204,5204,5230,482,12569400,18402,18344,5454,4934,5194,5186,0,5230,0,0,0,2017-04-14,32554000,5204,4,0,0,0,0,0,0,0,0,5206,26,0,0,0,0,0,0,0,0
147,2017-04-14,09:02:36,0,SF705,XZCE,5206,5204,5230,484,12621460,18402,18344,5454,4934,5194,5186,0,5230,0,0,0,2017-04-14,32556000,5204,4,0,0,0,0,0,0,0,0,5206,25,0,0,0,0,0,0,0,0
148,2017-04-14,09:02:36,0,SF705,XZCE,5206,5204,5230,488,12725580,18398,18344,5454,4934,5194,5186,0,5230,0,0,0,2017-04-14,32556000,5204,4,0,0,0,0,0,0,0,0,5206,23,0,0,0,0,0,0,0,0
149,2017-04-14,09:02:37,0,SF705,XZCE,5204,5204,5230,496,12933740,18396,18344,5454,4934,5194,5186,0,5230,0,0,0,2017-04-14,32557000,5202,3,0,0,0,0,0,0,0,0,5204,16,0,0,0,0,0,0,0,0
150,2017-04-14,09:02:40,0,SF705,XZCE,5204,5204,5230,498,12985780,18396,18344,5454,4934,5194,5186,0,5230,0,0,0,2017-04-14,32560000,5202,3,0,0,0,0,0,0,0,0,5204,15,0,0,0,0,0,0,0,0
151,2017-04-14,09:02:40,0,SF705,XZCE,5204,5204,5230,500,13037820,18396,18344,5454,4934,5194,5186,0,5230,0,0,0,2017-04-14,32560000,5202,3,0,0,0,0,0,0,0,0,5204,14,0,0,0,0,0,0,0,0
152,2017-04-14,09:02:41,0,SF705,XZCE,5202,5202,5230,506,13193880,18392,18344,5454,4934,5194,5186,0,5230,0,0,0,2017-04-14,32561000,5200,10,0,0,0,0,0,0,0,0,5202,5,0,0,0,0,0,0,0,0
153,2017-04-14,09:02:44,0,SF705,XZCE,5202,5202,5230,508,13245900,18392,18344,5454,4934,5194,5186,0,5230,0,0,0,2017-04-14,32564000,5200,10,0,0,0,0,0,0,0,0,5202,4,0,0,0,0,0,0,0,0
154,2017-04-14,09:02:46,0,SF705,XZCE,5202,5202,5230,510,13297920,18392,18344,5454,4934,5194,5186,0,5230,0,0,0,2017-04-14,32566000,5200,10,0,0,0,0,0,0,0,0,5202,3,0,0,0,0,0,0,0,0
155,2017-04-14,09:02:47,0,SF705,XZCE,5200,5200,5230,512,13349920,18394,18344,5454,4934,5194,5186,0,5230,0,0,0,2017-04-14,32567000,5200,9,0,0,0,0,0,0,0,0,5202,3,0,0,0,0,0,0,0,0
156,2017-04-14,09:02:47,0,SF705,XZCE,5202,5200,5230,520,13558000,18394,18344,5454,4934,5194,5186,0,5230,0,0,0,2017-04-14,32567000,5200,8,0,0,0,0,0,0,0,0,5204,14,0,0,0,0,0,0,0,0
157,2017-04-14,09:02:49,0,SF705,XZCE,5200,5200,5230,536,13974000,18394,18344,5454,4934,5194,5186,0,5230,0,0,0,2017-04-14,32569000,5198,1,0,0,0,0,0,0,0,0,5200,2,0,0,0,0,0,0,0,0
158,2017-04-14,09:02:50,0,SF705,XZCE,5200,5200,5230,536,13974000,18394,18344,5454,4934,5194,5186,0,5230,0,0,0,2017-04-14,32570000,5198,1,0,0,0,0,0,0,0,0,5200,5,0,0,0,0,0,0,0,0
159,2017-04-14,09:02:50,0,SF705,XZCE,5200,5200,5230,538,14026000,18394,18344,5454,4934,5194,5186,0,5230,0,0,0,2017-04-14,32570000,5198,1,0,0,0,0,0,0,0,0,5200,4,0,0,0,0,0,0,0,0
160,2017-04-14,09:02:51,0,SF705,XZCE,5200,5200,5230,538,14026000,18394,18344,5454,4934,5194,5186,0,5230,0,0,0,2017-04-14,32571000,5198,1,0,0,0,0,0,0,0,0,5200,1,0,0,0,0,0,0,0,0
161,2017-04-14,09:02:52,0,SF705,XZCE,5200,5200,5230,540,14078000,18392,18344,5454,4934,5194,5186,0,5230,0,0,0,2017-04-14,32572000,5198,1,0,0,0,0,0,0,0,0,5204,14,0,0,0,0,0,0,0,0
162,2017-04-14,09:02:53,0,SF705,XZCE,5200,5200,5230,540,14078000,18392,18344,5454,4934,5194,5186,0,5230,0,0,0,2017-04-14,32573000,5200,1,0,0,0,0,0,0,0,0,5204,14,0,0,0,0,0,0,0,0
163,2017-04-14,09:02:54,0,SF705,XZCE,5200,5200,5230,540,14078000,18392,18344,5454,4934,5194,5186,0,5230,0,0,0,2017-04-14,32574000,5200,6,0,0,0,0,0,0,0,0,5204,14,0,0,0,0,0,0,0,0
164,2017-04-14,09:02:56,0,SF705,XZCE,5200,5200,5230,540,14078000,18392,18344,5454,4934,5194,5186,0,5230,0,0,0,2017-04-14,32576000,5200,7,0,0,0,0,0,0,0,0,5204,14,0,0,0,0,0,0,0,0
165,2017-04-14,09:02:56,0,SF705,XZCE,5200,5200,5230,540,14078000,18392,18344,5454,4934,5194,5186,0,5230,0,0,0,2017-04-14,32576000,5200,8,0,0,0,0,0,0,0,0,5204,14,0,0,0,0,0,0,0,0
166,2017-04-14,09:02:57,0,SF705,XZCE,5200,5200,5230,540,14078000,18392,18344,5454,4934,5194,5186,0,5230,0,0,0,2017-04-14,32577000,5200,8,0,0,0,0,0,0,0,0,5204,15,0,0,0,0,0,0,0,0
167,2017-04-14,09:02:58,0,SF705,XZCE,5200,5200,5230,540,14078000,18392,18344,5454,4934,5194,5186,0,5230,0,0,0,2017-04-14,32578000,5202,1,0,0,0,0,0,0,0,0,5204,15,0,0,0,0,0,0,0,0
168,2017-04-14,09:03:00,0,SF705,XZCE,5204,5200,5230,542,14130040,18390,18344,5454,4934,5194,5186,0,5230,0,0,0,2017-04-14,32580000,5202,1,0,0,0,0,0,0,0,0,5204,14,0,0,0,0,0,0,0,0
169,2017-04-14,09:03:04,0,SF705,XZCE,5204,5200,5230,542,14130040,18390,18344,5454,4934,5194,5186,0,5230,0,0,0,2017-04-14,32584000,5202,1,0,0,0,0,0,0,0,0,5204,13,0,0,0,0,0,0,0,0
170,2017-04-14,09:03:04,0,SF705,XZCE,5204,5200,5230,542,14130040,18390,18344,5454,4934,5194,5186,0,5230,0,0,0,2017-04-14,32584000,5202,5,0,0,0,0,0,0,0,0,5204,13,0,0,0,0,0,0,0,0
171,2017-04-14,09:03:12,0,SF705,XZCE,5204,5200,5230,568,14806560,18390,18344,5454,4934,5194,5186,0,5230,0,0,0,2017-04-14,32592000,5202,5,0,0,0,0,0,0,0,0,5206,25,0,0,0,0,0,0,0,0
172,2017-04-14,09:03:13,0,SF705,XZCE,5204,5200,5230,568,14806560,18390,18344,5454,4934,5194,5186,0,5230,0,0,0,2017-04-14,32593000,5204,4,0,0,0,0,0,0,0,0,5206,25,0,0,0,0,0,0,0,0
173,2017-04-14,09:03:13,0,SF705,XZCE,5204,5200,5230,570,14858600,18388,18344,5454,4934,5194,5186,0,5230,0,0,0,2017-04-14,32593000,5204,3,0,0,0,0,0,0,0,0,5206,25,0,0,0,0,0,0,0,0
174,2017-04-14,09:03:17,0,SF705,XZCE,5204,5200,5230,570,14858600,18388,18344,5454,4934,5194,5186,0,5230,0,0,0,2017-04-14,32597000,5204,4,0,0,0,0,0,0,0,0,5206,25,0,0,0,0,0,0,0,0
175,2017-04-14,09:03:19,0,SF705,XZCE,5206,5200,5230,580,15118900,18378,18344,5454,4934,5194,5186,0,5230,0,0,0,2017-04-14,32599000,5204,5,0,0,0,0,0,0,0,0,5206,20,0,0,0,0,0,0,0,0
176,2017-04-14,09:03:20,0,SF705,XZCE,5206,5200,5230,582,15170960,18378,18344,5454,4934,5194,5186,0,5230,0,0,0,2017-04-14,32600000,5204,5,0,0,0,0,0,0,0,0,5206,19,0,0,0,0,0,0,0,0
177,2017-04-14,09:03:20,0,SF705,XZCE,5206,5200,5230,582,15170960,18378,18344,5454,4934,5194,5186,0,5230,0,0,0,2017-04-14,32600000,5204,3,0,0,0,0,0,0,0,0,5206,19,0,0,0,0,0,0,0,0
178,2017-04-14,09:03:21,0,SF705,XZCE,5206,5200,5230,588,15327140,18372,18344,5454,4934,5194,5186,0,5230,0,0,0,2017-04-14,32601000,5204,4,0,0,0,0,0,0,0,0,5206,16,0,0,0,0,0,0,0,0
179,2017-04-14,09:03:23,0,SF705,XZCE,5206,5200,5230,598,15587440,18362,18344,5454,4934,5194,5186,0,5230,0,0,0,2017-04-14,32603000,5204,4,0,0,0,0,0,0,0,0,5206,11,0,0,0,0,0,0,0,0
180,2017-04-14,09:03:24,0,SF705,XZCE,5206,5200,5230,604,15743620,18356,18344,5454,4934,5194,5186,0,5230,0,0,0,2017-04-14,32604000,5204,4,0,0,0,0,0,0,0,0,5206,8,0,0,0,0,0,0,0,0
181,2017-04-14,09:03:24,0,SF705,XZCE,5206,5200,5230,620,16160100,18350,18344,5454,4934,5194,5186,0,5230,0,0,0,2017-04-14,32604000,5206,7,0,0,0,0,0,0,0,0,5208,44,0,0,0,0,0,0,0,0
182,2017-04-14,09:03:25,0,SF705,XZCE,5206,5200,5230,620,16160100,18350,18344,5454,4934,5194,5186,0,5230,0,0,0,2017-04-14,32605000,5206,10,0,0,0,0,0,0,0,0,5208,45,0,0,0,0,0,0,0,0
183,2017-04-14,09:03:25,0,SF705,XZCE,5208,5200,5230,628,16368420,18350,18344,5454,4934,5194,5186,0,5230,0,0,0,2017-04-14,32605000,5206,10,0,0,0,0,0,0,0,0,5208,41,0,0,0,0,0,0,0,0
184,2017-04-14,09:03:27,0,SF705,XZCE,5208,5200,5230,628,16368420,18350,18344,5454,4934,5194,5186,0,5230,0,0,0,2017-04-14,32607000,5206,12,0,0,0,0,0,0,0,0,5208,41,0,0,0,0,0,0,0,0
185,2017-04-14,09:03:28,0,SF705,XZCE,5208,5200,5230,632,16472580,18346,18344,5454,4934,5194,5186,0,5230,0,0,0,2017-04-14,32608000,5206,12,0,0,0,0,0,0,0,0,5208,39,0,0,0,0,0,0,0,0
186,2017-04-14,09:03:30,0,SF705,XZCE,5208,5200,5230,632,16472580,18346,18344,5454,4934,5194,5186,0,5230,0,0,0,2017-04-14,32610000,5206,13,0,0,0,0,0,0,0,0,5208,39,0,0,0,0,0,0,0,0
187,2017-04-14,09:03:35,0,SF705,XZCE,5208,5200,5230,632,16472580,18346,18344,5454,4934,5194,5186,0,5230,0,0,0,2017-04-14,32615000,5206,11,0,0,0,0,0,0,0,0,5208,39,0,0,0,0,0,0,0,0
188,2017-04-14,09:03:36,0,SF705,XZCE,5208,5200,5230,632,16472580,18346,18344,5454,4934,5194,5186,0,5230,0,0,0,2017-04-14,32616000,5206,12,0,0,0,0,0,0,0,0,5208,39,0,0,0,0,0,0,0,0
189,2017-04-14,09:03:38,0,SF705,XZCE,5208,5200,5230,632,16472580,18346,18344,5454,4934,5194,5186,0,5230,0,0,0,2017-04-14,32618000,5206,9,0,0,0,0,0,0,0,0,5208,39,0,0,0,0,0,0,0,0
190,2017-04-14,09:03:39,0,SF705,XZCE,5208,5200,5230,636,16576740,18346,18344,5454,4934,5194,5186,0,5230,0,0,0,2017-04-14,32619000,5206,9,0,0,0,0,0,0,0,0,5208,37,0,0,0,0,0,0,0,0
191,2017-04-14,09:03:39,0,SF705,XZCE,5208,5200,5230,636,16576740,18346,18344,5454,4934,5194,5186,0,5230,0,0,0,2017-04-14,32619000,5206,10,0,0,0,0,0,0,0,0,5208,37,0,0,0,0,0,0,0,0
192,2017-04-14,09:03:43,0,SF705,XZCE,5208,5200,5230,636,16576740,18346,18344,5454,4934,5194,5186,0,5230,0,0,0,2017-04-14,32623000,5206,11,0,0,0,0,0,0,0,0,5208,37,0,0,0,0,0,0,0,0
193,2017-04-14,09:03:44,0,SF705,XZCE,5208,5200,5230,648,16889220,18346,18344,5454,4934,5194,5186,0,5230,0,0,0,2017-04-14,32624000,5206,11,0,0,0,0,0,0,0,0,5208,31,0,0,0,0,0,0,0,0
194,2017-04-14,09:03:45,0,SF705,XZCE,5208,5200,5230,648,16889220,18346,18344,5454,4934,5194,5186,0,5230,0,0,0,2017-04-14,32625000,5206,12,0,0,0,0,0,0,0,0,5208,31,0,0,0,0,0,0,0,0
195,2017-04-14,09:03:48,0,SF705,XZCE,5208,5200,5230,648,16889220,18346,18344,5454,4934,5194,5186,0,5230,0,0,0,2017-04-14,32628000,5206,17,0,0,0,0,0,0,0,0,5208,33,0,0,0,0,0,0,0,0
196,2017-04-14,09:03:50,0,SF705,XZCE,5208,5200,5230,648,16889220,18346,18344,5454,4934,5194,5186,0,5230,0,0,0,2017-04-14,32630000,5206,18,0,0,0,0,0,0,0,0,5208,33,0,0,0,0,0,0,0,0
197,2017-04-14,09:03:55,0,SF705,XZCE,5208,5200,5230,652,16993380,18346,18344,5454,4934,5194,5186,0,5230,0,0,0,2017-04-14,32635000,5206,18,0,0,0,0,0,0,0,0,5208,31,0,0,0,0,0,0,0,0
198,2017-04-14,09:03:56,0,SF705,XZCE,5208,5200,5230,654,17045460,18346,18344,5454,4934,5194,5186,0,5230,0,0,0,2017-04-14,32636000,5206,18,0,0,0,0,0,0,0,0,5208,30,0,0,0,0,0,0,0,0
199,2017-04-14,09:03:57,0,SF705,XZCE,5208,5200,5230,654,17045460,18346,18344,5454,4934,5194,5186,0,5230,0,0,0,2017-04-14,32637000,5206,19,0,0,0,0,0,0,0,0,5208,30,0,0,0,0,0,0,0,0
200,2017-04-14,09:03:58,0,SF705,XZCE,5208,5200,5230,686,17878740,18346,18344,5454,4934,5194,5186,0,5230,0,0,0,2017-04-14,32638000,5206,19,0,0,0,0,0,0,0,0,5208,14,0,0,0,0,0,0,0,0
201,2017-04-14,09:03:59,0,SF705,XZCE,5208,5200,5230,688,17930820,18344,18344,5454,4934,5194,5186,0,5230,0,0,0,2017-04-14,32639000,5206,19,0,0,0,0,0,0,0,0,5208,13,0,0,0,0,0,0,0,0
202,2017-04-14,09:04:02,0,SF705,XZCE,5208,5200,5230,688,17930820,18344,18344,5454,4934,5194,5186,0,5230,0,0,0,2017-04-14,32642000,5206,20,0,0,0,0,0,0,0,0,5208,13,0,0,0,0,0,0,0,0
203,2017-04-14,09:04:07,0,SF705,XZCE,5208,5200,5230,688,17930820,18344,18344,5454,4934,5194,5186,0,5230,0,0,0,2017-04-14,32647000,5206,21,0,0,0,0,0,0,0,0,5208,13,0,0,0,0,0,0,0,0
204,2017-04-14,09:04:12,0,SF705,XZCE,5208,5200,5230,690,17982900,18344,18344,5454,4934,5194,5186,0,5230,0,0,0,2017-04-14,32652000,5206,26,0,0,0,0,0,0,0,0,5208,12,0,0,0,0,0,0,0,0
205,2017-04-14,09:04:15,0,SF705,XZCE,5208,5200,5230,690,17982900,18344,18344,5454,4934,5194,5186,0,5230,0,0,0,2017-04-14,32655000,5206,25,0,0,0,0,0,0,0,0,5208,12,0,0,0,0,0,0,0,0
206,2017-04-14,09:04:24,0,SF705,XZCE,5208,5200,5230,702,18295380,18332,18344,5454,4934,5194,5186,0,5230,0,0,0,2017-04-14,32664000,5206,25,0,0,0,0,0,0,0,0,5208,6,0,0,0,0,0,0,0,0
207,2017-04-14,09:04:25,0,SF705,XZCE,5208,5200,5230,702,18295380,18332,18344,5454,4934,5194,5186,0,5230,0,0,0,2017-04-14,32665000,5206,25,0,0,0,0,0,0,0,0,5208,5,0,0,0,0,0,0,0,0
208,2017-04-14,09:04:26,0,SF705,XZCE,5208,5200,5230,704,18347460,18332,18344,5454,4934,5194,5186,0,5230,0,0,0,2017-04-14,32666000,5206,25,0,0,0,0,0,0,0,0,5208,4,0,0,0,0,0,0,0,0
209,2017-04-14,09:04:28,0,SF705,XZCE,5206,5200,5230,706,18399520,18330,18344,5454,4934,5194,5186,0,5230,0,0,0,2017-04-14,32668000,5206,24,0,0,0,0,0,0,0,0,5208,4,0,0,0,0,0,0,0,0
210,2017-04-14,09:04:30,0,SF705,XZCE,5206,5200,5230,706,18399520,18330,18344,5454,4934,5194,5186,0,5230,0,0,0,2017-04-14,32670000,5206,25,0,0,0,0,0,0,0,0,5208,4,0,0,0,0,0,0,0,0
211,2017-04-14,09:04:33,0,SF705,XZCE,5206,5200,5230,708,18451580,18328,18344,5454,4934,5194,5186,0,5230,0,0,0,2017-04-14,32673000,5206,24,0,0,0,0,0,0,0,0,5208,4,0,0,0,0,0,0,0,0
212,2017-04-14,09:04:33,0,SF705,XZCE,5206,5200,5230,708,18451580,18328,18344,5454,4934,5194,5186,0,5230,0,0,0,2017-04-14,32673000,5206,32,0,0,0,0,0,0,0,0,5208,4,0,0,0,0,0,0,0,0
213,2017-04-14,09:04:40,0,SF705,XZCE,5206,5200,5230,710,18503640,18328,18344,5454,4934,5194,5186,0,5230,0,0,0,2017-04-14,32680000,5206,31,0,0,0,0,0,0,0,0,5208,5,0,0,0,0,0,0,0,0
214,2017-04-14,09:04:47,0,SF705,XZCE,5206,5200,5230,774,20169560,18312,18344,5454,4934,5194,5186,0,5230,0,0,0,2017-04-14,32687000,5204,3,0,0,0,0,0,0,0,0,5206,1,0,0,0,0,0,0,0,0
215,2017-04-14,09:04:47,0,SF705,XZCE,5208,5200,5230,778,20273720,18308,18344,5454,4934,5194,5186,0,5230,0,0,0,2017-04-14,32687000,5204,2,0,0,0,0,0,0,0,0,5208,3,0,0,0,0,0,0,0,0
216,2017-04-14,09:04:49,0,SF705,XZCE,5208,5200,5230,778,20273720,18308,18344,5454,4934,5194,5186,0,5230,0,0,0,2017-04-14,32689000,5204,2,0,0,0,0,0,0,0,0,5206,7,0,0,0,0,0,0,0,0
217,2017-04-14,09:04:52,0,SF705,XZCE,5206,5200,5230,782,20377840,18306,18344,5454,4934,5194,5186,0,5230,0,0,0,2017-04-14,32692000,5204,2,0,0,0,0,0,0,0,0,5206,5,0,0,0,0,0,0,0,0
218,2017-04-14,09:04:56,0,SF705,XZCE,5206,5200,5230,784,20429900,18308,18344,5454,4934,5194,5186,0,5230,0,0,0,2017-04-14,32696000,5204,2,0,0,0,0,0,0,0,0,5208,23,0,0,0,0,0,0,0,0
219,2017-04-14,09:04:56,0,SF705,XZCE,5208,5200,5230,786,20481980,18308,18344,5454,4934,5194,5186,0,5230,0,0,0,2017-04-14,32696000,5204,2,0,0,0,0,0,0,0,0,5208,22,0,0,0,0,0,0,0,0
220,2017-04-14,09:04:57,0,SF705,XZCE,5208,5200,5230,786,20481980,18308,18344,5454,4934,5194,5186,0,5230,0,0,0,2017-04-14,32697000,5206,2,0,0,0,0,0,0,0,0,5208,22,0,0,0,0,0,0,0,0
221,2017-04-14,09:05:00,0,SF705,XZCE,5206,5200,5230,790,20586100,18308,18344,5454,4934,5194,5186,0,5230,0,0,0,2017-04-14,32700000,5204,3,0,0,0,0,0,0,0,0,5206,7,0,0,0,0,0,0,0,0
222,2017-04-14,09:05:00,0,SF705,XZCE,5206,5200,5230,790,20586100,18308,18344,5454,4934,5194,5186,0,5230,0,0,0,2017-04-14,32700000,5204,3,0,0,0,0,0,0,0,0,5206,11,0,0,0,0,0,0,0,0
223,2017-04-14,09:05:00,0,SF705,XZCE,5206,5200,5230,792,20638160,18308,18344,5454,4934,5194,5186,0,5230,0,0,0,2017-04-14,32700000,5204,3,0,0,0,0,0,0,0,0,5206,10,0,0,0,0,0,0,0,0
224,2017-04-14,09:05:02,0,SF705,XZCE,5204,5200,5230,804,20950400,18318,18344,5454,4934,5194,5186,0,5230,0,0,0,2017-04-14,32702000,5202,1,0,0,0,0,0,0,0,0,5204,5,0,0,0,0,0,0,0,0
225,2017-04-14,09:05:03,0,SF705,XZCE,5204,5200,5230,806,21002440,18318,18344,5454,4934,5194,5186,0,5230,0,0,0,2017-04-14,32703000,5202,1,0,0,0,0,0,0,0,0,5204,4,0,0,0,0,0,0,0,0
226,2017-04-14,09:05:04,0,SF705,XZCE,5204,5200,5230,808,21054480,18320,18344,5454,4934,5194,5186,0,5230,0,0,0,2017-04-14,32704000,5202,1,0,0,0,0,0,0,0,0,5204,3,0,0,0,0,0,0,0,0
227,2017-04-14,09:05:04,0,SF705,XZCE,5202,5200,5230,810,21106500,18322,18344,5454,4934,5194,5186,0,5230,0,0,0,2017-04-14,32704000,5200,23,0,0,0,0,0,0,0,0,5204,3,0,0,0,0,0,0,0,0
228,2017-04-14,09:05:05,0,SF705,XZCE,5204,5200,5230,816,21262620,18326,18344,5454,4934,5194,5186,0,5230,0,0,0,2017-04-14,32705000,5204,31,0,0,0,0,0,0,0,0,5206,10,0,0,0,0,0,0,0,0
229,2017-04-14,09:05:08,0,SF705,XZCE,5204,5200,5230,818,21314660,18326,18344,5454,4934,5194,5186,0,5230,0,0,0,2017-04-14,32708000,5204,30,0,0,0,0,0,0,0,0,5206,10,0,0,0,0,0,0,0,0
230,2017-04-14,09:05:08,0,SF705,XZCE,5204,5200,5230,820,21366700,18328,18344,5454,4934,5194,5186,0,5230,0,0,0,2017-04-14,32708000,5204,29,0,0,0,0,0,0,0,0,5206,10,0,0,0,0,0,0,0,0
231,2017-04-14,09:05:14,0,SF705,XZCE,5204,5200,5230,820,21366700,18328,18344,5454,4934,5194,5186,0,5230,0,0,0,2017-04-14,32714000,5204,30,0,0,0,0,0,0,0,0,5206,10,0,0,0,0,0,0,0,0
232,2017-04-14,09:05:14,0,SF705,XZCE,5204,5200,5230,820,21366700,18328,18344,5454,4934,5194,5186,0,5230,0,0,0,2017-04-14,32714000,5204,32,0,0,0,0,0,0,0,0,5206,10,0,0,0,0,0,0,0,0
233,2017-04-14,09:05:15,0,SF705,XZCE,5206,5200,5230,840,21887300,18328,18344,5454,4934,5194,5186,0,5230,0,0,0,2017-04-14,32715000,5204,32,0,0,0,0,0,0,0,0,5208,23,0,0,0,0,0,0,0,0
234,2017-04-14,09:05:16,0,SF705,XZCE,5206,5200,5230,840,21887300,18328,18344,5454,4934,5194,5186,0,5230,0,0,0,2017-04-14,32716000,5204,32,0,0,0,0,0,0,0,0,5208,21,0,0,0,0,0,0,0,0
235,2017-04-14,09:05:19,0,SF705,XZCE,5206,5200,5230,840,21887300,18328,18344,5454,4934,5194,5186,0,5230,0,0,0,2017-04-14,32719000,5206,1,0,0,0,0,0,0,0,0,5208,21,0,0,0,0,0,0,0,0
236,2017-04-14,09:05:23,0,SF705,XZCE,5208,5200,5230,842,21939380,18326,18344,5454,4934,5194,5186,0,5230,0,0,0,2017-04-14,32723000,5206,1,0,0,0,0,0,0,0,0,5208,20,0,0,0,0,0,0,0,0
237,2017-04-14,09:05:25,0,SF705,XZCE,5206,5200,5230,844,21991440,18328,18344,5454,4934,5194,5186,0,5230,0,0,0,2017-04-14,32725000,5204,32,0,0,0,0,0,0,0,0,5208,20,0,0,0,0,0,0,0,0
238,2017-04-14,09:05:26,0,SF705,XZCE,5206,5200,5230,844,21991440,18328,18344,5454,4934,5194,5186,0,5230,0,0,0,2017-04-14,32726000,5206,1,0,0,0,0,0,0,0,0,5208,20,0,0,0,0,0,0,0,0
239,2017-04-14,09:05:28,0,SF705,XZCE,5206,5200,5230,846,22043500,18330,18344,5454,4934,5194,5186,0,5230,0,0,0,2017-04-14,32728000,5204,32,0,0,0,0,0,0,0,0,5208,20,0,0,0,0,0,0,0,0
240,2017-04-14,09:05:32,0,SF705,XZCE,5208,5200,5230,848,22095580,18330,18344,5454,4934,5194,5186,0,5230,0,0,0,2017-04-14,32732000,5204,32,0,0,0,0,0,0,0,0,5208,19,0,0,0,0,0,0,0,0
241,2017-04-14,09:05:44,0,SF705,XZCE,5208,5200,5230,850,22147660,18328,18344,5454,4934,5194,5186,0,5230,0,0,0,2017-04-14,32744000,5206,1,0,0,0,0,0,0,0,0,5208,18,0,0,0,0,0,0,0,0
242,2017-04-14,09:05:45,0,SF705,XZCE,5208,5200,5230,850,22147660,18328,18344,5454,4934,5194,5186,0,5230,0,0,0,2017-04-14,32745000,5206,2,0,0,0,0,0,0,0,0,5208,18,0,0,0,0,0,0,0,0
243,2017-04-14,09:05:47,0,SF705,XZCE,5208,5200,5230,850,22147660,18328,18344,5454,4934,5194,5186,0,5230,0,0,0,2017-04-14,32747000,5206,3,0,0,0,0,0,0,0,0,5208,18,0,0,0,0,0,0,0,0
244,2017-04-14,09:05:49,0,SF705,XZCE,5208,5200,5230,850,22147660,18328,18344,5454,4934,5194,5186,0,5230,0,0,0,2017-04-14,32749000,5206,8,0,0,0,0,0,0,0,0,5208,18,0,0,0,0,0,0,0,0
245,2017-04-14,09:05:51,0,SF705,XZCE,5208,5200,5230,850,22147660,18328,18344,5454,4934,5194,5186,0,5230,0,0,0,2017-04-14,32751000,5206,9,0,0,0,0,0,0,0,0,5208,18,0,0,0,0,0,0,0,0
246,2017-04-14,09:05:54,0,SF705,XZCE,5208,5200,5230,850,22147660,18328,18344,5454,4934,5194,5186,0,5230,0,0,0,2017-04-14,32754000,5206,10,0,0,0,0,0,0,0,0,5208,18,0,0,0,0,0,0,0,0
247,2017-04-14,09:05:55,0,SF705,XZCE,5208,5200,5230,850,22147660,18328,18344,5454,4934,5194,5186,0,5230,0,0,0,2017-04-14,32755000,5206,5,0,0,0,0,0,0,0,0,5208,18,0,0,0,0,0,0,0,0
248,2017-04-14,09:05:59,0,SF705,XZCE,5208,5200,5230,860,22408060,18328,18344,5454,4934,5194,5186,0,5230,0,0,0,2017-04-14,32759000,5206,5,0,0,0,0,0,0,0,0,5208,13,0,0,0,0,0,0,0,0
249,2017-04-14,09:06:00,0,SF705,XZCE,5206,5200,5230,866,22564240,18326,18344,5454,4934,5194,5186,0,5230,0,0,0,2017-04-14,32760000,5206,2,0,0,0,0,0,0,0,0,5208,14,0,0,0,0,0,0,0,0
250,2017-04-14,09:06:01,0,SF705,XZCE,5206,5200,5230,870,22668360,18326,18344,5454,4934,5194,5186,0,5230,0,0,0,2017-04-14,32761000,5204,32,0,0,0,0,0,0,0,0,5206,3,0,0,0,0,0,0,0,0
251,2017-04-14,09:06:03,0,SF705,XZCE,5206,5200,5230,872,22720420,18324,18344,5454,4934,5194,5186,0,5230,0,0,0,2017-04-14,32763000,5204,32,0,0,0,0,0,0,0,0,5206,2,0,0,0,0,0,0,0,0
252,2017-04-14,09:06:06,0,SF705,XZCE,5206,5200,5230,876,22824540,18324,18344,5454,4934,5194,5186,0,5230,0,0,0,2017-04-14,32766000,5204,32,0,0,0,0,0,0,0,0,5208,14,0,0,0,0,0,0,0,0
253,2017-04-14,09:06:07,0,SF705,XZCE,5206,5200,5230,876,22824540,18324,18344,5454,4934,5194,5186,0,5230,0,0,0,2017-04-14,32767000,5206,1,0,0,0,0,0,0,0,0,5208,14,0,0,0,0,0,0,0,0
254,2017-04-14,09:06:09,0,SF705,XZCE,5206,5200,5230,880,22928660,18326,18344,5454,4934,5194,5186,0,5230,0,0,0,2017-04-14,32769000,5204,32,0,0,0,0,0,0,0,0,5208,14,0,0,0,0,0,0,0,0
255,2017-04-14,09:06:10,0,SF705,XZCE,5206,5200,5230,880,22928660,18326,18344,5454,4934,5194,5186,0,5230,0,0,0,2017-04-14,32770000,5204,32,0,0,0,0,0,0,0,0,5206,10,0,0,0,0,0,0,0,0
256,2017-04-14,09:06:16,0,SF705,XZCE,5204,5200,5230,920,23969460,18326,18344,5454,4934,5194,5186,0,5230,0,0,0,2017-04-14,32776000,5204,12,0,0,0,0,0,0,0,0,5206,10,0,0,0,0,0,0,0,0
257,2017-04-14,09:06:16,0,SF705,XZCE,5204,5200,5230,926,24125580,18326,18344,5454,4934,5194,5186,0,5230,0,0,0,2017-04-14,32776000,5204,9,0,0,0,0,0,0,0,0,5208,14,0,0,0,0,0,0,0,0
258,2017-04-14,09:06:17,0,SF705,XZCE,5204,5200,5230,926,24125580,18326,18344,5454,4934,5194,5186,0,5230,0,0,0,2017-04-14,32777000,5204,9,0,0,0,0,0,0,0,0,5206,1,0,0,0,0,0,0,0,0
259,2017-04-14,09:06:25,0,SF705,XZCE,5204,5200,5230,928,24177620,18326,18344,5454,4934,5194,5186,0,5230,0,0,0,2017-04-14,32785000,5204,8,0,0,0,0,0,0,0,0,5206,1,0,0,0,0,0,0,0,0
260,2017-04-14,09:06:26,0,SF705,XZCE,5204,5200,5230,948,24698020,18328,18344,5454,4934,5194,5186,0,5230,0,0,0,2017-04-14,32786000,5204,1,0,0,0,0,0,0,0,0,5206,2,0,0,0,0,0,0,0,0
261,2017-04-14,09:06:26,0,SF705,XZCE,5204,5200,5230,950,24750060,18328,18344,5454,4934,5194,5186,0,5230,0,0,0,2017-04-14,32786000,5202,1,0,0,0,0,0,0,0,0,5206,8,0,0,0,0,0,0,0,0
262,2017-04-14,09:06:28,0,SF705,XZCE,5204,5200,5230,950,24750060,18328,18344,5454,4934,5194,5186,0,5230,0,0,0,2017-04-14,32788000,5202,1,0,0,0,0,0,0,0,0,5204,5,0,0,0,0,0,0,0,0
263,2017-04-14,09:06:36,0,SF705,XZCE,5204,5200,5230,950,24750060,18328,18344,5454,4934,5194,5186,0,5230,0,0,0,2017-04-14,32796000,5202,1,0,0,0,0,0,0,0,0,5206,8,0,0,0,0,0,0,0,0
264,2017-04-14,09:06:39,0,SF705,XZCE,5202,5200,5230,952,24802080,18330,18344,5454,4934,5194,5186,0,5230,0,0,0,2017-04-14,32799000,5200,23,0,0,0,0,0,0,0,0,5206,9,0,0,0,0,0,0,0,0
265,2017-04-14,09:06:43,0,SF705,XZCE,5202,5200,5230,952,24802080,18330,18344,5454,4934,5194,5186,0,5230,0,0,0,2017-04-14,32803000,5202,1,0,0,0,0,0,0,0,0,5206,8,0,0,0,0,0,0,0,0
266,2017-04-14,09:06:47,0,SF705,XZCE,5202,5200,5230,954,24854100,18330,18344,5454,4934,5194,5186,0,5230,0,0,0,2017-04-14,32807000,5200,23,0,0,0,0,0,0,0,0,5202,5,0,0,0,0,0,0,0,0
267,2017-04-14,09:06:51,0,SF705,XZCE,5200,5200,5230,1000,26050100,18330,18344,5454,4934,5194,5186,0,5230,0,0,0,2017-04-14,32811000,5196,1,0,0,0,0,0,0,0,0,5200,7,0,0,0,0,0,0,0,0
268,2017-04-14,09:06:51,0,SF705,XZCE,5196,5196,5230,1002,26102060,18330,18344,5454,4934,5194,5186,0,5230,0,0,0,2017-04-14,32811000,5194,1,0,0,0,0,0,0,0,0,5200,7,0,0,0,0,0,0,0,0
269,2017-04-14,09:06:51,0,SF705,XZCE,5194,5194,5230,1006,26205940,18328,18344,5454,4934,5194,5186,0,5230,0,0,0,2017-04-14,32811000,5190,4,0,0,0,0,0,0,0,0,5194,3,0,0,0,0,0,0,0,0
270,2017-04-14,09:06:52,0,SF705,XZCE,5194,5194,5230,1008,26257880,18328,18344,5454,4934,5194,5186,0,5230,0,0,0,2017-04-14,32812000,5190,4,0,0,0,0,0,0,0,0,5194,2,0,0,0,0,0,0,0,0
271,2017-04-14,09:06:54,0,SF705,XZCE,5194,5194,5230,1008,26257880,18328,18344,5454,4934,5194,5186,0,5230,0,0,0,2017-04-14,32814000,5192,2,0,0,0,0,0,0,0,0,5194,2,0,0,0,0,0,0,0,0
272,2017-04-14,09:06:54,0,SF705,XZCE,5194,5194,5230,1012,26361760,18324,18344,5454,4934,5194,5186,0,5230,0,0,0,2017-04-14,32814000,5194,2,0,0,0,0,0,0,0,0,5200,9,0,0,0,0,0,0,0,0
273,2017-04-14,09:06:55,0,SF705,XZCE,5194,5194,5230,1012,26361760,18324,18344,5454,4934,5194,5186,0,5230,0,0,0,2017-04-14,32815000,5194,1,0,0,0,0,0,0,0,0,5200,9,0,0,0,0,0,0,0,0
274,2017-04-14,09:06:56,0,SF705,XZCE,5194,5194,5230,1012,26361760,18324,18344,5454,4934,5194,5186,0,5230,0,0,0,2017-04-14,32816000,5194,1,0,0,0,0,0,0,0,0,5198,10,0,0,0,0,0,0,0,0
275,2017-04-14,09:06:57,0,SF705,XZCE,5198,5194,5230,1014,26413740,18322,18344,5454,4934,5194,5186,0,5230,0,0,0,2017-04-14,32817000,5194,1,0,0,0,0,0,0,0,0,5198,9,0,0,0,0,0,0,0,0
276,2017-04-14,09:06:58,0,SF705,XZCE,5198,5194,5230,1018,26517700,18318,18344,5454,4934,5194,5186,0,5230,0,0,0,2017-04-14,32818000,5194,1,0,0,0,0,0,0,0,0,5198,7,0,0,0,0,0,0,0,0
277,2017-04-14,09:06:59,0,SF705,XZCE,5194,5194,5230,1022,26621580,18316,18344,5454,4934,5194,5186,0,5230,0,0,0,2017-04-14,32819000,5194,1,0,0,0,0,0,0,0,0,5196,1,0,0,0,0,0,0,0,0
278,2017-04-14,09:06:59,0,SF705,XZCE,5194,5194,5230,1022,26621580,18316,18344,5454,4934,5194,5186,0,5230,0,0,0,2017-04-14,32819000,5192,7,0,0,0,0,0,0,0,0,5196,1,0,0,0,0,0,0,0,0
279,2017-04-14,09:07:04,0,SF705,XZCE,5196,5194,5230,1024,26673540,18316,18344,5454,4934,5194,5186,0,5230,0,0,0,2017-04-14,32824000,5194,1,0,0,0,0,0,0,0,0,5198,7,0,0,0,0,0,0,0,0
280,2017-04-14,09:07:05,0,SF705,XZCE,5196,5194,5230,1024,26673540,18316,18344,5454,4934,5194,5186,0,5230,0,0,0,2017-04-14,32825000,5194,1,0,0,0,0,0,0,0,0,5196,2,0,0,0,0,0,0,0,0
281,2017-04-14,09:07:10,0,SF705,XZCE,5196,5194,5230,1028,26777460,18318,18344,5454,4934,5194,5186,0,5230,0,0,0,2017-04-14,32830000,5196,3,0,0,0,0,0,0,0,0,5198,7,0,0,0,0,0,0,0,0
282,2017-04-14,09:07:12,0,SF705,XZCE,5196,5194,5230,1028,26777460,18318,18344,5454,4934,5194,5186,0,5230,0,0,0,2017-04-14,32832000,5196,4,0,0,0,0,0,0,0,0,5198,7,0,0,0,0,0,0,0,0
283,2017-04-14,09:07:13,0,SF705,XZCE,5198,5194,5230,1036,26985380,18318,18344,5454,4934,5194,5186,0,5230,0,0,0,2017-04-14,32833000,5196,5,0,0,0,0,0,0,0,0,5198,3,0,0,0,0,0,0,0,0
284,2017-04-14,09:07:15,0,SF705,XZCE,5198,5194,5230,1042,27141320,18318,18344,5454,4934,5194,5186,0,5230,0,0,0,2017-04-14,32835000,5198,7,0,0,0,0,0,0,0,0,5200,9,0,0,0,0,0,0,0,0
285,2017-04-14,09:07:16,0,SF705,XZCE,5198,5194,5230,1042,27141320,18318,18344,5454,4934,5194,5186,0,5230,0,0,0,2017-04-14,32836000,5198,7,0,0,0,0,0,0,0,0,5200,6,0,0,0,0,0,0,0,0
286,2017-04-14,09:07:20,0,SF705,XZCE,5198,5194,5230,1046,27245280,18320,18344,5454,4934,5194,5186,0,5230,0,0,0,2017-04-14,32840000,5198,5,0,0,0,0,0,0,0,0,5200,6,0,0,0,0,0,0,0,0
287,2017-04-14,09:07:20,0,SF705,XZCE,5198,5194,5230,1050,27349240,18324,18344,5454,4934,5194,5186,0,5230,0,0,0,2017-04-14,32840000,5198,4,0,0,0,0,0,0,0,0,5200,6,0,0,0,0,0,0,0,0
288,2017-04-14,09:07:22,0,SF705,XZCE,5200,5194,5230,1060,27609240,18330,18344,5454,4934,5194,5186,0,5230,0,0,0,2017-04-14,32842000,5198,1,0,0,0,0,0,0,0,0,5200,4,0,0,0,0,0,0,0,0
289,2017-04-14,09:07:22,0,SF705,XZCE,5200,5194,5230,1066,27765240,18328,18344,5454,4934,5194,5186,0,5230,0,0,0,2017-04-14,32842000,5196,5,0,0,0,0,0,0,0,0,5200,5,0,0,0,0,0,0,0,0
290,2017-04-14,09:07:23,0,SF705,XZCE,5200,5194,5230,1066,27765240,18328,18344,5454,4934,5194,5186,0,5230,0,0,0,2017-04-14,32843000,5196,5,0,0,0,0,0,0,0,0,5198,3,0,0,0,0,0,0,0,0
291,2017-04-14,09:07:24,0,SF705,XZCE,5200,5194,5230,1066,27765240,18328,18344,5454,4934,5194,5186,0,5230,0,0,0,2017-04-14,32844000,5196,5,0,0,0,0,0,0,0,0,5198,4,0,0,0,0,0,0,0,0
292,2017-04-14,09:07:25,0,SF705,XZCE,5200,5194,5230,1066,27765240,18328,18344,5454,4934,5194,5186,0,5230,0,0,0,2017-04-14,32845000,5196,4,0,0,0,0,0,0,0,0,5198,4,0,0,0,0,0,0,0,0
293,2017-04-14,09:07:26,0,SF705,XZCE,5196,5194,5230,1068,27817200,18328,18344,5454,4934,5194,5186,0,5230,0,0,0,2017-04-14,32846000,5196,3,0,0,0,0,0,0,0,0,5198,4,0,0,0,0,0,0,0,0
294,2017-04-14,09:07:28,0,SF705,XZCE,5196,5194,5230,1072,27921120,18328,18344,5454,4934,5194,5186,0,5230,0,0,0,2017-04-14,32848000,5196,1,0,0,0,0,0,0,0,0,5198,4,0,0,0,0,0,0,0,0
295,2017-04-14,09:07:32,0,SF705,XZCE,5196,5194,5230,1072,27921120,18328,18344,5454,4934,5194,5186,0,5230,0,0,0,2017-04-14,32852000,5196,5,0,0,0,0,0,0,0,0,5198,4,0,0,0,0,0,0,0,0
296,2017-04-14,09:07:33,0,SF705,XZCE,5196,5194,5230,1082,28180920,18328,18344,5454,4934,5194,5186,0,5230,0,0,0,2017-04-14,32853000,5192,5,0,0,0,0,0,0,0,0,5198,7,0,0,0,0,0,0,0,0
297,2017-04-14,09:07:38,0,SF705,XZCE,5198,5194,5230,1084,28232900,18330,18344,5454,4934,5194,5186,0,5230,0,0,0,2017-04-14,32858000,5192,3,0,0,0,0,0,0,0,0,5198,6,0,0,0,0,0,0,0,0
298,2017-04-14,09:07:40,0,SF705,XZCE,5198,5194,5230,1084,28232900,18330,18344,5454,4934,5194,5186,0,5230,0,0,0,2017-04-14,32860000,5194,1,0,0,0,0,0,0,0,0,5198,6,0,0,0,0,0,0,0,0
299,2017-04-14,09:07:41,0,SF705,XZCE,5198,5194,5230,1084,28232900,18330,18344,5454,4934,5194,5186,0,5230,0,0,0,2017-04-14,32861000,5194,1,0,0,0,0,0,0,0,0,5198,5,0,0,0,0,0,0,0,0
300,2017-04-14,09:07:43,0,SF705,XZCE,5198,5194,5230,1084,28232900,18330,18344,5454,4934,5194,5186,0,5230,0,0,0,2017-04-14,32863000,5194,1,0,0,0,0,0,0,0,0,5198,9,0,0,0,0,0,0,0,0
301,2017-04-14,09:07:45,0,SF705,XZCE,5198,5194,5230,1084,28232900,18330,18344,5454,4934,5194,5186,0,5230,0,0,0,2017-04-14,32865000,5194,1,0,0,0,0,0,0,0,0,5198,11,0,0,0,0,0,0,0,0
302,2017-04-14,09:07:45,0,SF705,XZCE,5198,5194,5230,1084,28232900,18330,18344,5454,4934,5194,5186,0,5230,0,0,0,2017-04-14,32865000,5194,2,0,0,0,0,0,0,0,0,5198,11,0,0,0,0,0,0,0,0
303,2017-04-14,09:07:49,0,SF705,XZCE,5198,5194,5230,1096,28544780,18332,18344,5454,4934,5194,5186,0,5230,0,0,0,2017-04-14,32869000,5194,2,0,0,0,0,0,0,0,0,5198,5,0,0,0,0,0,0,0,0
304,2017-04-14,09:07:49,0,SF705,XZCE,5198,5194,5230,1096,28544780,18332,18344,5454,4934,5194,5186,0,5230,0,0,0,2017-04-14,32869000,5194,3,0,0,0,0,0,0,0,0,5198,5,0,0,0,0,0,0,0,0
305,2017-04-14,09:07:53,0,SF705,XZCE,5198,5194,5230,1096,28544780,18332,18344,5454,4934,5194,5186,0,5230,0,0,0,2017-04-14,32873000,5194,4,0,0,0,0,0,0,0,0,5198,5,0,0,0,0,0,0,0,0
306,2017-04-14,09:07:58,0,SF705,XZCE,5194,5194,5230,1108,28856420,18326,18344,5454,4934,5194,5186,0,5230,0,0,0,2017-04-14,32878000,5194,1,0,0,0,0,0,0,0,0,5198,5,0,0,0,0,0,0,0,0
307,2017-04-14,09:07:58,0,SF705,XZCE,5194,5194,5230,1108,28856420,18326,18344,5454,4934,5194,5186,0,5230,0,0,0,2017-04-14,32878000,5194,1,0,0,0,0,0,0,0,0,5198,6,0,0,0,0,0,0,0,0
308,2017-04-14,09:08:00,0,SF705,XZCE,5194,5194,5230,1110,28908360,18326,18344,5454,4934,5194,5186,0,5230,0,0,0,2017-04-14,32880000,5192,2,0,0,0,0,0,0,0,0,5198,6,0,0,0,0,0,0,0,0
309,2017-04-14,09:08:03,0,SF705,XZCE,5194,5194,5230,1110,28908360,18326,18344,5454,4934,5194,5186,0,5230,0,0,0,2017-04-14,32883000,5194,3,0,0,0,0,0,0,0,0,5198,6,0,0,0,0,0,0,0,0
310,2017-04-14,09:08:06,0,SF705,XZCE,5194,5194,5230,1110,28908360,18326,18344,5454,4934,5194,5186,0,5230,0,0,0,2017-04-14,32886000,5194,4,0,0,0,0,0,0,0,0,5198,6,0,0,0,0,0,0,0,0
311,2017-04-14,09:08:12,0,SF705,XZCE,5194,5194,5230,1110,28908360,18326,18344,5454,4934,5194,5186,0,5230,0,0,0,2017-04-14,32892000,5194,4,0,0,0,0,0,0,0,0,5198,3,0,0,0,0,0,0,0,0
312,2017-04-14,09:08:13,0,SF705,XZCE,5194,5194,5230,1110,28908360,18326,18344,5454,4934,5194,5186,0,5230,0,0,0,2017-04-14,32893000,5194,6,0,0,0,0,0,0,0,0,5198,3,0,0,0,0,0,0,0,0
313,2017-04-14,09:08:18,0,SF705,XZCE,5194,5194,5230,1110,28908360,18326,18344,5454,4934,5194,5186,0,5230,0,0,0,2017-04-14,32898000,5194,9,0,0,0,0,0,0,0,0,5198,3,0,0,0,0,0,0,0,0
314,2017-04-14,09:08:19,0,SF705,XZCE,5194,5194,5230,1112,28960300,18326,18344,5454,4934,5194,5186,0,5230,0,0,0,2017-04-14,32899000,5194,8,0,0,0,0,0,0,0,0,5198,3,0,0,0,0,0,0,0,0
315,2017-04-14,09:08:22,0,SF705,XZCE,5194,5194,5230,1128,29375820,18322,18344,5454,4934,5194,5186,0,5230,0,0,0,2017-04-14,32902000,5192,2,0,0,0,0,0,0,0,0,5194,6,0,0,0,0,0,0,0,0
316,2017-04-14,09:08:32,0,SF705,XZCE,5194,5194,5230,1140,29687460,18310,18344,5454,4934,5194,5186,0,5230,0,0,0,2017-04-14,32912000,5192,2,0,0,0,0,0,0,0,0,5194,5,0,0,0,0,0,0,0,0
317,2017-04-14,09:08:32,0,SF705,XZCE,5194,5194,5230,1142,29739400,18310,18344,5454,4934,5194,5186,0,5230,0,0,0,2017-04-14,32912000,5192,2,0,0,0,0,0,0,0,0,5194,4,0,0,0,0,0,0,0,0
318,2017-04-14,09:08:33,0,SF705,XZCE,5194,5194,5230,1142,29739400,18310,18344,5454,4934,5194,5186,0,5230,0,0,0,2017-04-14,32913000,5192,3,0,0,0,0,0,0,0,0,5194,4,0,0,0,0,0,0,0,0
319,2017-04-14,09:08:37,0,SF705,XZCE,5194,5194,5230,1144,29791340,18310,18344,5454,4934,5194,5186,0,5230,0,0,0,2017-04-14,32917000,5192,3,0,0,0,0,0,0,0,0,5194,3,0,0,0,0,0,0,0,0
320,2017-04-14,09:08:39,0,SF705,XZCE,5194,5194,5230,1150,29947160,18310,18344,5454,4934,5194,5186,0,5230,0,0,0,2017-04-14,32919000,5192,3,0,0,0,0,0,0,0,0,5198,8,0,0,0,0,0,0,0,0
321,2017-04-14,09:08:43,0,SF705,XZCE,5194,5194,5230,1150,29947160,18310,18344,5454,4934,5194,5186,0,5230,0,0,0,2017-04-14,32923000,5194,1,0,0,0,0,0,0,0,0,5198,8,0,0,0,0,0,0,0,0
322,2017-04-14,09:08:48,0,SF705,XZCE,5194,5194,5230,1150,29947160,18310,18344,5454,4934,5194,5186,0,5230,0,0,0,2017-04-14,32928000,5194,1,0,0,0,0,0,0,0,0,5196,2,0,0,0,0,0,0,0,0
323,2017-04-14,09:08:48,0,SF705,XZCE,5194,5194,5230,1150,29947160,18310,18344,5454,4934,5194,5186,0,5230,0,0,0,2017-04-14,32928000,5194,2,0,0,0,0,0,0,0,0,5196,2,0,0,0,0,0,0,0,0
324,2017-04-14,09:08:52,0,SF705,XZCE,5196,5194,5230,1152,29999120,18312,18344,5454,4934,5194,5186,0,5230,0,0,0,2017-04-14,32932000,5194,2,0,0,0,0,0,0,0,0,5196,2,0,0,0,0,0,0,0,0
325,2017-04-14,09:08:52,0,SF705,XZCE,5196,5194,5230,1152,29999120,18312,18344,5454,4934,5194,5186,0,5230,0,0,0,2017-04-14,32932000,5194,3,0,0,0,0,0,0,0,0,5196,2,0,0,0,0,0,0,0,0
326,2017-04-14,09:08:57,0,SF705,XZCE,5196,5194,5230,1156,30103040,18312,18344,5454,4934,5194,5186,0,5230,0,0,0,2017-04-14,32937000,5194,3,0,0,0,0,0,0,0,0,5198,8,0,0,0,0,0,0,0,0
327,2017-04-14,09:09:04,0,SF705,XZCE,5196,5194,5230,1156,30103040,18312,18344,5454,4934,5194,5186,0,5230,0,0,0,2017-04-14,32944000,5194,3,0,0,0,0,0,0,0,0,5198,9,0,0,0,0,0,0,0,0
328,2017-04-14,09:09:06,0,SF705,XZCE,5198,5194,5230,1158,30155020,18312,18344,5454,4934,5194,5186,0,5230,0,0,0,2017-04-14,32946000,5194,3,0,0,0,0,0,0,0,0,5198,8,0,0,0,0,0,0,0,0
329,2017-04-14,09:09:07,0,SF705,XZCE,5198,5194,5230,1158,30155020,18312,18344,5454,4934,5194,5186,0,5230,0,0,0,2017-04-14,32947000,5194,3,0,0,0,0,0,0,0,0,5196,3,0,0,0,0,0,0,0,0
330,2017-04-14,09:09:08,0,SF705,XZCE,5198,5194,5230,1158,30155020,18312,18344,5454,4934,5194,5186,0,5230,0,0,0,2017-04-14,32948000,5194,2,0,0,0,0,0,0,0,0,5196,3,0,0,0,0,0,0,0,0
331,2017-04-14,09:09:08,0,SF705,XZCE,5198,5194,5230,1158,30155020,18312,18344,5454,4934,5194,5186,0,5230,0,0,0,2017-04-14,32948000,5194,2,0,0,0,0,0,0,0,0,5196,4,0,0,0,0,0,0,0,0
332,2017-04-14,09:09:12,0,SF705,XZCE,5194,5194,5230,1162,30258900,18314,18344,5454,4934,5194,5186,0,5230,0,0,0,2017-04-14,32952000,5192,17,0,0,0,0,0,0,0,0,5196,5,0,0,0,0,0,0,0,0
333,2017-04-14,09:09:15,0,SF705,XZCE,5196,5194,5230,1168,30414780,18320,18344,5454,4934,5194,5186,0,5230,0,0,0,2017-04-14,32955000,5192,17,0,0,0,0,0,0,0,0,5194,1,0,0,0,0,0,0,0,0
334,2017-04-14,09:09:15,0,SF705,XZCE,5194,5194,5230,1172,30518660,18322,18344,5454,4934,5194,5186,0,5230,0,0,0,2017-04-14,32955000,5192,17,0,0,0,0,0,0,0,0,5196,2,0,0,0,0,0,0,0,0
335,2017-04-14,09:09:17,0,SF705,XZCE,5192,5192,5230,1174,30570580,18324,18344,5454,4934,5194,5186,0,5230,0,0,0,2017-04-14,32957000,5192,16,0,0,0,0,0,0,0,0,5196,2,0,0,0,0,0,0,0,0
336,2017-04-14,09:09:17,0,SF705,XZCE,5192,5192,5230,1178,30674420,18324,18344,5454,4934,5194,5186,0,5230,0,0,0,2017-04-14,32957000,5192,14,0,0,0,0,0,0,0,0,5196,2,0,0,0,0,0,0,0,0
337,2017-04-14,09:09:19,0,SF705,XZCE,5192,5192,5230,1178,30674420,18324,18344,5454,4934,5194,5186,0,5230,0,0,0,2017-04-14,32959000,5192,14,0,0,0,0,0,0,0,0,5194,1,0,0,0,0,0,0,0,0
338,2017-04-14,09:09:19,0,SF705,XZCE,5192,5192,5230,1178,30674420,18324,18344,5454,4934,5194,5186,0,5230,0,0,0,2017-04-14,32959000,5192,14,0,0,0,0,0,0,0,0,5194,2,0,0,0,0,0,0,0,0
339,2017-04-14,09:09:23,0,SF705,XZCE,5192,5192,5230,1178,30674420,18324,18344,5454,4934,5194,5186,0,5230,0,0,0,2017-04-14,32963000,5192,14,0,0,0,0,0,0,0,0,5194,1,0,0,0,0,0,0,0,0
340,2017-04-14,09:09:25,0,SF705,XZCE,5194,5192,5230,1182,30778300,18324,18344,5454,4934,5194,5186,0,5230,0,0,0,2017-04-14,32965000,5192,14,0,0,0,0,0,0,0,0,5198,7,0,0,0,0,0,0,0,0
341,2017-04-14,09:09:26,0,SF705,XZCE,5194,5192,5230,1182,30778300,18324,18344,5454,4934,5194,5186,0,5230,0,0,0,2017-04-14,32966000,5194,3,0,0,0,0,0,0,0,0,5198,7,0,0,0,0,0,0,0,0
342,2017-04-14,09:09:26,0,SF705,XZCE,5194,5192,5230,1182,30778300,18324,18344,5454,4934,5194,5186,0,5230,0,0,0,2017-04-14,32966000,5194,5,0,0,0,0,0,0,0,0,5198,7,0,0,0,0,0,0,0,0
343,2017-04-14,09:09:28,0,SF705,XZCE,5194,5192,5230,1182,30778300,18324,18344,5454,4934,5194,5186,0,5230,0,0,0,2017-04-14,32968000,5194,5,0,0,0,0,0,0,0,0,5198,8,0,0,0,0,0,0,0,0
344,2017-04-14,09:09:29,0,SF705,XZCE,5194,5192,5230,1190,30986060,18316,18344,5454,4934,5194,5186,0,5230,0,0,0,2017-04-14,32969000,5194,1,0,0,0,0,0,0,0,0,5198,8,0,0,0,0,0,0,0,0
345,2017-04-14,09:09:30,0,SF705,XZCE,5194,5192,5230,1190,30986060,18316,18344,5454,4934,5194,5186,0,5230,0,0,0,2017-04-14,32970000,5194,1,0,0,0,0,0,0,0,0,5196,1,0,0,0,0,0,0,0,0
346,2017-04-14,09:09:35,0,SF705,XZCE,5194,5192,5230,1190,30986060,18316,18344,5454,4934,5194,5186,0,5230,0,0,0,2017-04-14,32975000,5194,1,0,0,0,0,0,0,0,0,5196,2,0,0,0,0,0,0,0,0
347,2017-04-14,09:09:37,0,SF705,XZCE,5194,5192,5230,1190,30986060,18316,18344,5454,4934,5194,5186,0,5230,0,0,0,2017-04-14,32977000,5194,4,0,0,0,0,0,0,0,0,5196,3,0,0,0,0,0,0,0,0
348,2017-04-14,09:09:40,0,SF705,XZCE,5194,5192,5230,1190,30986060,18316,18344,5454,4934,5194,5186,0,5230,0,0,0,2017-04-14,32980000,5194,5,0,0,0,0,0,0,0,0,5196,4,0,0,0,0,0,0,0,0
349,2017-04-14,09:09:42,0,SF705,XZCE,5194,5192,5230,1190,30986060,18316,18344,5454,4934,5194,5186,0,5230,0,0,0,2017-04-14,32982000,5194,5,0,0,0,0,0,0,0,0,5196,5,0,0,0,0,0,0,0,0
350,2017-04-14,09:09:42,0,SF705,XZCE,5194,5192,5230,1194,31089940,18318,18344,5454,4934,5194,5186,0,5230,0,0,0,2017-04-14,32982000,5194,3,0,0,0,0,0,0,0,0,5196,4,0,0,0,0,0,0,0,0
351,2017-04-14,09:09:47,0,SF705,XZCE,5194,5192,5230,1194,31089940,18318,18344,5454,4934,5194,5186,0,5230,0,0,0,2017-04-14,32987000,5194,3,0,0,0,0,0,0,0,0,5196,5,0,0,0,0,0,0,0,0
352,2017-04-14,09:09:47,0,SF705,XZCE,5194,5192,5230,1194,31089940,18318,18344,5454,4934,5194,5186,0,5230,0,0,0,2017-04-14,32987000,5194,3,0,0,0,0,0,0,0,0,5196,4,0,0,0,0,0,0,0,0
353,2017-04-14,09:09:48,0,SF705,XZCE,5194,5192,5230,1200,31245760,18318,18344,5454,4934,5194,5186,0,5230,0,0,0,2017-04-14,32988000,5192,14,0,0,0,0,0,0,0,0,5194,2,0,0,0,0,0,0,0,0
354,2017-04-14,09:09:52,0,SF705,XZCE,5194,5192,5230,1200,31245760,18318,18344,5454,4934,5194,5186,0,5230,0,0,0,2017-04-14,32992000,5192,14,0,0,0,0,0,0,0,0,5194,3,0,0,0,0,0,0,0,0
355,2017-04-14,09:09:57,0,SF705,XZCE,5192,5192,5230,1202,31297680,18320,18344,5454,4934,5194,5186,0,5230,0,0,0,2017-04-14,32997000,5192,13,0,0,0,0,0,0,0,0,5194,4,0,0,0,0,0,0,0,0
356,2017-04-14,09:10:02,0,SF705,XZCE,5192,5192,5230,1202,31297680,18320,18344,5454,4934,5194,5186,0,5230,0,0,0,2017-04-14,33002000,5192,13,0,0,0,0,0,0,0,0,5194,5,0,0,0,0,0,0,0,0
357,2017-04-14,09:10:04,0,SF705,XZCE,5194,5192,5230,1206,31401560,18316,18344,5454,4934,5194,5186,0,5230,0,0,0,2017-04-14,33004000,5192,13,0,0,0,0,0,0,0,0,5194,3,0,0,0,0,0,0,0,0
358,2017-04-14,09:10:05,0,SF705,XZCE,5192,5192,5230,1208,31453480,18318,18344,5454,4934,5194,5186,0,5230,0,0,0,2017-04-14,33005000,5192,12,0,0,0,0,0,0,0,0,5194,3,0,0,0,0,0,0,0,0
359,2017-04-14,09:10:07,0,SF705,XZCE,5194,5192,5230,1210,31505420,18316,18344,5454,4934,5194,5186,0,5230,0,0,0,2017-04-14,33007000,5192,12,0,0,0,0,0,0,0,0,5194,2,0,0,0,0,0,0,0,0
360,2017-04-14,09:10:07,0,SF705,XZCE,5194,5192,5230,1210,31505420,18316,18344,5454,4934,5194,5186,0,5230,0,0,0,2017-04-14,33007000,5192,12,0,0,0,0,0,0,0,0,5194,1,0,0,0,0,0,0,0,0
361,2017-04-14,09:10:09,0,SF705,XZCE,5194,5192,5230,1212,31557360,18314,18344,5454,4934,5194,5186,0,5230,0,0,0,2017-04-14,33009000,5194,1,0,0,0,0,0,0,0,0,5196,3,0,0,0,0,0,0,0,0
362,2017-04-14,09:10:18,0,SF705,XZCE,5196,5192,5230,1218,31713240,18314,18344,5454,4934,5194,5186,0,5230,0,0,0,2017-04-14,33018000,5194,3,0,0,0,0,0,0,0,0,5198,7,0,0,0,0,0,0,0,0
363,2017-04-14,09:10:20,0,SF705,XZCE,5196,5192,5230,1218,31713240,18314,18344,5454,4934,5194,5186,0,5230,0,0,0,2017-04-14,33020000,5196,1,0,0,0,0,0,0,0,0,5198,7,0,0,0,0,0,0,0,0
364,2017-04-14,09:10:21,0,SF705,XZCE,5196,5192,5230,1220,31765200,18312,18344,5454,4934,5194,5186,0,5230,0,0,0,2017-04-14,33021000,5194,3,0,0,0,0,0,0,0,0,5198,7,0,0,0,0,0,0,0,0
365,2017-04-14,09:10:31,0,SF705,XZCE,5196,5192,5230,1220,31765200,18312,18344,5454,4934,5194,5186,0,5230,0,0,0,2017-04-14,33031000,5194,6,0,0,0,0,0,0,0,0,5198,7,0,0,0,0,0,0,0,0
366,2017-04-14,09:10:32,0,SF705,XZCE,5196,5192,5230,1222,31817160,18310,18344,5454,4934,5194,5186,0,5230,0,0,0,2017-04-14,33032000,5196,5,0,0,0,0,0,0,0,0,5198,7,0,0,0,0,0,0,0,0
367,2017-04-14,09:10:34,0,SF705,XZCE,5196,5192,5230,1222,31817160,18310,18344,5454,4934,5194,5186,0,5230,0,0,0,2017-04-14,33034000,5194,6,0,0,0,0,0,0,0,0,5198,7,0,0,0,0,0,0,0,0
368,2017-04-14,09:10:37,0,SF705,XZCE,5196,5192,5230,1222,31817160,18310,18344,5454,4934,5194,5186,0,5230,0,0,0,2017-04-14,33037000,5196,1,0,0,0,0,0,0,0,0,5198,7,0,0,0,0,0,0,0,0
369,2017-04-14,09:10:41,0,SF705,XZCE,5196,5192,5230,1224,31869120,18308,18344,5454,4934,5194,5186,0,5230,0,0,0,2017-04-14,33041000,5194,6,0,0,0,0,0,0,0,0,5198,7,0,0,0,0,0,0,0,0
370,2017-04-14,09:10:42,0,SF705,XZCE,5196,5192,5230,1224,31869120,18308,18344,5454,4934,5194,5186,0,5230,0,0,0,2017-04-14,33042000,5194,3,0,0,0,0,0,0,0,0,5198,7,0,0,0,0,0,0,0,0
371,2017-04-14,09:10:43,0,SF705,XZCE,5196,5192,5230,1224,31869120,18308,18344,5454,4934,5194,5186,0,5230,0,0,0,2017-04-14,33043000,5194,3,0,0,0,0,0,0,0,0,5196,1,0,0,0,0,0,0,0,0
372,2017-04-14,09:10:44,0,SF705,XZCE,5196,5192,5230,1226,31921080,18306,18344,5454,4934,5194,5186,0,5230,0,0,0,2017-04-14,33044000,5196,2,0,0,0,0,0,0,0,0,5198,7,0,0,0,0,0,0,0,0
373,2017-04-14,09:10:46,0,SF705,XZCE,5196,5192,5230,1226,31921080,18306,18344,5454,4934,5194,5186,0,5230,0,0,0,2017-04-14,33046000,5194,13,0,0,0,0,0,0,0,0,5198,7,0,0,0,0,0,0,0,0
374,2017-04-14,09:10:47,0,SF705,XZCE,5198,5192,5230,1232,32077020,18306,18344,5454,4934,5194,5186,0,5230,0,0,0,2017-04-14,33047000,5194,13,0,0,0,0,0,0,0,0,5198,4,0,0,0,0,0,0,0,0
375,2017-04-14,09:10:50,0,SF705,XZCE,5198,5192,5230,1232,32077020,18306,18344,5454,4934,5194,5186,0,5230,0,0,0,2017-04-14,33050000,5196,2,0,0,0,0,0,0,0,0,5198,4,0,0,0,0,0,0,0,0
376,2017-04-14,09:10:50,0,SF705,XZCE,5198,5192,5230,1234,32129000,18304,18344,5454,4934,5194,5186,0,5230,0,0,0,2017-04-14,33050000,5194,14,0,0,0,0,0,0,0,0,5198,3,0,0,0,0,0,0,0,0
377,2017-04-14,09:10:57,0,SF705,XZCE,5198,5192,5230,1236,32180980,18302,18344,5454,4934,5194,5186,0,5230,0,0,0,2017-04-14,33057000,5194,14,0,0,0,0,0,0,0,0,5198,2,0,0,0,0,0,0,0,0
378,2017-04-14,09:11:01,0,SF705,XZCE,5194,5192,5230,1238,32232920,18302,18344,5454,4934,5194,5186,0,5230,0,0,0,2017-04-14,33061000,5194,13,0,0,0,0,0,0,0,0,5198,2,0,0,0,0,0,0,0,0
379,2017-04-14,09:11:01,0,SF705,XZCE,5194,5192,5230,1238,32232920,18302,18344,5454,4934,5194,5186,0,5230,0,0,0,2017-04-14,33061000,5196,1,0,0,0,0,0,0,0,0,5198,2,0,0,0,0,0,0,0,0
380,2017-04-14,09:11:01,0,SF705,XZCE,5194,5192,5230,1238,32232920,18302,18344,5454,4934,5194,5186,0,5230,0,0,0,2017-04-14,33061000,5196,1,0,0,0,0,0,0,0,0,5198,3,0,0,0,0,0,0,0,0
381,2017-04-14,09:11:06,0,SF705,XZCE,5194,5192,5230,1238,32232920,18302,18344,5454,4934,5194,5186,0,5230,0,0,0,2017-04-14,33066000,5196,1,0,0,0,0,0,0,0,0,5198,6,0,0,0,0,0,0,0,0
382,2017-04-14,09:11:07,0,SF705,XZCE,5196,5192,5230,1240,32284880,18302,18344,5454,4934,5194,5186,0,5230,0,0,0,2017-04-14,33067000,5196,1,0,0,0,0,0,0,0,0,5198,6,0,0,0,0,0,0,0,0
383,2017-04-14,09:11:09,0,SF705,XZCE,5198,5192,5230,1248,32492800,18304,18344,5454,4934,5194,5186,0,5230,0,0,0,2017-04-14,33069000,5196,1,0,0,0,0,0,0,0,0,5198,2,0,0,0,0,0,0,0,0
384,2017-04-14,09:11:16,0,SF705,XZCE,5198,5192,5230,1248,32492800,18304,18344,5454,4934,5194,5186,0,5230,0,0,0,2017-04-14,33076000,5196,1,0,0,0,0,0,0,0,0,5198,7,0,0,0,0,0,0,0,0
385,2017-04-14,09:11:19,0,SF705,XZCE,5196,5192,5230,1250,32544760,18304,18344,5454,4934,5194,5186,0,5230,0,0,0,2017-04-14,33079000,5194,15,0,0,0,0,0,0,0,0,5196,5,0,0,0,0,0,0,0,0
386,2017-04-14,09:11:20,0,SF705,XZCE,5196,5192,5230,1250,32544760,18304,18344,5454,4934,5194,5186,0,5230,0,0,0,2017-04-14,33080000,5194,15,0,0,0,0,0,0,0,0,5196,9,0,0,0,0,0,0,0,0
387,2017-04-14,09:11:21,0,SF705,XZCE,5196,5192,5230,1250,32544760,18304,18344,5454,4934,5194,5186,0,5230,0,0,0,2017-04-14,33081000,5194,15,0,0,0,0,0,0,0,0,5196,6,0,0,0,0,0,0,0,0
388,2017-04-14,09:11:21,0,SF705,XZCE,5194,5192,5230,1258,32752520,18312,18344,5454,4934,5194,5186,0,5230,0,0,0,2017-04-14,33081000,5194,11,0,0,0,0,0,0,0,0,5196,2,0,0,0,0,0,0,0,0
389,2017-04-14,09:11:29,0,SF705,XZCE,5196,5192,5230,1262,32856440,18314,18344,5454,4934,5194,5186,0,5230,0,0,0,2017-04-14,33089000,5194,12,0,0,0,0,0,0,0,0,5198,7,0,0,0,0,0,0,0,0
390,2017-04-14,09:11:29,0,SF705,XZCE,5194,5192,5230,1286,33479720,18312,18344,5454,4934,5194,5186,0,5230,0,0,0,2017-04-14,33089000,5192,13,0,0,0,0,0,0,0,0,5194,3,0,0,0,0,0,0,0,0
391,2017-04-14,09:11:32,0,SF705,XZCE,5192,5192,5230,1296,33739320,18322,18344,5454,4934,5194,5186,0,5230,0,0,0,2017-04-14,33092000,5192,8,0,0,0,0,0,0,0,0,5194,3,0,0,0,0,0,0,0,0
392,2017-04-14,09:11:32,0,SF705,XZCE,5192,5192,5230,1298,33791240,18324,18344,5454,4934,5194,5186,0,5230,0,0,0,2017-04-14,33092000,5192,7,0,0,0,0,0,0,0,0,5194,3,0,0,0,0,0,0,0,0
393,2017-04-14,09:11:33,0,SF705,XZCE,5192,5192,5230,1302,33895080,18322,18344,5454,4934,5194,5186,0,5230,0,0,0,2017-04-14,33093000,5192,6,0,0,0,0,0,0,0,0,5194,2,0,0,0,0,0,0,0,0
394,2017-04-14,09:11:34,0,SF705,XZCE,5192,5192,5230,1314,34206600,18326,18344,5454,4934,5194,5186,0,5230,0,0,0,2017-04-14,33094000,5190,7,0,0,0,0,0,0,0,0,5192,1,0,0,0,0,0,0,0,0
395,2017-04-14,09:11:34,0,SF705,XZCE,5190,5190,5230,1328,34569900,18322,18344,5454,4934,5194,5186,0,5230,0,0,0,2017-04-14,33094000,5188,4,0,0,0,0,0,0,0,0,5192,4,0,0,0,0,0,0,0,0
396,2017-04-14,09:11:35,0,SF705,XZCE,5192,5188,5230,1336,34777580,18318,18344,5454,4934,5194,5186,0,5230,0,0,0,2017-04-14,33095000,5188,3,0,0,0,0,0,0,0,0,5192,6,0,0,0,0,0,0,0,0
397,2017-04-14,09:11:35,0,SF705,XZCE,5188,5188,5230,1342,34933220,18318,18344,5454,4934,5194,5186,0,5230,0,0,0,2017-04-14,33095000,5186,10,0,0,0,0,0,0,0,0,5188,5,0,0,0,0,0,0,0,0
398,2017-04-14,09:11:43,0,SF705,XZCE,5188,5188,5230,1344,34985100,18316,18344,5454,4934,5194,5186,0,5230,0,0,0,2017-04-14,33103000,5186,10,0,0,0,0,0,0,0,0,5188,4,0,0,0,0,0,0,0,0
399,2017-04-14,09:11:46,0,SF705,XZCE,5188,5188,5230,1346,35036980,18316,18344,5454,4934,5194,5186,0,5230,0,0,0,2017-04-14,33106000,5186,14,0,0,0,0,0,0,0,0,5188,3,0,0,0,0,0,0,0,0
400,2017-04-14,09:11:46,0,SF705,XZCE,5188,5188,5230,1346,35036980,18316,18344,5454,4934,5194,5186,0,5230,0,0,0,2017-04-14,33106000,5186,14,0,0,0,0,0,0,0,0,5188,4,0,0,0,0,0,0,0,0
401,2017-04-14,09:11:48,0,SF705,XZCE,5188,5186,5230,1358,35348260,18308,18344,5454,4934,5194,5186,0,5230,0,0,0,2017-04-14,33108000,5186,9,0,0,0,0,0,0,0,0,5188,3,0,0,0,0,0,0,0,0
402,2017-04-14,09:11:48,0,SF705,XZCE,5186,5186,5230,1360,35400120,18308,18344,5454,4934,5194,5186,0,5230,0,0,0,2017-04-14,33108000,5186,8,0,0,0,0,0,0,0,0,5188,3,0,0,0,0,0,0,0,0
403,2017-04-14,09:11:49,0,SF705,XZCE,5186,5186,5230,1376,35815000,18298,18344,5454,4934,5194,5186,0,5230,0,0,0,2017-04-14,33109000,5180,1,0,0,0,0,0,0,0,0,5186,2,0,0,0,0,0,0,0,0
404,2017-04-14,09:11:52,0,SF705,XZCE,5186,5186,5230,1376,35815000,18298,18344,5454,4934,5194,5186,0,5230,0,0,0,2017-04-14,33112000,5178,6,0,0,0,0,0,0,0,0,5186,2,0,0,0,0,0,0,0,0
405,2017-04-14,09:11:55,0,SF705,XZCE,5186,5186,5230,1378,35866860,18298,18344,5454,4934,5194,5186,0,5230,0,0,0,2017-04-14,33115000,5180,1,0,0,0,0,0,0,0,0,5186,7,0,0,0,0,0,0,0,0
406,2017-04-14,09:11:55,0,SF705,XZCE,5186,5186,5230,1378,35866860,18298,18344,5454,4934,5194,5186,0,5230,0,0,0,2017-04-14,33115000,5180,6,0,0,0,0,0,0,0,0,5186,7,0,0,0,0,0,0,0,0
407,2017-04-14,09:11:58,0,SF705,XZCE,5180,5180,5230,1382,35970460,18296,18344,5454,4934,5194,5186,0,5230,0,0,0,2017-04-14,33118000,5182,3,0,0,0,0,0,0,0,0,5186,2,0,0,0,0,0,0,0,0
408,2017-04-14,09:11:58,0,SF705,XZCE,5186,5180,5230,1406,36592780,18302,18344,5454,4934,5194,5186,0,5230,0,0,0,2017-04-14,33118000,5186,2,0,0,0,0,0,0,0,0,5188,6,0,0,0,0,0,0,0,0
409,2017-04-14,09:11:59,0,SF705,XZCE,5186,5180,5230,1410,36696500,18302,18344,5454,4934,5194,5186,0,5230,0,0,0,2017-04-14,33119000,5184,1,0,0,0,0,0,0,0,0,5186,1,0,0,0,0,0,0,0,0
410,2017-04-14,09:11:59,0,SF705,XZCE,5184,5180,5230,1412,36748340,18302,18344,5454,4934,5194,5186,0,5230,0,0,0,2017-04-14,33119000,5180,4,0,0,0,0,0,0,0,0,5186,3,0,0,0,0,0,0,0,0
411,2017-04-14,09:12:01,0,SF705,XZCE,5182,5180,5230,1414,36800160,18300,18344,5454,4934,5194,5186,0,5230,0,0,0,2017-04-14,33121000,5182,2,0,0,0,0,0,0,0,0,5186,3,0,0,0,0,0,0,0,0
412,2017-04-14,09:12:03,0,SF705,XZCE,5186,5180,5230,1416,36852020,18300,18344,5454,4934,5194,5186,0,5230,0,0,0,2017-04-14,33123000,5182,2,0,0,0,0,0,0,0,0,5188,6,0,0,0,0,0,0,0,0
413,2017-04-14,09:12:06,0,SF705,XZCE,5182,5180,5230,1418,36903840,18298,18344,5454,4934,5194,5186,0,5230,0,0,0,2017-04-14,33126000,5182,6,0,0,0,0,0,0,0,0,5188,6,0,0,0,0,0,0,0,0
414,2017-04-14,09:12:07,0,SF705,XZCE,5186,5180,5230,1420,36955700,18300,18344,5454,4934,5194,5186,0,5230,0,0,0,2017-04-14,33127000,5186,2,0,0,0,0,0,0,0,0,5188,6,0,0,0,0,0,0,0,0
415,2017-04-14,09:12:08,0,SF705,XZCE,5188,5180,5230,1422,37007580,18298,18344,5454,4934,5194,5186,0,5230,0,0,0,2017-04-14,33128000,5186,2,0,0,0,0,0,0,0,0,5188,5,0,0,0,0,0,0,0,0
416,2017-04-14,09:12:09,0,SF705,XZCE,5186,5180,5230,1426,37111300,18298,18344,5454,4934,5194,5186,0,5230,0,0,0,2017-04-14,33129000,5182,6,0,0,0,0,0,0,0,0,5186,3,0,0,0,0,0,0,0,0
417,2017-04-14,09:12:09,0,SF705,XZCE,5186,5180,5230,1428,37163160,18298,18344,5454,4934,5194,5186,0,5230,0,0,0,2017-04-14,33129000,5182,6,0,0,0,0,0,0,0,0,5186,2,0,0,0,0,0,0,0,0
418,2017-04-14,09:12:12,0,SF705,XZCE,5186,5180,5230,1428,37163160,18298,18344,5454,4934,5194,5186,0,5230,0,0,0,2017-04-14,33132000,5182,6,0,0,0,0,0,0,0,0,5186,3,0,0,0,0,0,0,0,0
419,2017-04-14,09:12:12,0,SF705,XZCE,5186,5180,5230,1432,37266880,18298,18344,5454,4934,5194,5186,0,5230,0,0,0,2017-04-14,33132000,5182,6,0,0,0,0,0,0,0,0,5186,1,0,0,0,0,0,0,0,0
420,2017-04-14,09:12:13,0,SF705,XZCE,5186,5180,5230,1432,37266880,18298,18344,5454,4934,5194,5186,0,5230,0,0,0,2017-04-14,33133000,5182,7,0,0,0,0,0,0,0,0,5186,1,0,0,0,0,0,0,0,0
421,2017-04-14,09:12:14,0,SF705,XZCE,5186,5180,5230,1432,37266880,18298,18344,5454,4934,5194,5186,0,5230,0,0,0,2017-04-14,33134000,5182,9,0,0,0,0,0,0,0,0,5186,1,0,0,0,0,0,0,0,0
422,2017-04-14,09:12:15,0,SF705,XZCE,5186,5180,5230,1436,37370600,18296,18344,5454,4934,5194,5186,0,5230,0,0,0,2017-04-14,33135000,5184,2,0,0,0,0,0,0,0,0,5188,7,0,0,0,0,0,0,0,0
423,2017-04-14,09:12:15,0,SF705,XZCE,5186,5180,5230,1436,37370600,18296,18344,5454,4934,5194,5186,0,5230,0,0,0,2017-04-14,33135000,5182,9,0,0,0,0,0,0,0,0,5188,7,0,0,0,0,0,0,0,0
424,2017-04-14,09:12:15,0,SF705,XZCE,5186,5180,5230,1438,37422460,18298,18344,5454,4934,5194,5186,0,5230,0,0,0,2017-04-14,33135000,5186,1,0,0,0,0,0,0,0,0,5188,7,0,0,0,0,0,0,0,0
425,2017-04-14,09:12:18,0,SF705,XZCE,5186,5180,5230,1440,37474320,18300,18344,5454,4934,5194,5186,0,5230,0,0,0,2017-04-14,33138000,5182,9,0,0,0,0,0,0,0,0,5186,2,0,0,0,0,0,0,0,0
426,2017-04-14,09:12:19,0,SF705,XZCE,5186,5180,5230,1440,37474320,18300,18344,5454,4934,5194,5186,0,5230,0,0,0,2017-04-14,33139000,5182,12,0,0,0,0,0,0,0,0,5186,4,0,0,0,0,0,0,0,0
427,2017-04-14,09:12:20,0,SF705,XZCE,5186,5180,5230,1440,37474320,18300,18344,5454,4934,5194,5186,0,5230,0,0,0,2017-04-14,33140000,5182,13,0,0,0,0,0,0,0,0,5186,7,0,0,0,0,0,0,0,0
428,2017-04-14,09:12:23,0,SF705,XZCE,5186,5180,5230,1446,37629900,18306,18344,5454,4934,5194,5186,0,5230,0,0,0,2017-04-14,33143000,5182,13,0,0,0,0,0,0,0,0,5186,4,0,0,0,0,0,0,0,0
429,2017-04-14,09:12:24,0,SF705,XZCE,5186,5180,5230,1446,37629900,18306,18344,5454,4934,5194,5186,0,5230,0,0,0,2017-04-14,33144000,5182,14,0,0,0,0,0,0,0,0,5186,4,0,0,0,0,0,0,0,0
430,2017-04-14,09:12:24,0,SF705,XZCE,5186,5180,5230,1446,37629900,18306,18344,5454,4934,5194,5186,0,5230,0,0,0,2017-04-14,33144000,5182,16,0,0,0,0,0,0,0,0,5186,4,0,0,0,0,0,0,0,0
431,2017-04-14,09:12:25,0,SF705,XZCE,5186,5180,5230,1446,37629900,18306,18344,5454,4934,5194,5186,0,5230,0,0,0,2017-04-14,33145000,5184,1,0,0,0,0,0,0,0,0,5186,4,0,0,0,0,0,0,0,0
432,2017-04-14,09:12:31,0,SF705,XZCE,5186,5180,5230,1446,37629900,18306,18344,5454,4934,5194,5186,0,5230,0,0,0,2017-04-14,33151000,5184,3,0,0,0,0,0,0,0,0,5186,4,0,0,0,0,0,0,0,0
433,2017-04-14,09:12:33,0,SF705,XZCE,5186,5180,5230,1454,37837340,18304,18344,5454,4934,5194,5186,0,5230,0,0,0,2017-04-14,33153000,5186,4,0,0,0,0,0,0,0,0,5188,4,0,0,0,0,0,0,0,0
434,2017-04-14,09:12:34,0,SF705,XZCE,5186,5180,5230,1454,37837340,18304,18344,5454,4934,5194,5186,0,5230,0,0,0,2017-04-14,33154000,5186,8,0,0,0,0,0,0,0,0,5188,4,0,0,0,0,0,0,0,0
435,2017-04-14,09:12:36,0,SF705,XZCE,5188,5180,5230,1462,38044860,18304,18344,5454,4934,5194,5186,0,5230,0,0,0,2017-04-14,33156000,5188,3,0,0,0,0,0,0,0,0,5194,2,0,0,0,0,0,0,0,0
436,2017-04-14,09:12:36,0,SF705,XZCE,5188,5180,5230,1462,38044860,18304,18344,5454,4934,5194,5186,0,5230,0,0,0,2017-04-14,33156000,5188,3,0,0,0,0,0,0,0,0,5194,3,0,0,0,0,0,0,0,0
437,2017-04-14,09:12:38,0,SF705,XZCE,5188,5180,5230,1462,38044860,18304,18344,5454,4934,5194,5186,0,5230,0,0,0,2017-04-14,33158000,5188,1,0,0,0,0,0,0,0,0,5194,3,0,0,0,0,0,0,0,0
438,2017-04-14,09:12:40,0,SF705,XZCE,5188,5180,5230,1462,38044860,18304,18344,5454,4934,5194,5186,0,5230,0,0,0,2017-04-14,33160000,5188,6,0,0,0,0,0,0,0,0,5194,4,0,0,0,0,0,0,0,0
439,2017-04-14,09:12:43,0,SF705,XZCE,5188,5180,5230,1462,38044860,18304,18344,5454,4934,5194,5186,0,5230,0,0,0,2017-04-14,33163000,5188,7,0,0,0,0,0,0,0,0,5194,4,0,0,0,0,0,0,0,0
440,2017-04-14,09:12:44,0,SF705,XZCE,5194,5180,5230,1466,38148740,18304,18344,5454,4934,5194,5186,0,5230,0,0,0,2017-04-14,33164000,5188,7,0,0,0,0,0,0,0,0,5194,2,0,0,0,0,0,0,0,0
441,2017-04-14,09:12:45,0,SF705,XZCE,5194,5180,5230,1468,38200680,18304,18344,5454,4934,5194,5186,0,5230,0,0,0,2017-04-14,33165000,5188,7,0,0,0,0,0,0,0,0,5190,1,0,0,0,0,0,0,0,0
442,2017-04-14,09:12:45,0,SF705,XZCE,5190,5180,5230,1470,38252580,18304,18344,5454,4934,5194,5186,0,5230,0,0,0,2017-04-14,33165000,5190,1,0,0,0,0,0,0,0,0,5194,1,0,0,0,0,0,0,0,0
443,2017-04-14,09:12:49,0,SF705,XZCE,5190,5180,5230,1472,38304480,18302,18344,5454,4934,5194,5186,0,5230,0,0,0,2017-04-14,33169000,5188,7,0,0,0,0,0,0,0,0,5194,2,0,0,0,0,0,0,0,0
444,2017-04-14,09:12:50,0,SF705,XZCE,5190,5180,5230,1472,38304480,18302,18344,5454,4934,5194,5186,0,5230,0,0,0,2017-04-14,33170000,5190,1,0,0,0,0,0,0,0,0,5194,1,0,0,0,0,0,0,0,0
445,2017-04-14,09:12:53,0,SF705,XZCE,5190,5180,5230,1472,38304480,18302,18344,5454,4934,5194,5186,0,5230,0,0,0,2017-04-14,33173000,5190,1,0,0,0,0,0,0,0,0,5194,2,0,0,0,0,0,0,0,0
446,2017-04-14,09:12:53,0,SF705,XZCE,5190,5180,5230,1472,38304480,18302,18344,5454,4934,5194,5186,0,5230,0,0,0,2017-04-14,33173000,5190,1,0,0,0,0,0,0,0,0,5194,1,0,0,0,0,0,0,0,0
447,2017-04-14,09:12:58,0,SF705,XZCE,5190,5180,5230,1472,38304480,18302,18344,5454,4934,5194,5186,0,5230,0,0,0,2017-04-14,33178000,5188,7,0,0,0,0,0,0,0,0,5194,6,0,0,0,0,0,0,0,0
448,2017-04-14,09:12:59,0,SF705,XZCE,5190,5180,5230,1472,38304480,18302,18344,5454,4934,5194,5186,0,5230,0,0,0,2017-04-14,33179000,5188,7,0,0,0,0,0,0,0,0,5192,1,0,0,0,0,0,0,0,0
449,2017-04-14,09:13:01,0,SF705,XZCE,5190,5180,5230,1472,38304480,18302,18344,5454,4934,5194,5186,0,5230,0,0,0,2017-04-14,33181000,5190,1,0,0,0,0,0,0,0,0,5192,1,0,0,0,0,0,0,0,0
450,2017-04-14,09:13:07,0,SF705,XZCE,5190,5180,5230,1474,38356380,18302,18344,5454,4934,5194,5186,0,5230,0,0,0,2017-04-14,33187000,5188,1,0,0,0,0,0,0,0,0,5190,4,0,0,0,0,0,0,0,0
451,2017-04-14,09:13:13,0,SF705,XZCE,5190,5180,5230,1474,38356380,18302,18344,5454,4934,5194,5186,0,5230,0,0,0,2017-04-14,33193000,5188,1,0,0,0,0,0,0,0,0,5190,6,0,0,0,0,0,0,0,0
452,2017-04-14,09:13:13,0,SF705,XZCE,5190,5180,5230,1474,38356380,18302,18344,5454,4934,5194,5186,0,5230,0,0,0,2017-04-14,33193000,5188,1,0,0,0,0,0,0,0,0,5190,2,0,0,0,0,0,0,0,0
453,2017-04-14,09:13:16,0,SF705,XZCE,5190,5180,5230,1478,38460180,18298,18344,5454,4934,5194,5186,0,5230,0,0,0,2017-04-14,33196000,5188,1,0,0,0,0,0,0,0,0,5192,1,0,0,0,0,0,0,0,0
454,2017-04-14,09:13:18,0,SF705,XZCE,5190,5180,5230,1478,38460180,18298,18344,5454,4934,5194,5186,0,5230,0,0,0,2017-04-14,33198000,5188,3,0,0,0,0,0,0,0,0,5192,1,0,0,0,0,0,0,0,0
455,2017-04-14,09:13:19,0,SF705,XZCE,5188,5180,5230,1482,38563940,18300,18344,5454,4934,5194,5186,0,5230,0,0,0,2017-04-14,33199000,5186,5,0,0,0,0,0,0,0,0,5192,1,0,0,0,0,0,0,0,0
456,2017-04-14,09:13:20,0,SF705,XZCE,5192,5180,5230,1484,38615860,18298,18344,5454,4934,5194,5186,0,5230,0,0,0,2017-04-14,33200000,5192,2,0,0,0,0,0,0,0,0,5194,3,0,0,0,0,0,0,0,0
457,2017-04-14,09:13:20,0,SF705,XZCE,5192,5180,5230,1488,38719700,18298,18344,5454,4934,5194,5186,0,5230,0,0,0,2017-04-14,33200000,5186,5,0,0,0,0,0,0,0,0,5192,6,0,0,0,0,0,0,0,0
458,2017-04-14,09:13:27,0,SF705,XZCE,5192,5180,5230,1488,38719700,18298,18344,5454,4934,5194,5186,0,5230,0,0,0,2017-04-14,33207000,5186,6,0,0,0,0,0,0,0,0,5192,2,0,0,0,0,0,0,0,0
459,2017-04-14,09:13:28,0,SF705,XZCE,5192,5180,5230,1496,38927380,18306,18344,5454,4934,5194,5186,0,5230,0,0,0,2017-04-14,33208000,5186,5,0,0,0,0,0,0,0,0,5192,2,0,0,0,0,0,0,0,0
460,2017-04-14,09:13:28,0,SF705,XZCE,5192,5180,5230,1496,38927380,18306,18344,5454,4934,5194,5186,0,5230,0,0,0,2017-04-14,33208000,5188,3,0,0,0,0,0,0,0,0,5192,2,0,0,0,0,0,0,0,0
461,2017-04-14,09:13:32,0,SF705,XZCE,5192,5180,5230,1496,38927380,18306,18344,5454,4934,5194,5186,0,5230,0,0,0,2017-04-14,33212000,5188,3,0,0,0,0,0,0,0,0,5192,3,0,0,0,0,0,0,0,0
462,2017-04-14,09:13:33,0,SF705,XZCE,5192,5180,5230,1496,38927380,18306,18344,5454,4934,5194,5186,0,5230,0,0,0,2017-04-14,33213000,5188,3,0,0,0,0,0,0,0,0,5192,6,0,0,0,0,0,0,0,0
463,2017-04-14,09:13:36,0,SF705,XZCE,5192,5180,5230,1498,38979300,18308,18344,5454,4934,5194,5186,0,5230,0,0,0,2017-04-14,33216000,5188,3,0,0,0,0,0,0,0,0,5192,5,0,0,0,0,0,0,0,0
464,2017-04-14,09:13:37,0,SF705,XZCE,5192,5180,5230,1498,38979300,18308,18344,5454,4934,5194,5186,0,5230,0,0,0,2017-04-14,33217000,5188,3,0,0,0,0,0,0,0,0,5192,8,0,0,0,0,0,0,0,0
465,2017-04-14,09:13:38,0,SF705,XZCE,5192,5180,5230,1498,38979300,18308,18344,5454,4934,5194,5186,0,5230,0,0,0,2017-04-14,33218000,5186,2,0,0,0,0,0,0,0,0,5192,8,0,0,0,0,0,0,0,0
466,2017-04-14,09:13:42,0,SF705,XZCE,5192,5180,5230,1498,38979300,18308,18344,5454,4934,5194,5186,0,5230,0,0,0,2017-04-14,33222000,5186,2,0,0,0,0,0,0,0,0,5192,66,0,0,0,0,0,0,0,0
467,2017-04-14,09:13:44,0,SF705,XZCE,5192,5180,5230,1498,38979300,18308,18344,5454,4934,5194,5186,0,5230,0,0,0,2017-04-14,33224000,5186,3,0,0,0,0,0,0,0,0,5192,66,0,0,0,0,0,0,0,0
468,2017-04-14,09:13:45,0,SF705,XZCE,5186,5180,5230,1500,39031160,18308,18344,5454,4934,5194,5186,0,5230,0,0,0,2017-04-14,33225000,5186,2,0,0,0,0,0,0,0,0,5192,66,0,0,0,0,0,0,0,0
469,2017-04-14,09:13:47,0,SF705,XZCE,5186,5180,5230,1500,39031160,18308,18344,5454,4934,5194,5186,0,5230,0,0,0,2017-04-14,33227000,5186,2,0,0,0,0,0,0,0,0,5190,3,0,0,0,0,0,0,0,0
470,2017-04-14,09:13:47,0,SF705,XZCE,5186,5180,5230,1500,39031160,18308,18344,5454,4934,5194,5186,0,5230,0,0,0,2017-04-14,33227000,5186,2,0,0,0,0,0,0,0,0,5188,1,0,0,0,0,0,0,0,0
471,2017-04-14,09:13:50,0,SF705,XZCE,5186,5180,5230,1504,39134880,18306,18344,5454,4934,5194,5186,0,5230,0,0,0,2017-04-14,33230000,5184,3,0,0,0,0,0,0,0,0,5186,31,0,0,0,0,0,0,0,0
472,2017-04-14,09:13:51,0,SF705,XZCE,5186,5180,5230,1510,39290460,18310,18344,5454,4934,5194,5186,0,5230,0,0,0,2017-04-14,33231000,5184,1,0,0,0,0,0,0,0,0,5186,30,0,0,0,0,0,0,0,0
473,2017-04-14,09:13:54,0,SF705,XZCE,5186,5180,5230,1510,39290460,18310,18344,5454,4934,5194,5186,0,5230,0,0,0,2017-04-14,33234000,5184,2,0,0,0,0,0,0,0,0,5186,30,0,0,0,0,0,0,0,0
474,2017-04-14,09:13:55,0,SF705,XZCE,5184,5180,5230,1512,39342300,18312,18344,5454,4934,5194,5186,0,5230,0,0,0,2017-04-14,33235000,5184,1,0,0,0,0,0,0,0,0,5186,30,0,0,0,0,0,0,0,0
475,2017-04-14,09:13:56,0,SF705,XZCE,5184,5180,5230,1512,39342300,18312,18344,5454,4934,5194,5186,0,5230,0,0,0,2017-04-14,33236000,5184,2,0,0,0,0,0,0,0,0,5186,30,0,0,0,0,0,0,0,0
476,2017-04-14,09:13:58,0,SF705,XZCE,5184,5180,5230,1512,39342300,18312,18344,5454,4934,5194,5186,0,5230,0,0,0,2017-04-14,33238000,5184,2,0,0,0,0,0,0,0,0,5186,31,0,0,0,0,0,0,0,0
477,2017-04-14,09:13:59,0,SF705,XZCE,5186,5180,5230,1518,39497880,18310,18344,5454,4934,5194,5186,0,5230,0,0,0,2017-04-14,33239000,5184,1,0,0,0,0,0,0,0,0,5186,29,0,0,0,0,0,0,0,0
478,2017-04-14,09:13:59,0,SF705,XZCE,5180,5180,5230,1538,40015880,18306,18344,5454,4934,5194,5186,0,5230,0,0,0,2017-04-14,33239000,5178,2,0,0,0,0,0,0,0,0,5180,40,0,0,0,0,0,0,0,0
479,2017-04-14,09:14:01,0,SF705,XZCE,5170,5170,5230,1548,40274380,18304,18344,5454,4934,5194,5186,0,5230,0,0,0,2017-04-14,33241000,5170,3,0,0,0,0,0,0,0,0,5176,1,0,0,0,0,0,0,0,0
480,2017-04-14,09:14:02,0,SF705,XZCE,5172,5164,5230,1566,40739860,18298,18344,5454,4934,5194,5186,0,5230,0,0,0,2017-04-14,33242000,5164,8,0,0,0,0,0,0,0,0,5170,1,0,0,0,0,0,0,0,0
481,2017-04-14,09:14:02,0,SF705,XZCE,5172,5164,5230,1570,40843300,18300,18344,5454,4934,5194,5186,0,5230,0,0,0,2017-04-14,33242000,5164,7,0,0,0,0,0,0,0,0,5176,1,0,0,0,0,0,0,0,0
482,2017-04-14,09:14:03,0,SF705,XZCE,5172,5164,5230,1570,40843300,18300,18344,5454,4934,5194,5186,0,5230,0,0,0,2017-04-14,33243000,5170,1,0,0,0,0,0,0,0,0,5176,7,0,0,0,0,0,0,0,0
483,2017-04-14,09:14:03,0,SF705,XZCE,5170,5164,5230,1574,40946700,18304,18344,5454,4934,5194,5186,0,5230,0,0,0,2017-04-14,33243000,5170,5,0,0,0,0,0,0,0,0,5174,1,0,0,0,0,0,0,0,0
484,2017-04-14,09:14:04,0,SF705,XZCE,5174,5164,5230,1578,41050180,18306,18344,5454,4934,5194,5186,0,5230,0,0,0,2017-04-14,33244000,5172,1,0,0,0,0,0,0,0,0,5176,4,0,0,0,0,0,0,0,0
485,2017-04-14,09:14:07,0,SF705,XZCE,5176,5164,5230,1580,41101940,18304,18344,5454,4934,5194,5186,0,5230,0,0,0,2017-04-14,33247000,5174,2,0,0,0,0,0,0,0,0,5180,40,0,0,0,0,0,0,0,0
486,2017-04-14,09:14:07,0,SF705,XZCE,5176,5164,5230,1580,41101940,18304,18344,5454,4934,5194,5186,0,5230,0,0,0,2017-04-14,33247000,5176,1,0,0,0,0,0,0,0,0,5180,40,0,0,0,0,0,0,0,0
487,2017-04-14,09:14:08,0,SF705,XZCE,5176,5164,5230,1580,41101940,18304,18344,5454,4934,5194,5186,0,5230,0,0,0,2017-04-14,33248000,5176,2,0,0,0,0,0,0,0,0,5180,40,0,0,0,0,0,0,0,0
488,2017-04-14,09:14:09,0,SF705,XZCE,5180,5164,5230,1582,41153740,18304,18344,5454,4934,5194,5186,0,5230,0,0,0,2017-04-14,33249000,5176,1,0,0,0,0,0,0,0,0,5180,39,0,0,0,0,0,0,0,0
489,2017-04-14,09:14:10,0,SF705,XZCE,5180,5164,5230,1582,41153740,18304,18344,5454,4934,5194,5186,0,5230,0,0,0,2017-04-14,33250000,5176,2,0,0,0,0,0,0,0,0,5180,39,0,0,0,0,0,0,0,0
490,2017-04-14,09:14:11,0,SF705,XZCE,5176,5164,5230,1586,41257260,18306,18344,5454,4934,5194,5186,0,5230,0,0,0,2017-04-14,33251000,5174,1,0,0,0,0,0,0,0,0,5180,39,0,0,0,0,0,0,0,0
491,2017-04-14,09:14:11,0,SF705,XZCE,5176,5164,5230,1586,41257260,18306,18344,5454,4934,5194,5186,0,5230,0,0,0,2017-04-14,33251000,5174,1,0,0,0,0,0,0,0,0,5178,1,0,0,0,0,0,0,0,0
492,2017-04-14,09:14:20,0,SF705,XZCE,5176,5164,5230,1586,41257260,18306,18344,5454,4934,5194,5186,0,5230,0,0,0,2017-04-14,33260000,5174,1,0,0,0,0,0,0,0,0,5178,4,0,0,0,0,0,0,0,0
493,2017-04-14,09:14:23,0,SF705,XZCE,5176,5164,5230,1586,41257260,18306,18344,5454,4934,5194,5186,0,5230,0,0,0,2017-04-14,33263000,5174,5,0,0,0,0,0,0,0,0,5180,40,0,0,0,0,0,0,0,0
494,2017-04-14,09:14:24,0,SF705,XZCE,5176,5164,5230,1586,41257260,18306,18344,5454,4934,5194,5186,0,5230,0,0,0,2017-04-14,33264000,5176,1,0,0,0,0,0,0,0,0,5180,40,0,0,0,0,0,0,0,0
495,2017-04-14,09:14:26,0,SF705,XZCE,5176,5164,5230,1588,41309020,18306,18344,5454,4934,5194,5186,0,5230,0,0,0,2017-04-14,33266000,5174,10,0,0,0,0,0,0,0,0,5180,40,0,0,0,0,0,0,0,0
496,2017-04-14,09:14:27,0,SF705,XZCE,5176,5164,5230,1590,41360780,18306,18344,5454,4934,5194,5186,0,5230,0,0,0,2017-04-14,33267000,5176,7,0,0,0,0,0,0,0,0,5180,40,0,0,0,0,0,0,0,0
497,2017-04-14,09:14:28,0,SF705,XZCE,5176,5164,5230,1590,41360780,18306,18344,5454,4934,5194,5186,0,5230,0,0,0,2017-04-14,33268000,5178,2,0,0,0,0,0,0,0,0,5180,40,0,0,0,0,0,0,0,0
498,2017-04-14,09:14:28,0,SF705,XZCE,5176,5164,5230,1602,41671340,18294,18344,5454,4934,5194,5186,0,5230,0,0,0,2017-04-14,33268000,5174,6,0,0,0,0,0,0,0,0,5176,23,0,0,0,0,0,0,0,0
499,2017-04-14,09:14:35,0,SF705,XZCE,5176,5164,5230,1602,41671340,18294,18344,5454,4934,5194,5186,0,5230,0,0,0,2017-04-14,33275000,5176,1,0,0,0,0,0,0,0,0,5180,38,0,0,0,0,0,0,0,0
500,2017-04-14,09:14:36,0,SF705,XZCE,5174,5164,5230,1616,42033520,18294,18344,5454,4934,5194,5186,0,5230,0,0,0,2017-04-14,33276000,5172,1,0,0,0,0,0,0,0,0,5174,16,0,0,0,0,0,0,0,0
501,2017-04-14,09:14:37,0,SF705,XZCE,5172,5164,5230,1620,42136960,18298,18344,5454,4934,5194,5186,0,5230,0,0,0,2017-04-14,33277000,5172,1,0,0,0,0,0,0,0,0,5174,17,0,0,0,0,0,0,0,0
502,2017-04-14,09:14:38,0,SF705,XZCE,5174,5164,5230,1622,42188700,18298,18344,5454,4934,5194,5186,0,5230,0,0,0,2017-04-14,33278000,5172,1,0,0,0,0,0,0,0,0,5174,16,0,0,0,0,0,0,0,0
503,2017-04-14,09:14:41,0,SF705,XZCE,5174,5164,5230,1622,42188700,18298,18344,5454,4934,5194,5186,0,5230,0,0,0,2017-04-14,33281000,5172,2,0,0,0,0,0,0,0,0,5174,16,0,0,0,0,0,0,0,0
504,2017-04-14,09:14:41,0,SF705,XZCE,5174,5164,5230,1622,42188700,18298,18344,5454,4934,5194,5186,0,5230,0,0,0,2017-04-14,33281000,5172,3,0,0,0,0,0,0,0,0,5174,16,0,0,0,0,0,0,0,0
505,2017-04-14,09:14:43,0,SF705,XZCE,5174,5164,5230,1622,42188700,18298,18344,5454,4934,5194,5186,0,5230,0,0,0,2017-04-14,33283000,5172,2,0,0,0,0,0,0,0,0,5174,16,0,0,0,0,0,0,0,0
506,2017-04-14,09:14:44,0,SF705,XZCE,5172,5164,5230,1624,42240420,18300,18344,5454,4934,5194,5186,0,5230,0,0,0,2017-04-14,33284000,5172,1,0,0,0,0,0,0,0,0,5174,16,0,0,0,0,0,0,0,0
507,2017-04-14,09:14:45,0,SF705,XZCE,5174,5164,5230,1626,42292160,18300,18344,5454,4934,5194,5186,0,5230,0,0,0,2017-04-14,33285000,5172,1,0,0,0,0,0,0,0,0,5174,15,0,0,0,0,0,0,0,0
508,2017-04-14,09:14:47,0,SF705,XZCE,5174,5164,5230,1626,42292160,18300,18344,5454,4934,5194,5186,0,5230,0,0,0,2017-04-14,33287000,5172,2,0,0,0,0,0,0,0,0,5174,15,0,0,0,0,0,0,0,0
509,2017-04-14,09:14:47,0,SF705,XZCE,5174,5164,5230,1626,42292160,18300,18344,5454,4934,5194,5186,0,5230,0,0,0,2017-04-14,33287000,5172,2,0,0,0,0,0,0,0,0,5174,16,0,0,0,0,0,0,0,0
510,2017-04-14,09:14:51,0,SF705,XZCE,5174,5164,5230,1626,42292160,18300,18344,5454,4934,5194,5186,0,5230,0,0,0,2017-04-14,33291000,5172,3,0,0,0,0,0,0,0,0,5174,16,0,0,0,0,0,0,0,0
511,2017-04-14,09:14:54,0,SF705,XZCE,5174,5164,5230,1626,42292160,18300,18344,5454,4934,5194,5186,0,5230,0,0,0,2017-04-14,33294000,5172,4,0,0,0,0,0,0,0,0,5174,16,0,0,0,0,0,0,0,0
512,2017-04-14,09:14:55,0,SF705,XZCE,5174,5164,5230,1628,42343900,18298,18344,5454,4934,5194,5186,0,5230,0,0,0,2017-04-14,33295000,5172,4,0,0,0,0,0,0,0,0,5174,15,0,0,0,0,0,0,0,0
513,2017-04-14,09:14:57,0,SF705,XZCE,5174,5164,5230,1630,42395640,18298,18344,5454,4934,5194,5186,0,5230,0,0,0,2017-04-14,33297000,5172,4,0,0,0,0,0,0,0,0,5174,14,0,0,0,0,0,0,0,0
514,2017-04-14,09:14:59,0,SF705,XZCE,5174,5164,5230,1644,42757820,18288,18344,5454,4934,5194,5186,0,5230,0,0,0,2017-04-14,33299000,5172,4,0,0,0,0,0,0,0,0,5174,7,0,0,0,0,0,0,0,0
515,2017-04-14,09:15:00,0,SF705,XZCE,5174,5164,5230,1658,43120000,18288,18344,5454,4934,5194,5186,0,5230,0,0,0,2017-04-14,33300000,5172,4,0,0,0,0,0,0,0,0,5178,5,0,0,0,0,0,0,0,0
516,2017-04-14,09:15:00,0,SF705,XZCE,5174,5164,5230,1658,43120000,18288,18344,5454,4934,5194,5186,0,5230,0,0,0,2017-04-14,33300000,5174,2,0,0,0,0,0,0,0,0,5178,5,0,0,0,0,0,0,0,0
517,2017-04-14,09:15:01,0,SF705,XZCE,5174,5164,5230,1660,43171740,18290,18344,5454,4934,5194,5186,0,5230,0,0,0,2017-04-14,33301000,5174,3,0,0,0,0,0,0,0,0,5178,5,0,0,0,0,0,0,0,0
518,2017-04-14,09:15:03,0,SF705,XZCE,5176,5164,5230,1662,43223500,18290,18344,5454,4934,5194,5186,0,5230,0,0,0,2017-04-14,33303000,5174,3,0,0,0,0,0,0,0,0,5178,5,0,0,0,0,0,0,0,0
519,2017-04-14,09:15:03,0,SF705,XZCE,5176,5164,5230,1662,43223500,18290,18344,5454,4934,5194,5186,0,5230,0,0,0,2017-04-14,33303000,5174,3,0,0,0,0,0,0,0,0,5180,38,0,0,0,0,0,0,0,0
520,2017-04-14,09:15:04,0,SF705,XZCE,5176,5164,5230,1662,43223500,18290,18344,5454,4934,5194,5186,0,5230,0,0,0,2017-04-14,33304000,5176,2,0,0,0,0,0,0,0,0,5180,38,0,0,0,0,0,0,0,0
521,2017-04-14,09:15:11,0,SF705,XZCE,5176,5164,5230,1662,43223500,18290,18344,5454,4934,5194,5186,0,5230,0,0,0,2017-04-14,33311000,5176,8,0,0,0,0,0,0,0,0,5180,38,0,0,0,0,0,0,0,0
522,2017-04-14,09:15:13,0,SF705,XZCE,5176,5164,5230,1662,43223500,18290,18344,5454,4934,5194,5186,0,5230,0,0,0,2017-04-14,33313000,5176,8,0,0,0,0,0,0,0,0,5178,2,0,0,0,0,0,0,0,0
523,2017-04-14,09:15:16,0,SF705,XZCE,5178,5164,5230,1666,43327060,18286,18344,5454,4934,5194,5186,0,5230,0,0,0,2017-04-14,33316000,5178,1,0,0,0,0,0,0,0,0,5180,38,0,0,0,0,0,0,0,0
524,2017-04-14,09:15:17,0,SF705,XZCE,5180,5164,5230,1674,43534260,18280,18344,5454,4934,5194,5186,0,5230,0,0,0,2017-04-14,33317000,5178,3,0,0,0,0,0,0,0,0,5180,35,0,0,0,0,0,0,0,0
525,2017-04-14,09:15:19,0,SF705,XZCE,5180,5164,5230,1744,45347260,18280,18344,5454,4934,5194,5186,0,5230,0,0,0,2017-04-14,33319000,5180,2,0,0,0,0,0,0,0,0,5186,5,0,0,0,0,0,0,0,0
526,2017-04-14,09:15:22,0,SF705,XZCE,5180,5164,5230,1744,45347260,18280,18344,5454,4934,5194,5186,0,5230,0,0,0,2017-04-14,33322000,5180,2,0,0,0,0,0,0,0,0,5184,3,0,0,0,0,0,0,0,0
527,2017-04-14,09:15:24,0,SF705,XZCE,5180,5164,5230,1744,45347260,18280,18344,5454,4934,5194,5186,0,5230,0,0,0,2017-04-14,33324000,5178,3,0,0,0,0,0,0,0,0,5182,1,0,0,0,0,0,0,0,0
528,2017-04-14,09:15:26,0,SF705,XZCE,5178,5164,5230,1752,45554380,18282,18344,5454,4934,5194,5186,0,5230,0,0,0,2017-04-14,33326000,5176,16,0,0,0,0,0,0,0,0,5182,3,0,0,0,0,0,0,0,0
529,2017-04-14,09:15:29,0,SF705,XZCE,5178,5164,5230,1752,45554380,18282,18344,5454,4934,5194,5186,0,5230,0,0,0,2017-04-14,33329000,5176,19,0,0,0,0,0,0,0,0,5182,3,0,0,0,0,0,0,0,0
530,2017-04-14,09:15:29,0,SF705,XZCE,5178,5164,5230,1752,45554380,18282,18344,5454,4934,5194,5186,0,5230,0,0,0,2017-04-14,33329000,5178,1,0,0,0,0,0,0,0,0,5182,3,0,0,0,0,0,0,0,0
531,2017-04-14,09:15:30,0,SF705,XZCE,5182,5164,5230,1762,45813480,18284,18344,5454,4934,5194,5186,0,5230,0,0,0,2017-04-14,33330000,5178,2,0,0,0,0,0,0,0,0,5182,1,0,0,0,0,0,0,0,0
532,2017-04-14,09:15:32,0,SF705,XZCE,5182,5164,5230,1762,45813480,18284,18344,5454,4934,5194,5186,0,5230,0,0,0,2017-04-14,33332000,5178,7,0,0,0,0,0,0,0,0,5182,1,0,0,0,0,0,0,0,0
533,2017-04-14,09:15:33,0,SF705,XZCE,5182,5164,5230,1762,45813480,18284,18344,5454,4934,5194,5186,0,5230,0,0,0,2017-04-14,33333000,5178,9,0,0,0,0,0,0,0,0,5182,1,0,0,0,0,0,0,0,0
534,2017-04-14,09:15:35,0,SF705,XZCE,5182,5164,5230,1764,45865300,18284,18344,5454,4934,5194,5186,0,5230,0,0,0,2017-04-14,33335000,5178,9,0,0,0,0,0,0,0,0,5184,5,0,0,0,0,0,0,0,0
535,2017-04-14,09:15:35,0,SF705,XZCE,5182,5164,5230,1764,45865300,18284,18344,5454,4934,5194,5186,0,5230,0,0,0,2017-04-14,33335000,5180,2,0,0,0,0,0,0,0,0,5184,5,0,0,0,0,0,0,0,0
536,2017-04-14,09:15:36,0,SF705,XZCE,5182,5164,5230,1764,45865300,18284,18344,5454,4934,5194,5186,0,5230,0,0,0,2017-04-14,33336000,5180,2,0,0,0,0,0,0,0,0,5184,2,0,0,0,0,0,0,0,0
537,2017-04-14,09:15:38,0,SF705,XZCE,5182,5164,5230,1764,45865300,18284,18344,5454,4934,5194,5186,0,5230,0,0,0,2017-04-14,33338000,5180,2,0,0,0,0,0,0,0,0,5182,5,0,0,0,0,0,0,0,0
538,2017-04-14,09:15:39,0,SF705,XZCE,5182,5164,5230,1764,45865300,18284,18344,5454,4934,5194,5186,0,5230,0,0,0,2017-04-14,33339000,5180,1,0,0,0,0,0,0,0,0,5182,5,0,0,0,0,0,0,0,0
539,2017-04-14,09:15:52,0,SF705,XZCE,5180,5164,5230,1766,45917100,18284,18344,5454,4934,5194,5186,0,5230,0,0,0,2017-04-14,33352000,5178,8,0,0,0,0,0,0,0,0,5182,5,0,0,0,0,0,0,0,0
540,2017-04-14,09:15:53,0,SF705,XZCE,5182,5164,5230,1772,46072560,18290,18344,5454,4934,5194,5186,0,5230,0,0,0,2017-04-14,33353000,5180,1,0,0,0,0,0,0,0,0,5182,2,0,0,0,0,0,0,0,0
541,2017-04-14,09:15:56,0,SF705,XZCE,5180,5164,5230,1774,46124360,18288,18344,5454,4934,5194,5186,0,5230,0,0,0,2017-04-14,33356000,5178,8,0,0,0,0,0,0,0,0,5182,2,0,0,0,0,0,0,0,0
542,2017-04-14,09:15:57,0,SF705,XZCE,5180,5164,5230,1774,46124360,18288,18344,5454,4934,5194,5186,0,5230,0,0,0,2017-04-14,33357000,5180,1,0,0,0,0,0,0,0,0,5182,2,0,0,0,0,0,0,0,0
543,2017-04-14,09:15:58,0,SF705,XZCE,5180,5164,5230,1776,46176160,18288,18344,5454,4934,5194,5186,0,5230,0,0,0,2017-04-14,33358000,5180,3,0,0,0,0,0,0,0,0,5182,2,0,0,0,0,0,0,0,0
544,2017-04-14,09:16:03,0,SF705,XZCE,5182,5164,5230,1778,46227980,18290,18344,5454,4934,5194,5186,0,5230,0,0,0,2017-04-14,33363000,5180,3,0,0,0,0,0,0,0,0,5182,1,0,0,0,0,0,0,0,0
545,2017-04-14,09:16:04,0,SF705,XZCE,5182,5164,5230,1780,46279800,18292,18344,5454,4934,5194,5186,0,5230,0,0,0,2017-04-14,33364000,5180,3,0,0,0,0,0,0,0,0,5184,2,0,0,0,0,0,0,0,0
546,2017-04-14,09:16:05,0,SF705,XZCE,5182,5164,5230,1780,46279800,18292,18344,5454,4934,5194,5186,0,5230,0,0,0,2017-04-14,33365000,5182,1,0,0,0,0,0,0,0,0,5184,2,0,0,0,0,0,0,0,0
547,2017-04-14,09:16:05,0,SF705,XZCE,5182,5164,5230,1782,46331620,18292,18344,5454,4934,5194,5186,0,5230,0,0,0,2017-04-14,33365000,5180,3,0,0,0,0,0,0,0,0,5184,2,0,0,0,0,0,0,0,0
548,2017-04-14,09:16:11,0,SF705,XZCE,5182,5164,5230,1782,46331620,18292,18344,5454,4934,5194,5186,0,5230,0,0,0,2017-04-14,33371000,5178,5,0,0,0,0,0,0,0,0,5184,2,0,0,0,0,0,0,0,0
549,2017-04-14,09:16:15,0,SF705,XZCE,5182,5164,5230,1782,46331620,18292,18344,5454,4934,5194,5186,0,5230,0,0,0,2017-04-14,33375000,5180,2,0,0,0,0,0,0,0,0,5184,1,0,0,0,0,0,0,0,0
550,2017-04-14,09:16:16,0,SF705,XZCE,5182,5164,5230,1782,46331620,18292,18344,5454,4934,5194,5186,0,5230,0,0,0,2017-04-14,33376000,5180,2,0,0,0,0,0,0,0,0,5184,2,0,0,0,0,0,0,0,0
551,2017-04-14,09:16:17,0,SF705,XZCE,5182,5164,5230,1782,46331620,18292,18344,5454,4934,5194,5186,0,5230,0,0,0,2017-04-14,33377000,5180,2,0,0,0,0,0,0,0,0,5184,5,0,0,0,0,0,0,0,0
552,2017-04-14,09:16:18,0,SF705,XZCE,5182,5164,5230,1782,46331620,18292,18344,5454,4934,5194,5186,0,5230,0,0,0,2017-04-14,33378000,5180,2,0,0,0,0,0,0,0,0,5182,1,0,0,0,0,0,0,0,0
553,2017-04-14,09:16:23,0,SF705,XZCE,5182,5164,5230,1786,46435260,18292,18344,5454,4934,5194,5186,0,5230,0,0,0,2017-04-14,33383000,5180,2,0,0,0,0,0,0,0,0,5184,5,0,0,0,0,0,0,0,0
554,2017-04-14,09:16:31,0,SF705,XZCE,5182,5164,5230,1786,46435260,18292,18344,5454,4934,5194,5186,0,5230,0,0,0,2017-04-14,33391000,5182,4,0,0,0,0,0,0,0,0,5184,5,0,0,0,0,0,0,0,0
555,2017-04-14,09:16:32,0,SF705,XZCE,5182,5164,5230,1786,46435260,18292,18344,5454,4934,5194,5186,0,5230,0,0,0,2017-04-14,33392000,5182,4,0,0,0,0,0,0,0,0,5184,2,0,0,0,0,0,0,0,0
556,2017-04-14,09:16:36,0,SF705,XZCE,5182,5164,5230,1790,46538900,18288,18344,5454,4934,5194,5186,0,5230,0,0,0,2017-04-14,33396000,5182,2,0,0,0,0,0,0,0,0,5184,2,0,0,0,0,0,0,0,0
557,2017-04-14,09:16:36,0,SF705,XZCE,5182,5164,5230,1794,46642540,18288,18344,5454,4934,5194,5186,0,5230,0,0,0,2017-04-14,33396000,5178,5,0,0,0,0,0,0,0,0,5184,2,0,0,0,0,0,0,0,0
558,2017-04-14,09:16:37,0,SF705,XZCE,5182,5164,5230,1796,46694360,18288,18344,5454,4934,5194,5186,0,5230,0,0,0,2017-04-14,33397000,5178,5,0,0,0,0,0,0,0,0,5184,2,0,0,0,0,0,0,0,0
559,2017-04-14,09:16:41,0,SF705,XZCE,5182,5164,5230,1800,46798000,18286,18344,5454,4934,5194,5186,0,5230,0,0,0,2017-04-14,33401000,5178,5,0,0,0,0,0,0,0,0,5182,1,0,0,0,0,0,0,0,0
560,2017-04-14,09:16:41,0,SF705,XZCE,5182,5164,5230,1800,46798000,18286,18344,5454,4934,5194,5186,0,5230,0,0,0,2017-04-14,33401000,5180,3,0,0,0,0,0,0,0,0,5184,2,0,0,0,0,0,0,0,0
561,2017-04-14,09:16:43,0,SF705,XZCE,5184,5164,5230,1802,46849840,18288,18344,5454,4934,5194,5186,0,5230,0,0,0,2017-04-14,33403000,5180,3,0,0,0,0,0,0,0,0,5184,1,0,0,0,0,0,0,0,0
562,2017-04-14,09:16:44,0,SF705,XZCE,5184,5164,5230,1806,46953520,18284,18344,5454,4934,5194,5186,0,5230,0,0,0,2017-04-14,33404000,5180,4,0,0,0,0,0,0,0,0,5186,7,0,0,0,0,0,0,0,0
