,dataDate,dataTime,dataMillisec,instrumentID,exchangeCD,lastPrice,lowPrice,highPrice,volume,value,openInterest,preOpenInterest,upperLimitPrice,lowerLimitPrice,preSettlementPrice,prevClosePrice,settlementPrice,openPrice,closePrice,preDelta,currDelta,clearingDay,milliSecOffset,bidPrice1,bidVolume1,bidPrice2,bidVolume2,bidPrice3,bidVolume3,bidPrice4,bidVolume4,bidPrice5,bidVolume5,askPrice1,askVolume1,askPrice2,askVolume2,askPrice3,askVolume3,askPrice4,askVolume4,askPrice5,askVolume5
0,2017-04-13,19:31:03,0,SM705,XZCE,6120,0,0,0,0,36012,36012,6462,5730,6096,6120,0,0,0,0,0,2017-04-14,70263000,0,0,0,0,0,0,0,0,0,0,0,0,0,0,0,0,0,0,0,0
1,2017-04-14,08:59:00,0,SM705,XZCE,6188,6188,6188,150,4641000,36072,36012,6462,5730,6096,6120,0,6188,0,0,0,2017-04-14,32340000,6186,7,0,0,0,0,0,0,0,0,6188,12,0,0,0,0,0,0,0,0
2,2017-04-14,09:00:00,0,SM705,XZCE,6190,6186,6190,210,6498000,36080,36012,6462,5730,6096,6120,0,6188,0,0,0,2017-04-14,32400000,6182,11,0,0,0,0,0,0,0,0,6186,6,0,0,0,0,0,0,0,0
3,2017-04-14,09:00:00,0,SM705,XZCE,6196,6184,6196,314,9719920,36070,36012,6462,5730,6096,6120,0,6188,0,0,0,2017-04-14,32400000,6194,2,0,0,0,0,0,0,0,0,6198,16,0,0,0,0,0,0,0,0
4,2017-04-14,09:00:01,0,SM705,XZCE,6208,6184,6214,522,16176240,36012,36012,6462,5730,6096,6120,0,6188,0,0,0,2017-04-14,32401000,6202,19,0,0,0,0,0,0,0,0,6208,4,0,0,0,0,0,0,0,0
5,2017-04-14,09:00:01,0,SM705,XZCE,6202,6184,6214,674,20889760,36000,36012,6462,5730,6096,6120,0,6188,0,0,0,2017-04-14,32401000,6196,11,0,0,0,0,0,0,0,0,6202,36,0,0,0,0,0,0,0,0
6,2017-04-14,09:00:02,0,SM705,XZCE,6198,6184,6214,782,24236680,36020,36012,6462,5730,6096,6120,0,6188,0,0,0,2017-04-14,32402000,6190,5,0,0,0,0,0,0,0,0,6196,6,0,0,0,0,0,0,0,0
7,2017-04-14,09:00:02,0,SM705,XZCE,6196,6184,6214,902,27954280,36008,36012,6462,5730,6096,6120,0,6188,0,0,0,2017-04-14,32402000,6192,2,0,0,0,0,0,0,0,0,6200,7,0,0,0,0,0,0,0,0
8,2017-04-14,09:00:03,0,SM705,XZCE,6196,6184,6214,946,29317400,36002,36012,6462,5730,6096,6120,0,6188,0,0,0,2017-04-14,32403000,6192,1,0,0,0,0,0,0,0,0,6196,3,0,0,0,0,0,0,0,0
9,2017-04-14,09:00:03,0,SM705,XZCE,6196,6184,6214,988,30618560,35996,36012,6462,5730,6096,6120,0,6188,0,0,0,2017-04-14,32403000,6194,8,0,0,0,0,0,0,0,0,6196,1,0,0,0,0,0,0,0,0
10,2017-04-14,09:00:04,0,SM705,XZCE,6194,6184,6214,998,30928260,35996,36012,6462,5730,6096,6120,0,6188,0,0,0,2017-04-14,32404000,6196,1,0,0,0,0,0,0,0,0,6198,1,0,0,0,0,0,0,0,0
11,2017-04-14,09:00:04,0,SM705,XZCE,6194,6184,6214,1010,31299900,35996,36012,6462,5730,6096,6120,0,6188,0,0,0,2017-04-14,32404000,6194,3,0,0,0,0,0,0,0,0,6198,2,0,0,0,0,0,0,0,0
12,2017-04-14,09:00:05,0,SM705,XZCE,6192,6184,6214,1030,31919100,36000,36012,6462,5730,6096,6120,0,6188,0,0,0,2017-04-14,32405000,6190,3,0,0,0,0,0,0,0,0,6194,4,0,0,0,0,0,0,0,0
13,2017-04-14,09:00:05,0,SM705,XZCE,6194,6184,6214,1036,32104920,36004,36012,6462,5730,6096,6120,0,6188,0,0,0,2017-04-14,32405000,6190,1,0,0,0,0,0,0,0,0,6194,4,0,0,0,0,0,0,0,0
14,2017-04-14,09:00:06,0,SM705,XZCE,6188,6184,6214,1108,34332600,36018,36012,6462,5730,6096,6120,0,6188,0,0,0,2017-04-14,32406000,6188,96,0,0,0,0,0,0,0,0,6190,4,0,0,0,0,0,0,0,0
15,2017-04-14,09:00:06,0,SM705,XZCE,6190,6184,6214,1126,34889700,36026,36012,6462,5730,6096,6120,0,6188,0,0,0,2017-04-14,32406000,6188,94,0,0,0,0,0,0,0,0,6190,1,0,0,0,0,0,0,0,0
16,2017-04-14,09:00:07,0,SM705,XZCE,6192,6184,6214,1132,35075460,36026,36012,6462,5730,6096,6120,0,6188,0,0,0,2017-04-14,32407000,6188,94,0,0,0,0,0,0,0,0,6192,5,0,0,0,0,0,0,0,0
17,2017-04-14,09:00:07,0,SM705,XZCE,6192,6184,6214,1158,35880420,36030,36012,6462,5730,6096,6120,0,6188,0,0,0,2017-04-14,32407000,6188,103,0,0,0,0,0,0,0,0,6194,21,0,0,0,0,0,0,0,0
18,2017-04-14,09:00:08,0,SM705,XZCE,6188,6184,6214,1186,36746740,36032,36012,6462,5730,6096,6120,0,6188,0,0,0,2017-04-14,32408000,6188,102,0,0,0,0,0,0,0,0,6190,1,0,0,0,0,0,0,0,0
19,2017-04-14,09:00:08,0,SM705,XZCE,6180,6180,6214,1416,43853740,35916,36012,6462,5730,6096,6120,0,6188,0,0,0,2017-04-14,32408000,6174,2,0,0,0,0,0,0,0,0,6180,40,0,0,0,0,0,0,0,0
20,2017-04-14,09:00:09,0,SM705,XZCE,6164,6164,6214,1458,45148180,35936,36012,6462,5730,6096,6120,0,6188,0,0,0,2017-04-14,32409000,6164,12,0,0,0,0,0,0,0,0,6168,1,0,0,0,0,0,0,0,0
21,2017-04-14,09:00:09,0,SM705,XZCE,6166,6164,6214,1516,46936320,35922,36012,6462,5730,6096,6120,0,6188,0,0,0,2017-04-14,32409000,6164,6,0,0,0,0,0,0,0,0,6166,8,0,0,0,0,0,0,0,0
22,2017-04-14,09:00:10,0,SM705,XZCE,6160,6160,6214,1588,49153920,35914,36012,6462,5730,6096,6120,0,6188,0,0,0,2017-04-14,32410000,6160,11,0,0,0,0,0,0,0,0,6166,2,0,0,0,0,0,0,0,0
23,2017-04-14,09:00:10,0,SM705,XZCE,6162,6160,6214,1630,50447940,35934,36012,6462,5730,6096,6120,0,6188,0,0,0,2017-04-14,32410000,6160,17,0,0,0,0,0,0,0,0,6166,1,0,0,0,0,0,0,0,0
24,2017-04-14,09:00:11,0,SM705,XZCE,6164,6156,6214,1688,52235500,35912,36012,6462,5730,6096,6120,0,6188,0,0,0,2017-04-14,32411000,6162,1,0,0,0,0,0,0,0,0,6164,3,0,0,0,0,0,0,0,0
25,2017-04-14,09:00:11,0,SM705,XZCE,6168,6156,6214,1702,52667260,35912,36012,6462,5730,6096,6120,0,6188,0,0,0,2017-04-14,32411000,6162,3,0,0,0,0,0,0,0,0,6166,3,0,0,0,0,0,0,0,0
26,2017-04-14,09:00:12,0,SM705,XZCE,6162,6156,6214,1736,53714800,35900,36012,6462,5730,6096,6120,0,6188,0,0,0,2017-04-14,32412000,6162,1,0,0,0,0,0,0,0,0,6168,10,0,0,0,0,0,0,0,0
27,2017-04-14,09:00:12,0,SM705,XZCE,6160,6156,6214,1756,54330800,35898,36012,6462,5730,6096,6120,0,6188,0,0,0,2017-04-14,32412000,6160,7,0,0,0,0,0,0,0,0,6164,15,0,0,0,0,0,0,0,0
28,2017-04-14,09:00:13,0,SM705,XZCE,6164,6156,6214,1768,54700640,35898,36012,6462,5730,6096,6120,0,6188,0,0,0,2017-04-14,32413000,6160,11,0,0,0,0,0,0,0,0,6164,11,0,0,0,0,0,0,0,0
29,2017-04-14,09:00:13,0,SM705,XZCE,6168,6156,6214,1796,55564160,35904,36012,6462,5730,6096,6120,0,6188,0,0,0,2017-04-14,32413000,6162,2,0,0,0,0,0,0,0,0,6168,9,0,0,0,0,0,0,0,0
30,2017-04-14,09:00:14,0,SM705,XZCE,6162,6156,6214,1802,55749020,35902,36012,6462,5730,6096,6120,0,6188,0,0,0,2017-04-14,32414000,6162,10,0,0,0,0,0,0,0,0,6168,8,0,0,0,0,0,0,0,0
31,2017-04-14,09:00:14,0,SM705,XZCE,6164,6156,6214,1820,56303780,35896,36012,6462,5730,6096,6120,0,6188,0,0,0,2017-04-14,32414000,6164,8,0,0,0,0,0,0,0,0,6168,6,0,0,0,0,0,0,0,0
32,2017-04-14,09:00:15,0,SM705,XZCE,6174,6156,6214,1844,57044660,35906,36012,6462,5730,6096,6120,0,6188,0,0,0,2017-04-14,32415000,6168,5,0,0,0,0,0,0,0,0,6174,1,0,0,0,0,0,0,0,0
33,2017-04-14,09:00:15,0,SM705,XZCE,6172,6156,6214,1852,57291540,35906,36012,6462,5730,6096,6120,0,6188,0,0,0,2017-04-14,32415000,6172,7,0,0,0,0,0,0,0,0,6176,2,0,0,0,0,0,0,0,0
34,2017-04-14,09:00:16,0,SM705,XZCE,6176,6156,6214,1858,57476820,35908,36012,6462,5730,6096,6120,0,6188,0,0,0,2017-04-14,32416000,6180,2,0,0,0,0,0,0,0,0,6184,16,0,0,0,0,0,0,0,0
35,2017-04-14,09:00:16,0,SM705,XZCE,6174,6156,6214,1886,58341180,35930,36012,6462,5730,6096,6120,0,6188,0,0,0,2017-04-14,32416000,6174,1,0,0,0,0,0,0,0,0,6180,11,0,0,0,0,0,0,0,0
36,2017-04-14,09:00:17,0,SM705,XZCE,6174,6156,6214,1886,58341180,35930,36012,6462,5730,6096,6120,0,6188,0,0,0,2017-04-14,32417000,6174,1,0,0,0,0,0,0,0,0,6178,3,0,0,0,0,0,0,0,0
37,2017-04-14,09:00:17,0,SM705,XZCE,6178,6156,6214,1888,58402960,35930,36012,6462,5730,6096,6120,0,6188,0,0,0,2017-04-14,32417000,6174,1,0,0,0,0,0,0,0,0,6178,2,0,0,0,0,0,0,0,0
38,2017-04-14,09:00:18,0,SM705,XZCE,6178,6156,6214,1894,58588300,35928,36012,6462,5730,6096,6120,0,6188,0,0,0,2017-04-14,32418000,6174,1,0,0,0,0,0,0,0,0,6178,2,0,0,0,0,0,0,0,0
39,2017-04-14,09:00:18,0,SM705,XZCE,6178,6156,6214,1904,58897200,35930,36012,6462,5730,6096,6120,0,6188,0,0,0,2017-04-14,32418000,6174,2,0,0,0,0,0,0,0,0,6176,1,0,0,0,0,0,0,0,0
40,2017-04-14,09:00:19,0,SM705,XZCE,6174,6156,6214,1918,59329380,35932,36012,6462,5730,6096,6120,0,6188,0,0,0,2017-04-14,32419000,6170,1,0,0,0,0,0,0,0,0,6176,1,0,0,0,0,0,0,0,0
41,2017-04-14,09:00:19,0,SM705,XZCE,6178,6156,6214,1932,59761840,35934,36012,6462,5730,6096,6120,0,6188,0,0,0,2017-04-14,32419000,6176,2,0,0,0,0,0,0,0,0,6178,1,0,0,0,0,0,0,0,0
42,2017-04-14,09:00:20,0,SM705,XZCE,6176,6156,6214,1954,60441200,35922,36012,6462,5730,6096,6120,0,6188,0,0,0,2017-04-14,32420000,6172,5,0,0,0,0,0,0,0,0,6176,1,0,0,0,0,0,0,0,0
43,2017-04-14,09:00:20,0,SM705,XZCE,6174,6156,6214,1962,60688160,35926,36012,6462,5730,6096,6120,0,6188,0,0,0,2017-04-14,32420000,6172,5,0,0,0,0,0,0,0,0,6178,2,0,0,0,0,0,0,0,0
44,2017-04-14,09:00:21,0,SM705,XZCE,6174,6156,6214,1962,60688160,35926,36012,6462,5730,6096,6120,0,6188,0,0,0,2017-04-14,32421000,6176,1,0,0,0,0,0,0,0,0,6178,1,0,0,0,0,0,0,0,0
45,2017-04-14,09:00:21,0,SM705,XZCE,6168,6156,6214,1992,61613360,35946,36012,6462,5730,6096,6120,0,6188,0,0,0,2017-04-14,32421000,6170,2,0,0,0,0,0,0,0,0,6176,6,0,0,0,0,0,0,0,0
46,2017-04-14,09:00:22,0,SM705,XZCE,6172,6156,6214,1998,61798520,35944,36012,6462,5730,6096,6120,0,6188,0,0,0,2017-04-14,32422000,6172,1,0,0,0,0,0,0,0,0,6176,4,0,0,0,0,0,0,0,0
47,2017-04-14,09:00:22,0,SM705,XZCE,6176,6156,6214,2000,61860280,35942,36012,6462,5730,6096,6120,0,6188,0,0,0,2017-04-14,32422000,6172,1,0,0,0,0,0,0,0,0,6176,3,0,0,0,0,0,0,0,0
48,2017-04-14,09:00:23,0,SM705,XZCE,6176,6156,6214,2016,62354360,35952,36012,6462,5730,6096,6120,0,6188,0,0,0,2017-04-14,32423000,6172,3,0,0,0,0,0,0,0,0,6178,4,0,0,0,0,0,0,0,0
49,2017-04-14,09:00:24,0,SM705,XZCE,6172,6156,6214,2024,62601240,35954,36012,6462,5730,6096,6120,0,6188,0,0,0,2017-04-14,32424000,6170,3,0,0,0,0,0,0,0,0,6176,4,0,0,0,0,0,0,0,0
50,2017-04-14,09:00:24,0,SM705,XZCE,6172,6156,6214,2026,62662960,35956,36012,6462,5730,6096,6120,0,6188,0,0,0,2017-04-14,32424000,6170,4,0,0,0,0,0,0,0,0,6172,1,0,0,0,0,0,0,0,0
51,2017-04-14,09:00:25,0,SM705,XZCE,6170,6156,6214,2044,63218260,35956,36012,6462,5730,6096,6120,0,6188,0,0,0,2017-04-14,32425000,6168,21,0,0,0,0,0,0,0,0,6170,4,0,0,0,0,0,0,0,0
52,2017-04-14,09:00:25,0,SM705,XZCE,6170,6156,6214,2044,63218260,35956,36012,6462,5730,6096,6120,0,6188,0,0,0,2017-04-14,32425000,6168,21,0,0,0,0,0,0,0,0,6170,6,0,0,0,0,0,0,0,0
53,2017-04-14,09:00:26,0,SM705,XZCE,6170,6156,6214,2056,63588460,35948,36012,6462,5730,6096,6120,0,6188,0,0,0,2017-04-14,32426000,6168,15,0,0,0,0,0,0,0,0,6170,4,0,0,0,0,0,0,0,0
54,2017-04-14,09:00:27,0,SM705,XZCE,6170,6156,6214,2066,63896960,35952,36012,6462,5730,6096,6120,0,6188,0,0,0,2017-04-14,32427000,6170,3,0,0,0,0,0,0,0,0,6172,1,0,0,0,0,0,0,0,0
55,2017-04-14,09:00:27,0,SM705,XZCE,6170,6156,6214,2070,64020360,35948,36012,6462,5730,6096,6120,0,6188,0,0,0,2017-04-14,32427000,6170,3,0,0,0,0,0,0,0,0,6172,1,0,0,0,0,0,0,0,0
56,2017-04-14,09:00:27,0,SM705,XZCE,6170,6156,6214,2072,64082060,35948,36012,6462,5730,6096,6120,0,6188,0,0,0,2017-04-14,32427000,6170,2,0,0,0,0,0,0,0,0,6172,1,0,0,0,0,0,0,0,0
57,2017-04-14,09:00:28,0,SM705,XZCE,6170,6156,6214,2076,64205460,35950,36012,6462,5730,6096,6120,0,6188,0,0,0,2017-04-14,32428000,6170,13,0,0,0,0,0,0,0,0,6172,1,0,0,0,0,0,0,0,0
58,2017-04-14,09:00:29,0,SM705,XZCE,6170,6156,6214,2084,64452260,35956,36012,6462,5730,6096,6120,0,6188,0,0,0,2017-04-14,32429000,6170,12,0,0,0,0,0,0,0,0,6176,2,0,0,0,0,0,0,0,0
59,2017-04-14,09:00:29,0,SM705,XZCE,6172,6156,6214,2094,64760860,35946,36012,6462,5730,6096,6120,0,6188,0,0,0,2017-04-14,32429000,6172,8,0,0,0,0,0,0,0,0,6176,2,0,0,0,0,0,0,0,0
60,2017-04-14,09:00:29,0,SM705,XZCE,6170,6156,6214,2114,65377860,35952,36012,6462,5730,6096,6120,0,6188,0,0,0,2017-04-14,32429000,6170,18,0,0,0,0,0,0,0,0,6176,2,0,0,0,0,0,0,0,0
61,2017-04-14,09:00:30,0,SM705,XZCE,6170,6156,6214,2116,65439560,35954,36012,6462,5730,6096,6120,0,6188,0,0,0,2017-04-14,32430000,6170,16,0,0,0,0,0,0,0,0,6176,2,0,0,0,0,0,0,0,0
62,2017-04-14,09:00:31,0,SM705,XZCE,6170,6156,6214,2120,65562960,35958,36012,6462,5730,6096,6120,0,6188,0,0,0,2017-04-14,32431000,6170,14,0,0,0,0,0,0,0,0,6176,3,0,0,0,0,0,0,0,0
63,2017-04-14,09:00:31,0,SM705,XZCE,6176,6156,6214,2130,65871760,35960,36012,6462,5730,6096,6120,0,6188,0,0,0,2017-04-14,32431000,6176,45,0,0,0,0,0,0,0,0,6178,1,0,0,0,0,0,0,0,0
64,2017-04-14,09:00:32,0,SM705,XZCE,6178,6156,6214,2134,65995320,35960,36012,6462,5730,6096,6120,0,6188,0,0,0,2017-04-14,32432000,6176,45,0,0,0,0,0,0,0,0,6180,10,0,0,0,0,0,0,0,0
65,2017-04-14,09:00:32,0,SM705,XZCE,6178,6156,6214,2134,65995320,35960,36012,6462,5730,6096,6120,0,6188,0,0,0,2017-04-14,32432000,6176,45,0,0,0,0,0,0,0,0,6178,3,0,0,0,0,0,0,0,0
66,2017-04-14,09:00:33,0,SM705,XZCE,6180,6156,6214,2146,66366120,35954,36012,6462,5730,6096,6120,0,6188,0,0,0,2017-04-14,32433000,6176,45,0,0,0,0,0,0,0,0,6180,7,0,0,0,0,0,0,0,0
67,2017-04-14,09:00:33,0,SM705,XZCE,6182,6156,6214,2148,66427940,35954,36012,6462,5730,6096,6120,0,6188,0,0,0,2017-04-14,32433000,6178,5,0,0,0,0,0,0,0,0,6182,28,0,0,0,0,0,0,0,0
68,2017-04-14,09:00:34,0,SM705,XZCE,6182,6156,6214,2150,66489760,35952,36012,6462,5730,6096,6120,0,6188,0,0,0,2017-04-14,32434000,6178,5,0,0,0,0,0,0,0,0,6182,27,0,0,0,0,0,0,0,0
69,2017-04-14,09:00:34,0,SM705,XZCE,6180,6156,6214,2170,67107760,35946,36012,6462,5730,6096,6120,0,6188,0,0,0,2017-04-14,32434000,6180,1,0,0,0,0,0,0,0,0,6182,25,0,0,0,0,0,0,0,0
70,2017-04-14,09:00:35,0,SM705,XZCE,6178,6156,6214,2178,67354880,35950,36012,6462,5730,6096,6120,0,6188,0,0,0,2017-04-14,32435000,6178,2,0,0,0,0,0,0,0,0,6182,25,0,0,0,0,0,0,0,0
71,2017-04-14,09:00:36,0,SM705,XZCE,6178,6156,6214,2178,67354880,35950,36012,6462,5730,6096,6120,0,6188,0,0,0,2017-04-14,32436000,6178,2,0,0,0,0,0,0,0,0,6180,8,0,0,0,0,0,0,0,0
72,2017-04-14,09:00:37,0,SM705,XZCE,6180,6156,6214,2202,68096480,35960,36012,6462,5730,6096,6120,0,6188,0,0,0,2017-04-14,32437000,6180,88,0,0,0,0,0,0,0,0,6182,25,0,0,0,0,0,0,0,0
73,2017-04-14,09:00:37,0,SM705,XZCE,6182,6156,6214,2246,69456520,35998,36012,6462,5730,6096,6120,0,6188,0,0,0,2017-04-14,32437000,6180,88,0,0,0,0,0,0,0,0,6182,3,0,0,0,0,0,0,0,0
74,2017-04-14,09:00:38,0,SM705,XZCE,6182,6156,6214,2262,69951080,36004,36012,6462,5730,6096,6120,0,6188,0,0,0,2017-04-14,32438000,6184,5,0,0,0,0,0,0,0,0,6186,2,0,0,0,0,0,0,0,0
75,2017-04-14,09:00:38,0,SM705,XZCE,6182,6156,6214,2264,70012900,36004,36012,6462,5730,6096,6120,0,6188,0,0,0,2017-04-14,32438000,6184,4,0,0,0,0,0,0,0,0,6186,1,0,0,0,0,0,0,0,0
76,2017-04-14,09:00:39,0,SM705,XZCE,6184,6156,6214,2270,70198420,35998,36012,6462,5730,6096,6120,0,6188,0,0,0,2017-04-14,32439000,6184,2,0,0,0,0,0,0,0,0,6186,1,0,0,0,0,0,0,0,0
77,2017-04-14,09:00:40,0,SM705,XZCE,6184,6156,6214,2272,70260260,35998,36012,6462,5730,6096,6120,0,6188,0,0,0,2017-04-14,32440000,6184,1,0,0,0,0,0,0,0,0,6186,1,0,0,0,0,0,0,0,0
78,2017-04-14,09:00:40,0,SM705,XZCE,6184,6156,6214,2276,70383940,35996,36012,6462,5730,6096,6120,0,6188,0,0,0,2017-04-14,32440000,6184,3,0,0,0,0,0,0,0,0,6186,2,0,0,0,0,0,0,0,0
79,2017-04-14,09:00:41,0,SM705,XZCE,6184,6156,6214,2286,70693140,35994,36012,6462,5730,6096,6120,0,6188,0,0,0,2017-04-14,32441000,6180,94,0,0,0,0,0,0,0,0,6184,8,0,0,0,0,0,0,0,0
80,2017-04-14,09:00:41,0,SM705,XZCE,6184,6156,6214,2302,71187860,35978,36012,6462,5730,6096,6120,0,6188,0,0,0,2017-04-14,32441000,6184,3,0,0,0,0,0,0,0,0,6186,1,0,0,0,0,0,0,0,0
81,2017-04-14,09:00:42,0,SM705,XZCE,6186,6156,6214,2326,71930180,35980,36012,6462,5730,6096,6120,0,6188,0,0,0,2017-04-14,32442000,6180,94,0,0,0,0,0,0,0,0,6188,100,0,0,0,0,0,0,0,0
82,2017-04-14,09:00:42,0,SM705,XZCE,6186,6156,6214,2326,71930180,35980,36012,6462,5730,6096,6120,0,6188,0,0,0,2017-04-14,32442000,6180,94,0,0,0,0,0,0,0,0,6184,11,0,0,0,0,0,0,0,0
83,2017-04-14,09:00:43,0,SM705,XZCE,6184,6156,6214,2330,72053860,35982,36012,6462,5730,6096,6120,0,6188,0,0,0,2017-04-14,32443000,6182,6,0,0,0,0,0,0,0,0,6184,13,0,0,0,0,0,0,0,0
84,2017-04-14,09:00:43,0,SM705,XZCE,6184,6156,6214,2336,72239380,35984,36012,6462,5730,6096,6120,0,6188,0,0,0,2017-04-14,32443000,6182,6,0,0,0,0,0,0,0,0,6184,10,0,0,0,0,0,0,0,0
85,2017-04-14,09:00:44,0,SM705,XZCE,6184,6156,6214,2344,72486740,35984,36012,6462,5730,6096,6120,0,6188,0,0,0,2017-04-14,32444000,6182,10,0,0,0,0,0,0,0,0,6184,6,0,0,0,0,0,0,0,0
86,2017-04-14,09:00:44,0,SM705,XZCE,6182,6156,6214,2354,72795840,35986,36012,6462,5730,6096,6120,0,6188,0,0,0,2017-04-14,32444000,6182,9,0,0,0,0,0,0,0,0,6184,5,0,0,0,0,0,0,0,0
87,2017-04-14,09:00:45,0,SM705,XZCE,6184,6156,6214,2364,73105040,35976,36012,6462,5730,6096,6120,0,6188,0,0,0,2017-04-14,32445000,6184,2,0,0,0,0,0,0,0,0,6186,3,0,0,0,0,0,0,0,0
88,2017-04-14,09:00:45,0,SM705,XZCE,6186,6156,6214,2414,74651540,36010,36012,6462,5730,6096,6120,0,6188,0,0,0,2017-04-14,32445000,6186,2,0,0,0,0,0,0,0,0,6188,100,0,0,0,0,0,0,0,0
89,2017-04-14,09:00:46,0,SM705,XZCE,6182,6156,6214,2442,75517020,36012,36012,6462,5730,6096,6120,0,6188,0,0,0,2017-04-14,32446000,6180,96,0,0,0,0,0,0,0,0,6182,24,0,0,0,0,0,0,0,0
90,2017-04-14,09:00:46,0,SM705,XZCE,6182,6156,6214,2456,75949760,36012,36012,6462,5730,6096,6120,0,6188,0,0,0,2017-04-14,32446000,6180,96,0,0,0,0,0,0,0,0,6182,20,0,0,0,0,0,0,0,0
91,2017-04-14,09:00:47,0,SM705,XZCE,6182,6156,6214,2472,76444320,36010,36012,6462,5730,6096,6120,0,6188,0,0,0,2017-04-14,32447000,6180,98,0,0,0,0,0,0,0,0,6182,13,0,0,0,0,0,0,0,0
92,2017-04-14,09:00:47,0,SM705,XZCE,6182,6156,6214,2556,79040760,36050,36012,6462,5730,6096,6120,0,6188,0,0,0,2017-04-14,32447000,6180,52,0,0,0,0,0,0,0,0,6182,11,0,0,0,0,0,0,0,0
93,2017-04-14,09:00:48,0,SM705,XZCE,6180,6156,6214,2566,79349760,36050,36012,6462,5730,6096,6120,0,6188,0,0,0,2017-04-14,32448000,6180,48,0,0,0,0,0,0,0,0,6182,10,0,0,0,0,0,0,0,0
94,2017-04-14,09:00:48,0,SM705,XZCE,6180,6156,6214,2578,79720560,36050,36012,6462,5730,6096,6120,0,6188,0,0,0,2017-04-14,32448000,6180,42,0,0,0,0,0,0,0,0,6182,10,0,0,0,0,0,0,0,0
95,2017-04-14,09:00:49,0,SM705,XZCE,6180,6156,6214,2662,82316160,36060,36012,6462,5730,6096,6120,0,6188,0,0,0,2017-04-14,32449000,6178,4,0,0,0,0,0,0,0,0,6180,2,0,0,0,0,0,0,0,0
96,2017-04-14,09:00:49,0,SM705,XZCE,6178,6156,6214,2670,82563280,36068,36012,6462,5730,6096,6120,0,6188,0,0,0,2017-04-14,32449000,6178,1,0,0,0,0,0,0,0,0,6180,42,0,0,0,0,0,0,0,0
97,2017-04-14,09:00:50,0,SM705,XZCE,6178,6156,6214,2672,82625060,36068,36012,6462,5730,6096,6120,0,6188,0,0,0,2017-04-14,32450000,6176,47,0,0,0,0,0,0,0,0,6180,42,0,0,0,0,0,0,0,0
98,2017-04-14,09:00:50,0,SM705,XZCE,6180,6156,6214,2778,85900460,36154,36012,6462,5730,6096,6120,0,6188,0,0,0,2017-04-14,32450000,6180,2,0,0,0,0,0,0,0,0,6182,9,0,0,0,0,0,0,0,0
99,2017-04-14,09:00:51,0,SM705,XZCE,6182,6156,6214,2784,86085920,36154,36012,6462,5730,6096,6120,0,6188,0,0,0,2017-04-14,32451000,6176,47,0,0,0,0,0,0,0,0,6178,1,0,0,0,0,0,0,0,0
100,2017-04-14,09:00:51,0,SM705,XZCE,6180,6156,6214,2790,86271320,36156,36012,6462,5730,6096,6120,0,6188,0,0,0,2017-04-14,32451000,6178,2,0,0,0,0,0,0,0,0,6182,8,0,0,0,0,0,0,0,0
101,2017-04-14,09:00:52,0,SM705,XZCE,6180,6156,6214,2790,86271320,36156,36012,6462,5730,6096,6120,0,6188,0,0,0,2017-04-14,32452000,6180,9,0,0,0,0,0,0,0,0,6182,8,0,0,0,0,0,0,0,0
102,2017-04-14,09:00:53,0,SM705,XZCE,6180,6156,6214,2816,87074720,36180,36012,6462,5730,6096,6120,0,6188,0,0,0,2017-04-14,32453000,6178,3,0,0,0,0,0,0,0,0,6180,6,0,0,0,0,0,0,0,0
103,2017-04-14,09:00:53,0,SM705,XZCE,6180,6156,6214,2818,87136520,36180,36012,6462,5730,6096,6120,0,6188,0,0,0,2017-04-14,32453000,6178,3,0,0,0,0,0,0,0,0,6180,12,0,0,0,0,0,0,0,0
104,2017-04-14,09:00:54,0,SM705,XZCE,6180,6156,6214,2820,87198320,36182,36012,6462,5730,6096,6120,0,6188,0,0,0,2017-04-14,32454000,6178,3,0,0,0,0,0,0,0,0,6180,23,0,0,0,0,0,0,0,0
105,2017-04-14,09:00:54,0,SM705,XZCE,6180,6156,6214,2832,87569120,36180,36012,6462,5730,6096,6120,0,6188,0,0,0,2017-04-14,32454000,6178,3,0,0,0,0,0,0,0,0,6180,17,0,0,0,0,0,0,0,0
106,2017-04-14,09:00:55,0,SM705,XZCE,6178,6156,6214,2834,87630900,36178,36012,6462,5730,6096,6120,0,6188,0,0,0,2017-04-14,32455000,6178,2,0,0,0,0,0,0,0,0,6180,17,0,0,0,0,0,0,0,0
107,2017-04-14,09:00:55,0,SM705,XZCE,6178,6156,6214,2834,87630900,36178,36012,6462,5730,6096,6120,0,6188,0,0,0,2017-04-14,32455000,6178,2,0,0,0,0,0,0,0,0,6180,20,0,0,0,0,0,0,0,0
108,2017-04-14,09:00:56,0,SM705,XZCE,6180,6156,6214,2836,87692700,36178,36012,6462,5730,6096,6120,0,6188,0,0,0,2017-04-14,32456000,6178,4,0,0,0,0,0,0,0,0,6180,21,0,0,0,0,0,0,0,0
109,2017-04-14,09:00:56,0,SM705,XZCE,6176,6156,6214,2846,88001500,36186,36012,6462,5730,6096,6120,0,6188,0,0,0,2017-04-14,32456000,6176,48,0,0,0,0,0,0,0,0,6180,21,0,0,0,0,0,0,0,0
110,2017-04-14,09:00:57,0,SM705,XZCE,6176,6156,6214,2848,88063260,36186,36012,6462,5730,6096,6120,0,6188,0,0,0,2017-04-14,32457000,6176,47,0,0,0,0,0,0,0,0,6180,21,0,0,0,0,0,0,0,0
111,2017-04-14,09:00:57,0,SM705,XZCE,6176,6156,6214,2850,88125020,36188,36012,6462,5730,6096,6120,0,6188,0,0,0,2017-04-14,32457000,6176,46,0,0,0,0,0,0,0,0,6180,21,0,0,0,0,0,0,0,0
112,2017-04-14,09:00:58,0,SM705,XZCE,6180,6156,6214,2856,88310420,36190,36012,6462,5730,6096,6120,0,6188,0,0,0,2017-04-14,32458000,6176,46,0,0,0,0,0,0,0,0,6180,18,0,0,0,0,0,0,0,0
113,2017-04-14,09:00:58,0,SM705,XZCE,6180,6156,6214,2858,88372220,36188,36012,6462,5730,6096,6120,0,6188,0,0,0,2017-04-14,32458000,6176,46,0,0,0,0,0,0,0,0,6180,17,0,0,0,0,0,0,0,0
114,2017-04-14,09:00:59,0,SM705,XZCE,6176,6156,6214,2860,88433980,36190,36012,6462,5730,6096,6120,0,6188,0,0,0,2017-04-14,32459000,6176,45,0,0,0,0,0,0,0,0,6180,17,0,0,0,0,0,0,0,0
115,2017-04-14,09:00:59,0,SM705,XZCE,6176,6156,6214,2866,88619260,36190,36012,6462,5730,6096,6120,0,6188,0,0,0,2017-04-14,32459000,6176,42,0,0,0,0,0,0,0,0,6180,17,0,0,0,0,0,0,0,0
116,2017-04-14,09:01:00,0,SM705,XZCE,6180,6156,6214,2868,88681060,36190,36012,6462,5730,6096,6120,0,6188,0,0,0,2017-04-14,32460000,6178,2,0,0,0,0,0,0,0,0,6180,16,0,0,0,0,0,0,0,0
117,2017-04-14,09:01:00,0,SM705,XZCE,6178,6156,6214,2880,89051740,36198,36012,6462,5730,6096,6120,0,6188,0,0,0,2017-04-14,32460000,6178,1,0,0,0,0,0,0,0,0,6180,11,0,0,0,0,0,0,0,0
118,2017-04-14,09:01:01,0,SM705,XZCE,6178,6156,6214,2882,89113520,36198,36012,6462,5730,6096,6120,0,6188,0,0,0,2017-04-14,32461000,6178,3,0,0,0,0,0,0,0,0,6180,11,0,0,0,0,0,0,0,0
119,2017-04-14,09:01:02,0,SM705,XZCE,6178,6156,6214,2884,89175300,36198,36012,6462,5730,6096,6120,0,6188,0,0,0,2017-04-14,32462000,6178,7,0,0,0,0,0,0,0,0,6180,11,0,0,0,0,0,0,0,0
120,2017-04-14,09:01:03,0,SM705,XZCE,6178,6156,6214,2884,89175300,36198,36012,6462,5730,6096,6120,0,6188,0,0,0,2017-04-14,32463000,6178,7,0,0,0,0,0,0,0,0,6180,12,0,0,0,0,0,0,0,0
121,2017-04-14,09:01:03,0,SM705,XZCE,6178,6156,6214,2890,89360640,36202,36012,6462,5730,6096,6120,0,6188,0,0,0,2017-04-14,32463000,6178,6,0,0,0,0,0,0,0,0,6180,10,0,0,0,0,0,0,0,0
122,2017-04-14,09:01:04,0,SM705,XZCE,6180,6156,6214,2904,89793240,36208,36012,6462,5730,6096,6120,0,6188,0,0,0,2017-04-14,32464000,6178,1,0,0,0,0,0,0,0,0,6180,10,0,0,0,0,0,0,0,0
123,2017-04-14,09:01:04,0,SM705,XZCE,6178,6156,6214,2908,89916800,36208,36012,6462,5730,6096,6120,0,6188,0,0,0,2017-04-14,32464000,6178,2,0,0,0,0,0,0,0,0,6180,10,0,0,0,0,0,0,0,0
124,2017-04-14,09:01:05,0,SM705,XZCE,6178,6156,6214,2918,90225700,36206,36012,6462,5730,6096,6120,0,6188,0,0,0,2017-04-14,32465000,6176,42,0,0,0,0,0,0,0,0,6178,1,0,0,0,0,0,0,0,0
125,2017-04-14,09:01:05,0,SM705,XZCE,6178,6156,6214,2922,90349260,36206,36012,6462,5730,6096,6120,0,6188,0,0,0,2017-04-14,32465000,6178,5,0,0,0,0,0,0,0,0,6180,8,0,0,0,0,0,0,0,0
126,2017-04-14,09:01:06,0,SM705,XZCE,6178,6156,6214,2934,90719940,36202,36012,6462,5730,6096,6120,0,6188,0,0,0,2017-04-14,32466000,6178,6,0,0,0,0,0,0,0,0,6180,7,0,0,0,0,0,0,0,0
127,2017-04-14,09:01:06,0,SM705,XZCE,6180,6156,6214,2954,91337940,36218,36012,6462,5730,6096,6120,0,6188,0,0,0,2017-04-14,32466000,6180,41,0,0,0,0,0,0,0,0,6182,9,0,0,0,0,0,0,0,0
128,2017-04-14,09:01:07,0,SM705,XZCE,6182,6156,6214,2976,92017960,36212,36012,6462,5730,6096,6120,0,6188,0,0,0,2017-04-14,32467000,6180,43,0,0,0,0,0,0,0,0,6184,58,0,0,0,0,0,0,0,0
129,2017-04-14,09:01:08,0,SM705,XZCE,6180,6156,6214,2978,92079760,36212,36012,6462,5730,6096,6120,0,6188,0,0,0,2017-04-14,32468000,6180,42,0,0,0,0,0,0,0,0,6184,58,0,0,0,0,0,0,0,0
130,2017-04-14,09:01:10,0,SM705,XZCE,6184,6156,6214,2980,92141600,36214,36012,6462,5730,6096,6120,0,6188,0,0,0,2017-04-14,32470000,6180,45,0,0,0,0,0,0,0,0,6184,57,0,0,0,0,0,0,0,0
131,2017-04-14,09:01:11,0,SM705,XZCE,6180,6156,6214,2982,92203400,36216,36012,6462,5730,6096,6120,0,6188,0,0,0,2017-04-14,32471000,6180,44,0,0,0,0,0,0,0,0,6184,58,0,0,0,0,0,0,0,0
132,2017-04-14,09:01:12,0,SM705,XZCE,6184,6156,6214,3008,93007320,36242,36012,6462,5730,6096,6120,0,6188,0,0,0,2017-04-14,32472000,6180,194,0,0,0,0,0,0,0,0,6184,45,0,0,0,0,0,0,0,0
133,2017-04-14,09:01:12,0,SM705,XZCE,6184,6156,6214,3012,93131000,36244,36012,6462,5730,6096,6120,0,6188,0,0,0,2017-04-14,32472000,6180,194,0,0,0,0,0,0,0,0,6184,43,0,0,0,0,0,0,0,0
134,2017-04-14,09:01:13,0,SM705,XZCE,6186,6156,6214,3118,96409580,36282,36012,6462,5730,6096,6120,0,6188,0,0,0,2017-04-14,32473000,6186,17,0,0,0,0,0,0,0,0,6188,123,0,0,0,0,0,0,0,0
135,2017-04-14,09:01:13,0,SM705,XZCE,6188,6156,6214,3128,96718980,36274,36012,6462,5730,6096,6120,0,6188,0,0,0,2017-04-14,32473000,6186,17,0,0,0,0,0,0,0,0,6188,118,0,0,0,0,0,0,0,0
136,2017-04-14,09:01:14,0,SM705,XZCE,6188,6156,6214,3156,97585300,36272,36012,6462,5730,6096,6120,0,6188,0,0,0,2017-04-14,32474000,6186,17,0,0,0,0,0,0,0,0,6188,104,0,0,0,0,0,0,0,0
137,2017-04-14,09:01:14,0,SM705,XZCE,6188,6156,6214,3170,98018460,36272,36012,6462,5730,6096,6120,0,6188,0,0,0,2017-04-14,32474000,6186,17,0,0,0,0,0,0,0,0,6188,97,0,0,0,0,0,0,0,0
138,2017-04-14,09:01:15,0,SM705,XZCE,6188,6156,6214,3190,98637260,36272,36012,6462,5730,6096,6120,0,6188,0,0,0,2017-04-14,32475000,6186,14,0,0,0,0,0,0,0,0,6188,89,0,0,0,0,0,0,0,0
139,2017-04-14,09:01:15,0,SM705,XZCE,6188,6156,6214,3252,100555540,36272,36012,6462,5730,6096,6120,0,6188,0,0,0,2017-04-14,32475000,6186,1,0,0,0,0,0,0,0,0,6188,59,0,0,0,0,0,0,0,0
140,2017-04-14,09:01:16,0,SM705,XZCE,6188,6156,6214,3266,100988700,36262,36012,6462,5730,6096,6120,0,6188,0,0,0,2017-04-14,32476000,6186,2,0,0,0,0,0,0,0,0,6188,52,0,0,0,0,0,0,0,0
141,2017-04-14,09:01:16,0,SM705,XZCE,6188,6156,6214,3286,101607500,36246,36012,6462,5730,6096,6120,0,6188,0,0,0,2017-04-14,32476000,6186,1,0,0,0,0,0,0,0,0,6188,43,0,0,0,0,0,0,0,0
142,2017-04-14,09:01:17,0,SM705,XZCE,6188,6156,6214,3290,101731260,36246,36012,6462,5730,6096,6120,0,6188,0,0,0,2017-04-14,32477000,6186,1,0,0,0,0,0,0,0,0,6188,41,0,0,0,0,0,0,0,0
143,2017-04-14,09:01:17,0,SM705,XZCE,6188,6156,6214,3308,102288180,36246,36012,6462,5730,6096,6120,0,6188,0,0,0,2017-04-14,32477000,6186,1,0,0,0,0,0,0,0,0,6188,32,0,0,0,0,0,0,0,0
144,2017-04-14,09:01:18,0,SM705,XZCE,6186,6156,6214,3340,103277940,36238,36012,6462,5730,6096,6120,0,6188,0,0,0,2017-04-14,32478000,6186,13,0,0,0,0,0,0,0,0,6188,19,0,0,0,0,0,0,0,0
145,2017-04-14,09:01:18,0,SM705,XZCE,6190,6156,6214,3418,105692040,36284,36012,6462,5730,6096,6120,0,6188,0,0,0,2017-04-14,32478000,6190,6,0,0,0,0,0,0,0,0,6192,2,0,0,0,0,0,0,0,0
146,2017-04-14,09:01:19,0,SM705,XZCE,6190,6156,6214,3426,105939640,36290,36012,6462,5730,6096,6120,0,6188,0,0,0,2017-04-14,32479000,6188,6,0,0,0,0,0,0,0,0,6190,9,0,0,0,0,0,0,0,0
147,2017-04-14,09:01:19,0,SM705,XZCE,6190,6156,6214,3442,106434840,36290,36012,6462,5730,6096,6120,0,6188,0,0,0,2017-04-14,32479000,6188,6,0,0,0,0,0,0,0,0,6190,1,0,0,0,0,0,0,0,0
148,2017-04-14,09:01:20,0,SM705,XZCE,6188,6156,6214,3452,106744240,36292,36012,6462,5730,6096,6120,0,6188,0,0,0,2017-04-14,32480000,6188,14,0,0,0,0,0,0,0,0,6190,13,0,0,0,0,0,0,0,0
149,2017-04-14,09:01:20,0,SM705,XZCE,6188,6156,6214,3466,107177400,36294,36012,6462,5730,6096,6120,0,6188,0,0,0,2017-04-14,32480000,6188,8,0,0,0,0,0,0,0,0,6190,12,0,0,0,0,0,0,0,0
150,2017-04-14,09:01:21,0,SM705,XZCE,6190,6156,6214,3492,107982100,36270,36012,6462,5730,6096,6120,0,6188,0,0,0,2017-04-14,32481000,6190,43,0,0,0,0,0,0,0,0,6192,2,0,0,0,0,0,0,0,0
151,2017-04-14,09:01:21,0,SM705,XZCE,6190,6156,6214,3494,108044000,36268,36012,6462,5730,6096,6120,0,6188,0,0,0,2017-04-14,32481000,6190,44,0,0,0,0,0,0,0,0,6192,2,0,0,0,0,0,0,0,0
152,2017-04-14,09:01:22,0,SM705,XZCE,6192,6156,6214,3500,108229760,36270,36012,6462,5730,6096,6120,0,6188,0,0,0,2017-04-14,32482000,6190,45,0,0,0,0,0,0,0,0,6194,9,0,0,0,0,0,0,0,0
153,2017-04-14,09:01:22,0,SM705,XZCE,6194,6156,6214,3504,108353640,36270,36012,6462,5730,6096,6120,0,6188,0,0,0,2017-04-14,32482000,6192,2,0,0,0,0,0,0,0,0,6194,7,0,0,0,0,0,0,0,0
154,2017-04-14,09:01:23,0,SM705,XZCE,6194,6156,6214,3506,108415580,36272,36012,6462,5730,6096,6120,0,6188,0,0,0,2017-04-14,32483000,6192,5,0,0,0,0,0,0,0,0,6194,6,0,0,0,0,0,0,0,0
155,2017-04-14,09:01:23,0,SM705,XZCE,6194,6156,6214,3512,108601400,36276,36012,6462,5730,6096,6120,0,6188,0,0,0,2017-04-14,32483000,6192,6,0,0,0,0,0,0,0,0,6194,5,0,0,0,0,0,0,0,0
156,2017-04-14,09:01:24,0,SM705,XZCE,6194,6156,6214,3522,108911100,36286,36012,6462,5730,6096,6120,0,6188,0,0,0,2017-04-14,32484000,6194,1,0,0,0,0,0,0,0,0,6196,4,0,0,0,0,0,0,0,0
157,2017-04-14,09:01:24,0,SM705,XZCE,6194,6156,6214,3524,108973040,36286,36012,6462,5730,6096,6120,0,6188,0,0,0,2017-04-14,32484000,6192,4,0,0,0,0,0,0,0,0,6194,4,0,0,0,0,0,0,0,0
158,2017-04-14,09:01:25,0,SM705,XZCE,6192,6156,6214,3528,109096880,36288,36012,6462,5730,6096,6120,0,6188,0,0,0,2017-04-14,32485000,6192,2,0,0,0,0,0,0,0,0,6194,12,0,0,0,0,0,0,0,0
159,2017-04-14,09:01:25,0,SM705,XZCE,6192,6156,6214,3534,109282640,36288,36012,6462,5730,6096,6120,0,6188,0,0,0,2017-04-14,32485000,6192,2,0,0,0,0,0,0,0,0,6194,10,0,0,0,0,0,0,0,0
160,2017-04-14,09:01:26,0,SM705,XZCE,6192,6156,6214,3546,109654160,36282,36012,6462,5730,6096,6120,0,6188,0,0,0,2017-04-14,32486000,6190,53,0,0,0,0,0,0,0,0,6192,5,0,0,0,0,0,0,0,0
161,2017-04-14,09:01:26,0,SM705,XZCE,6194,6156,6214,3564,110211620,36278,36012,6462,5730,6096,6120,0,6188,0,0,0,2017-04-14,32486000,6190,53,0,0,0,0,0,0,0,0,6194,2,0,0,0,0,0,0,0,0
162,2017-04-14,09:01:27,0,SM705,XZCE,6196,6156,6214,3574,110521420,36278,36012,6462,5730,6096,6120,0,6188,0,0,0,2017-04-14,32487000,6194,3,0,0,0,0,0,0,0,0,6196,16,0,0,0,0,0,0,0,0
163,2017-04-14,09:01:27,0,SM705,XZCE,6194,6156,6214,3594,111140820,36292,36012,6462,5730,6096,6120,0,6188,0,0,0,2017-04-14,32487000,6190,52,0,0,0,0,0,0,0,0,6192,5,0,0,0,0,0,0,0,0
164,2017-04-14,09:01:28,0,SM705,XZCE,6194,6156,6214,3620,111946040,36312,36012,6462,5730,6096,6120,0,6188,0,0,0,2017-04-14,32488000,6194,6,0,0,0,0,0,0,0,0,6196,19,0,0,0,0,0,0,0,0
165,2017-04-14,09:01:28,0,SM705,XZCE,6194,6156,6214,3692,114175880,36370,36012,6462,5730,6096,6120,0,6188,0,0,0,2017-04-14,32488000,6194,50,0,0,0,0,0,0,0,0,6196,9,0,0,0,0,0,0,0,0
166,2017-04-14,09:01:29,0,SM705,XZCE,6194,6156,6214,3694,114237820,36370,36012,6462,5730,6096,6120,0,6188,0,0,0,2017-04-14,32489000,6194,54,0,0,0,0,0,0,0,0,6196,9,0,0,0,0,0,0,0,0
167,2017-04-14,09:01:29,0,SM705,XZCE,6194,6156,6214,3708,114671400,36382,36012,6462,5730,6096,6120,0,6188,0,0,0,2017-04-14,32489000,6194,47,0,0,0,0,0,0,0,0,6196,9,0,0,0,0,0,0,0,0
168,2017-04-14,09:01:30,0,SM705,XZCE,6196,6156,6214,3714,114857280,36386,36012,6462,5730,6096,6120,0,6188,0,0,0,2017-04-14,32490000,6194,48,0,0,0,0,0,0,0,0,6196,10,0,0,0,0,0,0,0,0
169,2017-04-14,09:01:30,0,SM705,XZCE,6194,6156,6214,3730,115352800,36400,36012,6462,5730,6096,6120,0,6188,0,0,0,2017-04-14,32490000,6194,40,0,0,0,0,0,0,0,0,6196,10,0,0,0,0,0,0,0,0
170,2017-04-14,09:01:31,0,SM705,XZCE,6194,6156,6214,3742,115724440,36400,36012,6462,5730,6096,6120,0,6188,0,0,0,2017-04-14,32491000,6194,36,0,0,0,0,0,0,0,0,6196,13,0,0,0,0,0,0,0,0
171,2017-04-14,09:01:31,0,SM705,XZCE,6194,6156,6214,3748,115910260,36404,36012,6462,5730,6096,6120,0,6188,0,0,0,2017-04-14,32491000,6194,34,0,0,0,0,0,0,0,0,6196,13,0,0,0,0,0,0,0,0
172,2017-04-14,09:01:32,0,SM705,XZCE,6196,6156,6214,3750,115972220,36406,36012,6462,5730,6096,6120,0,6188,0,0,0,2017-04-14,32492000,6194,34,0,0,0,0,0,0,0,0,6196,32,0,0,0,0,0,0,0,0
173,2017-04-14,09:01:32,0,SM705,XZCE,6194,6156,6214,3770,116591620,36408,36012,6462,5730,6096,6120,0,6188,0,0,0,2017-04-14,32492000,6194,25,0,0,0,0,0,0,0,0,6196,31,0,0,0,0,0,0,0,0
174,2017-04-14,09:01:33,0,SM705,XZCE,6194,6156,6214,3820,118140120,36452,36012,6462,5730,6096,6120,0,6188,0,0,0,2017-04-14,32493000,6192,10,0,0,0,0,0,0,0,0,6194,7,0,0,0,0,0,0,0,0
175,2017-04-14,09:01:33,0,SM705,XZCE,6194,6156,6214,3828,118387880,36454,36012,6462,5730,6096,6120,0,6188,0,0,0,2017-04-14,32493000,6192,13,0,0,0,0,0,0,0,0,6194,4,0,0,0,0,0,0,0,0
176,2017-04-14,09:01:34,0,SM705,XZCE,6192,6156,6214,3834,118573640,36456,36012,6462,5730,6096,6120,0,6188,0,0,0,2017-04-14,32494000,6192,12,0,0,0,0,0,0,0,0,6194,4,0,0,0,0,0,0,0,0
177,2017-04-14,09:01:34,0,SM705,XZCE,6192,6156,6214,3854,119192840,36456,36012,6462,5730,6096,6120,0,6188,0,0,0,2017-04-14,32494000,6192,6,0,0,0,0,0,0,0,0,6194,21,0,0,0,0,0,0,0,0
178,2017-04-14,09:01:35,0,SM705,XZCE,6194,6156,6214,3866,119564480,36460,36012,6462,5730,6096,6120,0,6188,0,0,0,2017-04-14,32495000,6192,1,0,0,0,0,0,0,0,0,6194,33,0,0,0,0,0,0,0,0
179,2017-04-14,09:01:35,0,SM705,XZCE,6190,6156,6214,3874,119812080,36462,36012,6462,5730,6096,6120,0,6188,0,0,0,2017-04-14,32495000,6190,49,0,0,0,0,0,0,0,0,6192,1,0,0,0,0,0,0,0,0
180,2017-04-14,09:01:36,0,SM705,XZCE,6190,6156,6214,3982,123154680,36506,36012,6462,5730,6096,6120,0,6188,0,0,0,2017-04-14,32496000,6194,5,0,0,0,0,0,0,0,0,6196,34,0,0,0,0,0,0,0,0
181,2017-04-14,09:01:36,0,SM705,XZCE,6194,6156,6214,4012,124083780,36508,36012,6462,5730,6096,6120,0,6188,0,0,0,2017-04-14,32496000,6192,1,0,0,0,0,0,0,0,0,6194,3,0,0,0,0,0,0,0,0
182,2017-04-14,09:01:37,0,SM705,XZCE,6192,6156,6214,4014,124145700,36508,36012,6462,5730,6096,6120,0,6188,0,0,0,2017-04-14,32497000,6192,11,0,0,0,0,0,0,0,0,6194,5,0,0,0,0,0,0,0,0
183,2017-04-14,09:01:37,0,SM705,XZCE,6192,6156,6214,4018,124269540,36508,36012,6462,5730,6096,6120,0,6188,0,0,0,2017-04-14,32497000,6192,10,0,0,0,0,0,0,0,0,6194,5,0,0,0,0,0,0,0,0
184,2017-04-14,09:01:38,0,SM705,XZCE,6194,6156,6214,4030,124641180,36514,36012,6462,5730,6096,6120,0,6188,0,0,0,2017-04-14,32498000,6192,9,0,0,0,0,0,0,0,0,6194,1,0,0,0,0,0,0,0,0
185,2017-04-14,09:01:38,0,SM705,XZCE,6196,6156,6214,4044,125074900,36518,36012,6462,5730,6096,6120,0,6188,0,0,0,2017-04-14,32498000,6192,5,0,0,0,0,0,0,0,0,6194,1,0,0,0,0,0,0,0,0
186,2017-04-14,09:01:39,0,SM705,XZCE,6190,6156,6214,4068,125817700,36520,36012,6462,5730,6096,6120,0,6188,0,0,0,2017-04-14,32499000,6190,40,0,0,0,0,0,0,0,0,6194,1,0,0,0,0,0,0,0,0
187,2017-04-14,09:01:39,0,SM705,XZCE,6194,6156,6214,4072,125941580,36520,36012,6462,5730,6096,6120,0,6188,0,0,0,2017-04-14,32499000,6190,40,0,0,0,0,0,0,0,0,6194,1,0,0,0,0,0,0,0,0
188,2017-04-14,09:01:40,0,SM705,XZCE,6194,6156,6214,4082,126251280,36528,36012,6462,5730,6096,6120,0,6188,0,0,0,2017-04-14,32500000,6190,35,0,0,0,0,0,0,0,0,6196,34,0,0,0,0,0,0,0,0
189,2017-04-14,09:01:40,0,SM705,XZCE,6196,6156,6214,4104,126932840,36532,36012,6462,5730,6096,6120,0,6188,0,0,0,2017-04-14,32500000,6190,29,0,0,0,0,0,0,0,0,6196,9,0,0,0,0,0,0,0,0
190,2017-04-14,09:01:41,0,SM705,XZCE,6190,6156,6214,4124,127551840,36532,36012,6462,5730,6096,6120,0,6188,0,0,0,2017-04-14,32501000,6190,19,0,0,0,0,0,0,0,0,6194,4,0,0,0,0,0,0,0,0
191,2017-04-14,09:01:41,0,SM705,XZCE,6190,6156,6214,4124,127551840,36532,36012,6462,5730,6096,6120,0,6188,0,0,0,2017-04-14,32501000,6192,2,0,0,0,0,0,0,0,0,6194,4,0,0,0,0,0,0,0,0
192,2017-04-14,09:01:42,0,SM705,XZCE,6190,6156,6214,4136,127923240,36532,36012,6462,5730,6096,6120,0,6188,0,0,0,2017-04-14,32502000,6190,15,0,0,0,0,0,0,0,0,6194,4,0,0,0,0,0,0,0,0
193,2017-04-14,09:01:42,0,SM705,XZCE,6194,6156,6214,4140,128047120,36534,36012,6462,5730,6096,6120,0,6188,0,0,0,2017-04-14,32502000,6190,16,0,0,0,0,0,0,0,0,6194,5,0,0,0,0,0,0,0,0
194,2017-04-14,09:01:43,0,SM705,XZCE,6190,6156,6214,4142,128109020,36534,36012,6462,5730,6096,6120,0,6188,0,0,0,2017-04-14,32503000,6190,15,0,0,0,0,0,0,0,0,6194,6,0,0,0,0,0,0,0,0
195,2017-04-14,09:01:44,0,SM705,XZCE,6190,6156,6214,4144,128170920,36534,36012,6462,5730,6096,6120,0,6188,0,0,0,2017-04-14,32504000,6190,14,0,0,0,0,0,0,0,0,6194,13,0,0,0,0,0,0,0,0
196,2017-04-14,09:01:44,0,SM705,XZCE,6194,6156,6214,4152,128418680,36534,36012,6462,5730,6096,6120,0,6188,0,0,0,2017-04-14,32504000,6192,1,0,0,0,0,0,0,0,0,6194,29,0,0,0,0,0,0,0,0
197,2017-04-14,09:01:45,0,SM705,XZCE,6192,6156,6214,4154,128480600,36532,36012,6462,5730,6096,6120,0,6188,0,0,0,2017-04-14,32505000,6190,14,0,0,0,0,0,0,0,0,6192,2,0,0,0,0,0,0,0,0
198,2017-04-14,09:01:45,0,SM705,XZCE,6192,6156,6214,4154,128480600,36532,36012,6462,5730,6096,6120,0,6188,0,0,0,2017-04-14,32505000,6190,14,0,0,0,0,0,0,0,0,6192,9,0,0,0,0,0,0,0,0
199,2017-04-14,09:01:46,0,SM705,XZCE,6190,6156,6214,4166,128852000,36524,36012,6462,5730,6096,6120,0,6188,0,0,0,2017-04-14,32506000,6190,12,0,0,0,0,0,0,0,0,6192,5,0,0,0,0,0,0,0,0
200,2017-04-14,09:01:46,0,SM705,XZCE,6190,6156,6214,4166,128852000,36524,36012,6462,5730,6096,6120,0,6188,0,0,0,2017-04-14,32506000,6190,12,0,0,0,0,0,0,0,0,6192,15,0,0,0,0,0,0,0,0
201,2017-04-14,09:01:47,0,SM705,XZCE,6192,6156,6214,4174,129099680,36526,36012,6462,5730,6096,6120,0,6188,0,0,0,2017-04-14,32507000,6190,9,0,0,0,0,0,0,0,0,6192,15,0,0,0,0,0,0,0,0
202,2017-04-14,09:01:47,0,SM705,XZCE,6190,6156,6214,4282,132442280,36546,36012,6462,5730,6096,6120,0,6188,0,0,0,2017-04-14,32507000,6188,8,0,0,0,0,0,0,0,0,6190,17,0,0,0,0,0,0,0,0
203,2017-04-14,09:01:48,0,SM705,XZCE,6190,6156,6214,4314,133432680,36572,36012,6462,5730,6096,6120,0,6188,0,0,0,2017-04-14,32508000,6188,1,0,0,0,0,0,0,0,0,6190,9,0,0,0,0,0,0,0,0
204,2017-04-14,09:01:48,0,SM705,XZCE,6188,6156,6214,4336,134113360,36574,36012,6462,5730,6096,6120,0,6188,0,0,0,2017-04-14,32508000,6186,3,0,0,0,0,0,0,0,0,6188,3,0,0,0,0,0,0,0,0
205,2017-04-14,09:01:49,0,SM705,XZCE,6190,6156,6214,4342,134299060,36580,36012,6462,5730,6096,6120,0,6188,0,0,0,2017-04-14,32509000,6186,1,0,0,0,0,0,0,0,0,6190,31,0,0,0,0,0,0,0,0
206,2017-04-14,09:01:49,0,SM705,XZCE,6186,6156,6214,4350,134546500,36586,36012,6462,5730,6096,6120,0,6188,0,0,0,2017-04-14,32509000,6184,1,0,0,0,0,0,0,0,0,6186,3,0,0,0,0,0,0,0,0
207,2017-04-14,09:01:50,0,SM705,XZCE,6180,6156,6214,4358,134793700,36586,36012,6462,5730,6096,6120,0,6188,0,0,0,2017-04-14,32510000,6180,38,0,0,0,0,0,0,0,0,6182,5,0,0,0,0,0,0,0,0
208,2017-04-14,09:01:50,0,SM705,XZCE,6180,6156,6214,4368,135102700,36596,36012,6462,5730,6096,6120,0,6188,0,0,0,2017-04-14,32510000,6180,33,0,0,0,0,0,0,0,0,6184,99,0,0,0,0,0,0,0,0
209,2017-04-14,09:01:51,0,SM705,XZCE,6180,6156,6214,4408,136338700,36624,36012,6462,5730,6096,6120,0,6188,0,0,0,2017-04-14,32511000,6180,16,0,0,0,0,0,0,0,0,6184,98,0,0,0,0,0,0,0,0
210,2017-04-14,09:01:51,0,SM705,XZCE,6176,6156,6214,4462,138006220,36640,36012,6462,5730,6096,6120,0,6188,0,0,0,2017-04-14,32511000,6176,6,0,0,0,0,0,0,0,0,6178,4,0,0,0,0,0,0,0,0
211,2017-04-14,09:01:52,0,SM705,XZCE,6174,6156,6214,4468,138191440,36640,36012,6462,5730,6096,6120,0,6188,0,0,0,2017-04-14,32512000,6174,3,0,0,0,0,0,0,0,0,6176,11,0,0,0,0,0,0,0,0
212,2017-04-14,09:01:52,0,SM705,XZCE,6170,6156,6214,4490,138870140,36648,36012,6462,5730,6096,6120,0,6188,0,0,0,2017-04-14,32512000,6170,8,0,0,0,0,0,0,0,0,6176,9,0,0,0,0,0,0,0,0
213,2017-04-14,09:01:53,0,SM705,XZCE,6176,6156,6214,4492,138931900,36648,36012,6462,5730,6096,6120,0,6188,0,0,0,2017-04-14,32513000,6170,9,0,0,0,0,0,0,0,0,6176,8,0,0,0,0,0,0,0,0
214,2017-04-14,09:01:53,0,SM705,XZCE,6174,6156,6214,4500,139178860,36648,36012,6462,5730,6096,6120,0,6188,0,0,0,2017-04-14,32513000,6170,7,0,0,0,0,0,0,0,0,6176,2,0,0,0,0,0,0,0,0
215,2017-04-14,09:01:54,0,SM705,XZCE,6176,6156,6214,4506,139364140,36644,36012,6462,5730,6096,6120,0,6188,0,0,0,2017-04-14,32514000,6174,13,0,0,0,0,0,0,0,0,6180,3,0,0,0,0,0,0,0,0
216,2017-04-14,09:01:54,0,SM705,XZCE,6176,6156,6214,4506,139364140,36644,36012,6462,5730,6096,6120,0,6188,0,0,0,2017-04-14,32514000,6176,7,0,0,0,0,0,0,0,0,6180,2,0,0,0,0,0,0,0,0
217,2017-04-14,09:01:55,0,SM705,XZCE,6180,6156,6214,4508,139425940,36646,36012,6462,5730,6096,6120,0,6188,0,0,0,2017-04-14,32515000,6176,11,0,0,0,0,0,0,0,0,6180,1,0,0,0,0,0,0,0,0
218,2017-04-14,09:01:55,0,SM705,XZCE,6176,6156,6214,4512,139549460,36646,36012,6462,5730,6096,6120,0,6188,0,0,0,2017-04-14,32515000,6176,10,0,0,0,0,0,0,0,0,6180,1,0,0,0,0,0,0,0,0
219,2017-04-14,09:01:56,0,SM705,XZCE,6180,6156,6214,4516,139673060,36646,36012,6462,5730,6096,6120,0,6188,0,0,0,2017-04-14,32516000,6176,10,0,0,0,0,0,0,0,0,6180,1,0,0,0,0,0,0,0,0
220,2017-04-14,09:01:56,0,SM705,XZCE,6176,6156,6214,4520,139796580,36642,36012,6462,5730,6096,6120,0,6188,0,0,0,2017-04-14,32516000,6176,8,0,0,0,0,0,0,0,0,6180,1,0,0,0,0,0,0,0,0
221,2017-04-14,09:01:57,0,SM705,XZCE,6176,6156,6214,4520,139796580,36642,36012,6462,5730,6096,6120,0,6188,0,0,0,2017-04-14,32517000,6176,8,0,0,0,0,0,0,0,0,6180,2,0,0,0,0,0,0,0,0
222,2017-04-14,09:01:57,0,SM705,XZCE,6180,6156,6214,4522,139858380,36644,36012,6462,5730,6096,6120,0,6188,0,0,0,2017-04-14,32517000,6178,13,0,0,0,0,0,0,0,0,6180,4,0,0,0,0,0,0,0,0
223,2017-04-14,09:01:58,0,SM705,XZCE,6178,6156,6214,4530,140105500,36642,36012,6462,5730,6096,6120,0,6188,0,0,0,2017-04-14,32518000,6178,10,0,0,0,0,0,0,0,0,6180,3,0,0,0,0,0,0,0,0
224,2017-04-14,09:01:58,0,SM705,XZCE,6180,6156,6214,4532,140167300,36642,36012,6462,5730,6096,6120,0,6188,0,0,0,2017-04-14,32518000,6178,10,0,0,0,0,0,0,0,0,6180,5,0,0,0,0,0,0,0,0
225,2017-04-14,09:01:59,0,SM705,XZCE,6180,6156,6214,4540,140414500,36642,36012,6462,5730,6096,6120,0,6188,0,0,0,2017-04-14,32519000,6178,7,0,0,0,0,0,0,0,0,6180,1,0,0,0,0,0,0,0,0
226,2017-04-14,09:02:00,0,SM705,XZCE,6178,6156,6214,4568,141279420,36652,36012,6462,5730,6096,6120,0,6188,0,0,0,2017-04-14,32520000,6176,7,0,0,0,0,0,0,0,0,6178,21,0,0,0,0,0,0,0,0
227,2017-04-14,09:02:01,0,SM705,XZCE,6178,6156,6214,4568,141279420,36652,36012,6462,5730,6096,6120,0,6188,0,0,0,2017-04-14,32521000,6176,6,0,0,0,0,0,0,0,0,6178,24,0,0,0,0,0,0,0,0
228,2017-04-14,09:02:01,0,SM705,XZCE,6178,6156,6214,4570,141341200,36652,36012,6462,5730,6096,6120,0,6188,0,0,0,2017-04-14,32521000,6176,6,0,0,0,0,0,0,0,0,6178,23,0,0,0,0,0,0,0,0
229,2017-04-14,09:02:02,0,SM705,XZCE,6178,6156,6214,4582,141711880,36650,36012,6462,5730,6096,6120,0,6188,0,0,0,2017-04-14,32522000,6176,4,0,0,0,0,0,0,0,0,6178,21,0,0,0,0,0,0,0,0
230,2017-04-14,09:02:02,0,SM705,XZCE,6176,6156,6214,4584,141773640,36652,36012,6462,5730,6096,6120,0,6188,0,0,0,2017-04-14,32522000,6176,4,0,0,0,0,0,0,0,0,6178,21,0,0,0,0,0,0,0,0
231,2017-04-14,09:02:03,0,SM705,XZCE,6176,6156,6214,4586,141835400,36654,36012,6462,5730,6096,6120,0,6188,0,0,0,2017-04-14,32523000,6176,3,0,0,0,0,0,0,0,0,6178,22,0,0,0,0,0,0,0,0
232,2017-04-14,09:02:03,0,SM705,XZCE,6176,6156,6214,4590,141958920,36650,36012,6462,5730,6096,6120,0,6188,0,0,0,2017-04-14,32523000,6176,1,0,0,0,0,0,0,0,0,6178,22,0,0,0,0,0,0,0,0
233,2017-04-14,09:02:04,0,SM705,XZCE,6176,6156,6214,4590,141958920,36650,36012,6462,5730,6096,6120,0,6188,0,0,0,2017-04-14,32524000,6176,2,0,0,0,0,0,0,0,0,6178,22,0,0,0,0,0,0,0,0
234,2017-04-14,09:02:05,0,SM705,XZCE,6176,6156,6214,4592,142020680,36650,36012,6462,5730,6096,6120,0,6188,0,0,0,2017-04-14,32525000,6176,1,0,0,0,0,0,0,0,0,6178,24,0,0,0,0,0,0,0,0
235,2017-04-14,09:02:06,0,SM705,XZCE,6176,6156,6214,4594,142082440,36650,36012,6462,5730,6096,6120,0,6188,0,0,0,2017-04-14,32526000,6174,16,0,0,0,0,0,0,0,0,6178,24,0,0,0,0,0,0,0,0
236,2017-04-14,09:02:06,0,SM705,XZCE,6178,6156,6214,4596,142144220,36652,36012,6462,5730,6096,6120,0,6188,0,0,0,2017-04-14,32526000,6174,16,0,0,0,0,0,0,0,0,6178,23,0,0,0,0,0,0,0,0
237,2017-04-14,09:02:07,0,SM705,XZCE,6178,6156,6214,4596,142144220,36652,36012,6462,5730,6096,6120,0,6188,0,0,0,2017-04-14,32527000,6174,16,0,0,0,0,0,0,0,0,6176,5,0,0,0,0,0,0,0,0
238,2017-04-14,09:02:07,0,SM705,XZCE,6176,6156,6214,4598,142205980,36652,36012,6462,5730,6096,6120,0,6188,0,0,0,2017-04-14,32527000,6174,16,0,0,0,0,0,0,0,0,6176,4,0,0,0,0,0,0,0,0
239,2017-04-14,09:02:08,0,SM705,XZCE,6174,6156,6214,4624,143008600,36662,36012,6462,5730,6096,6120,0,6188,0,0,0,2017-04-14,32528000,6174,13,0,0,0,0,0,0,0,0,6178,27,0,0,0,0,0,0,0,0
240,2017-04-14,09:02:08,0,SM705,XZCE,6174,6156,6214,4626,143070340,36662,36012,6462,5730,6096,6120,0,6188,0,0,0,2017-04-14,32528000,6174,12,0,0,0,0,0,0,0,0,6178,26,0,0,0,0,0,0,0,0
241,2017-04-14,09:02:09,0,SM705,XZCE,6174,6156,6214,4636,143379040,36652,36012,6462,5730,6096,6120,0,6188,0,0,0,2017-04-14,32529000,6174,7,0,0,0,0,0,0,0,0,6176,2,0,0,0,0,0,0,0,0
242,2017-04-14,09:02:09,0,SM705,XZCE,6174,6156,6214,4636,143379040,36652,36012,6462,5730,6096,6120,0,6188,0,0,0,2017-04-14,32529000,6174,7,0,0,0,0,0,0,0,0,6176,8,0,0,0,0,0,0,0,0
243,2017-04-14,09:02:10,0,SM705,XZCE,6174,6156,6214,4648,143749480,36652,36012,6462,5730,6096,6120,0,6188,0,0,0,2017-04-14,32530000,6174,2,0,0,0,0,0,0,0,0,6176,10,0,0,0,0,0,0,0,0
244,2017-04-14,09:02:10,0,SM705,XZCE,6176,6156,6214,4654,143934760,36648,36012,6462,5730,6096,6120,0,6188,0,0,0,2017-04-14,32530000,6172,11,0,0,0,0,0,0,0,0,6174,2,0,0,0,0,0,0,0,0
245,2017-04-14,09:02:11,0,SM705,XZCE,6174,6156,6214,4658,144058240,36650,36012,6462,5730,6096,6120,0,6188,0,0,0,2017-04-14,32531000,6172,10,0,0,0,0,0,0,0,0,6174,5,0,0,0,0,0,0,0,0
246,2017-04-14,09:02:11,0,SM705,XZCE,6172,6156,6214,4662,144181680,36646,36012,6462,5730,6096,6120,0,6188,0,0,0,2017-04-14,32531000,6172,8,0,0,0,0,0,0,0,0,6174,6,0,0,0,0,0,0,0,0
247,2017-04-14,09:02:12,0,SM705,XZCE,6168,6156,6214,4736,146463840,36660,36012,6462,5730,6096,6120,0,6188,0,0,0,2017-04-14,32532000,6170,8,0,0,0,0,0,0,0,0,6174,42,0,0,0,0,0,0,0,0
248,2017-04-14,09:02:12,0,SM705,XZCE,6170,6156,6214,4752,146957440,36656,36012,6462,5730,6096,6120,0,6188,0,0,0,2017-04-14,32532000,6168,1,0,0,0,0,0,0,0,0,6170,1,0,0,0,0,0,0,0,0
249,2017-04-14,09:02:13,0,SM705,XZCE,6168,6156,6214,4762,147265840,36654,36012,6462,5730,6096,6120,0,6188,0,0,0,2017-04-14,32533000,6166,5,0,0,0,0,0,0,0,0,6168,1,0,0,0,0,0,0,0,0
250,2017-04-14,09:02:13,0,SM705,XZCE,6168,6156,6214,4766,147389200,36652,36012,6462,5730,6096,6120,0,6188,0,0,0,2017-04-14,32533000,6168,3,0,0,0,0,0,0,0,0,6170,3,0,0,0,0,0,0,0,0
251,2017-04-14,09:02:14,0,SM705,XZCE,6168,6156,6214,4772,147574240,36650,36012,6462,5730,6096,6120,0,6188,0,0,0,2017-04-14,32534000,6168,2,0,0,0,0,0,0,0,0,6170,6,0,0,0,0,0,0,0,0
252,2017-04-14,09:02:14,0,SM705,XZCE,6168,6156,6214,4776,147697600,36650,36012,6462,5730,6096,6120,0,6188,0,0,0,2017-04-14,32534000,6168,2,0,0,0,0,0,0,0,0,6170,5,0,0,0,0,0,0,0,0
253,2017-04-14,09:02:15,0,SM705,XZCE,6170,6156,6214,4788,148067800,36660,36012,6462,5730,6096,6120,0,6188,0,0,0,2017-04-14,32535000,6170,8,0,0,0,0,0,0,0,0,6172,10,0,0,0,0,0,0,0,0
254,2017-04-14,09:02:15,0,SM705,XZCE,6170,6156,6214,4796,148314600,36664,36012,6462,5730,6096,6120,0,6188,0,0,0,2017-04-14,32535000,6170,7,0,0,0,0,0,0,0,0,6172,10,0,0,0,0,0,0,0,0
255,2017-04-14,09:02:16,0,SM705,XZCE,6170,6156,6214,4810,148746500,36656,36012,6462,5730,6096,6120,0,6188,0,0,0,2017-04-14,32536000,6170,12,0,0,0,0,0,0,0,0,6172,9,0,0,0,0,0,0,0,0
256,2017-04-14,09:02:16,0,SM705,XZCE,6172,6156,6214,4828,149301980,36664,36012,6462,5730,6096,6120,0,6188,0,0,0,2017-04-14,32536000,6172,1,0,0,0,0,0,0,0,0,6174,38,0,0,0,0,0,0,0,0
257,2017-04-14,09:02:17,0,SM705,XZCE,6174,6156,6214,4868,150536780,36652,36012,6462,5730,6096,6120,0,6188,0,0,0,2017-04-14,32537000,6172,29,0,0,0,0,0,0,0,0,6174,18,0,0,0,0,0,0,0,0
258,2017-04-14,09:02:17,0,SM705,XZCE,6172,6156,6214,4906,151709460,36656,36012,6462,5730,6096,6120,0,6188,0,0,0,2017-04-14,32537000,6172,28,0,0,0,0,0,0,0,0,6176,4,0,0,0,0,0,0,0,0
259,2017-04-14,09:02:18,0,SM705,XZCE,6172,6156,6214,4906,151709460,36656,36012,6462,5730,6096,6120,0,6188,0,0,0,2017-04-14,32538000,6174,8,0,0,0,0,0,0,0,0,6176,7,0,0,0,0,0,0,0,0
260,2017-04-14,09:02:18,0,SM705,XZCE,6172,6156,6214,4908,151771180,36656,36012,6462,5730,6096,6120,0,6188,0,0,0,2017-04-14,32538000,6174,7,0,0,0,0,0,0,0,0,6176,6,0,0,0,0,0,0,0,0
261,2017-04-14,09:02:19,0,SM705,XZCE,6176,6156,6214,4914,151956460,36656,36012,6462,5730,6096,6120,0,6188,0,0,0,2017-04-14,32539000,6174,8,0,0,0,0,0,0,0,0,6176,5,0,0,0,0,0,0,0,0
262,2017-04-14,09:02:20,0,SM705,XZCE,6174,6156,6214,4930,152450380,36642,36012,6462,5730,6096,6120,0,6188,0,0,0,2017-04-14,32540000,6172,28,0,0,0,0,0,0,0,0,6174,6,0,0,0,0,0,0,0,0
263,2017-04-14,09:02:20,0,SM705,XZCE,6174,6156,6214,4930,152450380,36642,36012,6462,5730,6096,6120,0,6188,0,0,0,2017-04-14,32540000,6172,28,0,0,0,0,0,0,0,0,6174,8,0,0,0,0,0,0,0,0
264,2017-04-14,09:02:21,0,SM705,XZCE,6160,6156,6214,5130,158610380,36754,36012,6462,5730,6096,6120,0,6188,0,0,0,2017-04-14,32541000,6166,20,0,0,0,0,0,0,0,0,6170,9,0,0,0,0,0,0,0,0
265,2017-04-14,09:02:21,0,SM705,XZCE,6172,6156,6214,5140,158918980,36756,36012,6462,5730,6096,6120,0,6188,0,0,0,2017-04-14,32541000,6170,2,0,0,0,0,0,0,0,0,6172,2,0,0,0,0,0,0,0,0
266,2017-04-14,09:02:22,0,SM705,XZCE,6170,6156,6214,5142,158980680,36754,36012,6462,5730,6096,6120,0,6188,0,0,0,2017-04-14,32542000,6170,1,0,0,0,0,0,0,0,0,6172,1,0,0,0,0,0,0,0,0
267,2017-04-14,09:02:22,0,SM705,XZCE,6168,6156,6214,5146,159104040,36750,36012,6462,5730,6096,6120,0,6188,0,0,0,2017-04-14,32542000,6168,2,0,0,0,0,0,0,0,0,6172,1,0,0,0,0,0,0,0,0
268,2017-04-14,09:02:23,0,SM705,XZCE,6168,6156,6214,5146,159104040,36750,36012,6462,5730,6096,6120,0,6188,0,0,0,2017-04-14,32543000,6170,1,0,0,0,0,0,0,0,0,6172,1,0,0,0,0,0,0,0,0
269,2017-04-14,09:02:23,0,SM705,XZCE,6170,6156,6214,5150,159227440,36748,36012,6462,5730,6096,6120,0,6188,0,0,0,2017-04-14,32543000,6168,4,0,0,0,0,0,0,0,0,6170,1,0,0,0,0,0,0,0,0
270,2017-04-14,09:02:24,0,SM705,XZCE,6170,6156,6214,5152,159289140,36746,36012,6462,5730,6096,6120,0,6188,0,0,0,2017-04-14,32544000,6168,4,0,0,0,0,0,0,0,0,6172,5,0,0,0,0,0,0,0,0
271,2017-04-14,09:02:24,0,SM705,XZCE,6172,6156,6214,5162,159597740,36756,36012,6462,5730,6096,6120,0,6188,0,0,0,2017-04-14,32544000,6170,1,0,0,0,0,0,0,0,0,6174,22,0,0,0,0,0,0,0,0
272,2017-04-14,09:02:25,0,SM705,XZCE,6170,6156,6214,5166,159721140,36754,36012,6462,5730,6096,6120,0,6188,0,0,0,2017-04-14,32545000,6168,3,0,0,0,0,0,0,0,0,6170,1,0,0,0,0,0,0,0,0
273,2017-04-14,09:02:25,0,SM705,XZCE,6168,6156,6214,5168,159782820,36752,36012,6462,5730,6096,6120,0,6188,0,0,0,2017-04-14,32545000,6168,2,0,0,0,0,0,0,0,0,6170,1,0,0,0,0,0,0,0,0
274,2017-04-14,09:02:26,0,SM705,XZCE,6168,6156,6214,5180,160152900,36752,36012,6462,5730,6096,6120,0,6188,0,0,0,2017-04-14,32546000,6168,3,0,0,0,0,0,0,0,0,6170,1,0,0,0,0,0,0,0,0
275,2017-04-14,09:02:26,0,SM705,XZCE,6170,6156,6214,5204,160893300,36742,36012,6462,5730,6096,6120,0,6188,0,0,0,2017-04-14,32546000,6166,5,0,0,0,0,0,0,0,0,6170,2,0,0,0,0,0,0,0,0
276,2017-04-14,09:02:27,0,SM705,XZCE,6170,6156,6214,5204,160893300,36742,36012,6462,5730,6096,6120,0,6188,0,0,0,2017-04-14,32547000,6166,6,0,0,0,0,0,0,0,0,6170,2,0,0,0,0,0,0,0,0
277,2017-04-14,09:02:27,0,SM705,XZCE,6170,6156,6214,5212,161140100,36742,36012,6462,5730,6096,6120,0,6188,0,0,0,2017-04-14,32547000,6170,19,0,0,0,0,0,0,0,0,6172,6,0,0,0,0,0,0,0,0
278,2017-04-14,09:02:28,0,SM705,XZCE,6170,6156,6214,5226,161572000,36750,36012,6462,5730,6096,6120,0,6188,0,0,0,2017-04-14,32548000,6170,14,0,0,0,0,0,0,0,0,6172,6,0,0,0,0,0,0,0,0
279,2017-04-14,09:02:28,0,SM705,XZCE,6172,6156,6214,5230,161695440,36752,36012,6462,5730,6096,6120,0,6188,0,0,0,2017-04-14,32548000,6170,17,0,0,0,0,0,0,0,0,6172,1,0,0,0,0,0,0,0,0
280,2017-04-14,09:02:29,0,SM705,XZCE,6170,6156,6214,5250,162312440,36768,36012,6462,5730,6096,6120,0,6188,0,0,0,2017-04-14,32549000,6170,8,0,0,0,0,0,0,0,0,6174,21,0,0,0,0,0,0,0,0
281,2017-04-14,09:02:29,0,SM705,XZCE,6170,6156,6214,5250,162312440,36768,36012,6462,5730,6096,6120,0,6188,0,0,0,2017-04-14,32549000,6170,8,0,0,0,0,0,0,0,0,6174,22,0,0,0,0,0,0,0,0
282,2017-04-14,09:02:30,0,SM705,XZCE,6170,6156,6214,5252,162374140,36770,36012,6462,5730,6096,6120,0,6188,0,0,0,2017-04-14,32550000,6170,6,0,0,0,0,0,0,0,0,6174,22,0,0,0,0,0,0,0,0
283,2017-04-14,09:02:30,0,SM705,XZCE,6170,6156,6214,5268,162867740,36766,36012,6462,5730,6096,6120,0,6188,0,0,0,2017-04-14,32550000,6168,4,0,0,0,0,0,0,0,0,6170,2,0,0,0,0,0,0,0,0
284,2017-04-14,09:02:31,0,SM705,XZCE,6170,6156,6214,5270,162929440,36764,36012,6462,5730,6096,6120,0,6188,0,0,0,2017-04-14,32551000,6168,9,0,0,0,0,0,0,0,0,6170,3,0,0,0,0,0,0,0,0
285,2017-04-14,09:02:31,0,SM705,XZCE,6170,6156,6214,5278,163176240,36764,36012,6462,5730,6096,6120,0,6188,0,0,0,2017-04-14,32551000,6170,1,0,0,0,0,0,0,0,0,6172,1,0,0,0,0,0,0,0,0
286,2017-04-14,09:02:32,0,SM705,XZCE,6170,6156,6214,5280,163237940,36766,36012,6462,5730,6096,6120,0,6188,0,0,0,2017-04-14,32552000,6168,36,0,0,0,0,0,0,0,0,6172,2,0,0,0,0,0,0,0,0
287,2017-04-14,09:02:32,0,SM705,XZCE,6170,6156,6214,5330,164780440,36768,36012,6462,5730,6096,6120,0,6188,0,0,0,2017-04-14,32552000,6168,32,0,0,0,0,0,0,0,0,6170,30,0,0,0,0,0,0,0,0
288,2017-04-14,09:02:33,0,SM705,XZCE,6170,6156,6214,5332,164842140,36768,36012,6462,5730,6096,6120,0,6188,0,0,0,2017-04-14,32553000,6168,32,0,0,0,0,0,0,0,0,6170,32,0,0,0,0,0,0,0,0
289,2017-04-14,09:02:33,0,SM705,XZCE,6170,6156,6214,5336,164965540,36764,36012,6462,5730,6096,6120,0,6188,0,0,0,2017-04-14,32553000,6168,34,0,0,0,0,0,0,0,0,6170,30,0,0,0,0,0,0,0,0
290,2017-04-14,09:02:34,0,SM705,XZCE,6168,6156,6214,5356,165582340,36766,36012,6462,5730,6096,6120,0,6188,0,0,0,2017-04-14,32554000,6168,24,0,0,0,0,0,0,0,0,6170,31,0,0,0,0,0,0,0,0
291,2017-04-14,09:02:34,0,SM705,XZCE,6168,6156,6214,5362,165767380,36764,36012,6462,5730,6096,6120,0,6188,0,0,0,2017-04-14,32554000,6168,26,0,0,0,0,0,0,0,0,6170,29,0,0,0,0,0,0,0,0
292,2017-04-14,09:02:35,0,SM705,XZCE,6166,6156,6214,5430,167863820,36782,36012,6462,5730,6096,6120,0,6188,0,0,0,2017-04-14,32555000,6162,4,0,0,0,0,0,0,0,0,6166,2,0,0,0,0,0,0,0,0
293,2017-04-14,09:02:35,0,SM705,XZCE,6166,6156,6214,5440,168172120,36782,36012,6462,5730,6096,6120,0,6188,0,0,0,2017-04-14,32555000,6164,3,0,0,0,0,0,0,0,0,6166,1,0,0,0,0,0,0,0,0
294,2017-04-14,09:02:36,0,SM705,XZCE,6164,6156,6214,5458,168726880,36788,36012,6462,5730,6096,6120,0,6188,0,0,0,2017-04-14,32556000,6164,1,0,0,0,0,0,0,0,0,6168,51,0,0,0,0,0,0,0,0
295,2017-04-14,09:02:36,0,SM705,XZCE,6164,6156,6214,5458,168726880,36788,36012,6462,5730,6096,6120,0,6188,0,0,0,2017-04-14,32556000,6164,2,0,0,0,0,0,0,0,0,6168,51,0,0,0,0,0,0,0,0
296,2017-04-14,09:02:37,0,SM705,XZCE,6168,6156,6214,5466,168973600,36796,36012,6462,5730,6096,6120,0,6188,0,0,0,2017-04-14,32557000,6164,2,0,0,0,0,0,0,0,0,6168,47,0,0,0,0,0,0,0,0
297,2017-04-14,09:02:37,0,SM705,XZCE,6168,6156,6214,5466,168973600,36796,36012,6462,5730,6096,6120,0,6188,0,0,0,2017-04-14,32557000,6164,2,0,0,0,0,0,0,0,0,6168,53,0,0,0,0,0,0,0,0
298,2017-04-14,09:02:38,0,SM705,XZCE,6164,6156,6214,5476,169281800,36798,36012,6462,5730,6096,6120,0,6188,0,0,0,2017-04-14,32558000,6164,1,0,0,0,0,0,0,0,0,6168,53,0,0,0,0,0,0,0,0
299,2017-04-14,09:02:38,0,SM705,XZCE,6164,6156,6214,5478,169343440,36798,36012,6462,5730,6096,6120,0,6188,0,0,0,2017-04-14,32558000,6164,1,0,0,0,0,0,0,0,0,6168,53,0,0,0,0,0,0,0,0
300,2017-04-14,09:02:39,0,SM705,XZCE,6164,6156,6214,5478,169343440,36798,36012,6462,5730,6096,6120,0,6188,0,0,0,2017-04-14,32559000,6164,3,0,0,0,0,0,0,0,0,6168,53,0,0,0,0,0,0,0,0
301,2017-04-14,09:02:39,0,SM705,XZCE,6164,6156,6214,5486,169590000,36800,36012,6462,5730,6096,6120,0,6188,0,0,0,2017-04-14,32559000,6160,42,0,0,0,0,0,0,0,0,6166,8,0,0,0,0,0,0,0,0
302,2017-04-14,09:02:40,0,SM705,XZCE,6166,6156,6214,5488,169651660,36800,36012,6462,5730,6096,6120,0,6188,0,0,0,2017-04-14,32560000,6160,42,0,0,0,0,0,0,0,0,6166,8,0,0,0,0,0,0,0,0
303,2017-04-14,09:02:40,0,SM705,XZCE,6160,6156,6214,5536,171130060,36840,36012,6462,5730,6096,6120,0,6188,0,0,0,2017-04-14,32560000,6160,19,0,0,0,0,0,0,0,0,6166,10,0,0,0,0,0,0,0,0
304,2017-04-14,09:02:41,0,SM705,XZCE,6160,6156,6214,5558,171807660,36854,36012,6462,5730,6096,6120,0,6188,0,0,0,2017-04-14,32561000,6160,8,0,0,0,0,0,0,0,0,6162,1,0,0,0,0,0,0,0,0
305,2017-04-14,09:02:41,0,SM705,XZCE,6160,6156,6214,5572,172238860,36856,36012,6462,5730,6096,6120,0,6188,0,0,0,2017-04-14,32561000,6160,1,0,0,0,0,0,0,0,0,6162,1,0,0,0,0,0,0,0,0
306,2017-04-14,09:02:42,0,SM705,XZCE,6158,6156,6214,5580,172485180,36854,36012,6462,5730,6096,6120,0,6188,0,0,0,2017-04-14,32562000,6156,1,0,0,0,0,0,0,0,0,6160,7,0,0,0,0,0,0,0,0
307,2017-04-14,09:02:42,0,SM705,XZCE,6156,6156,6214,5586,172669860,36850,36012,6462,5730,6096,6120,0,6188,0,0,0,2017-04-14,32562000,6156,1,0,0,0,0,0,0,0,0,6158,2,0,0,0,0,0,0,0,0
308,2017-04-14,09:02:43,0,SM705,XZCE,6160,6156,6214,5592,172854660,36850,36012,6462,5730,6096,6120,0,6188,0,0,0,2017-04-14,32563000,6158,23,0,0,0,0,0,0,0,0,6160,6,0,0,0,0,0,0,0,0
309,2017-04-14,09:02:43,0,SM705,XZCE,6158,6156,6214,5618,173655200,36832,36012,6462,5730,6096,6120,0,6188,0,0,0,2017-04-14,32563000,6160,2,0,0,0,0,0,0,0,0,6164,1,0,0,0,0,0,0,0,0
310,2017-04-14,09:02:44,0,SM705,XZCE,6160,6156,6214,5620,173716800,36832,36012,6462,5730,6096,6120,0,6188,0,0,0,2017-04-14,32564000,6164,1,0,0,0,0,0,0,0,0,6166,7,0,0,0,0,0,0,0,0
311,2017-04-14,09:02:44,0,SM705,XZCE,6166,6156,6214,5624,173840120,36830,36012,6462,5730,6096,6120,0,6188,0,0,0,2017-04-14,32564000,6164,22,0,0,0,0,0,0,0,0,6166,4,0,0,0,0,0,0,0,0
312,2017-04-14,09:02:45,0,SM705,XZCE,6164,6156,6214,5642,174394880,36830,36012,6462,5730,6096,6120,0,6188,0,0,0,2017-04-14,32565000,6164,16,0,0,0,0,0,0,0,0,6166,3,0,0,0,0,0,0,0,0
313,2017-04-14,09:02:45,0,SM705,XZCE,6164,6156,6214,5658,174888000,36826,36012,6462,5730,6096,6120,0,6188,0,0,0,2017-04-14,32565000,6164,10,0,0,0,0,0,0,0,0,6166,1,0,0,0,0,0,0,0,0
314,2017-04-14,09:02:46,0,SM705,XZCE,6164,6156,6214,5678,175504400,36818,36012,6462,5730,6096,6120,0,6188,0,0,0,2017-04-14,32566000,6160,1,0,0,0,0,0,0,0,0,6164,4,0,0,0,0,0,0,0,0
315,2017-04-14,09:02:47,0,SM705,XZCE,6164,6156,6214,5682,175627680,36816,36012,6462,5730,6096,6120,0,6188,0,0,0,2017-04-14,32567000,6160,1,0,0,0,0,0,0,0,0,6164,2,0,0,0,0,0,0,0,0
316,2017-04-14,09:02:47,0,SM705,XZCE,6164,6156,6214,5682,175627680,36816,36012,6462,5730,6096,6120,0,6188,0,0,0,2017-04-14,32567000,6160,2,0,0,0,0,0,0,0,0,6164,7,0,0,0,0,0,0,0,0
317,2017-04-14,09:02:48,0,SM705,XZCE,6164,6156,6214,5686,175750960,36816,36012,6462,5730,6096,6120,0,6188,0,0,0,2017-04-14,32568000,6160,2,0,0,0,0,0,0,0,0,6164,8,0,0,0,0,0,0,0,0
318,2017-04-14,09:02:48,0,SM705,XZCE,6160,6156,6214,5692,175935760,36820,36012,6462,5730,6096,6120,0,6188,0,0,0,2017-04-14,32568000,6158,1,0,0,0,0,0,0,0,0,6160,7,0,0,0,0,0,0,0,0
319,2017-04-14,09:02:49,0,SM705,XZCE,6154,6154,6214,5718,176735780,36830,36012,6462,5730,6096,6120,0,6188,0,0,0,2017-04-14,32569000,6154,2,0,0,0,0,0,0,0,0,6160,5,0,0,0,0,0,0,0,0
320,2017-04-14,09:02:49,0,SM705,XZCE,6154,6154,6214,5722,176858860,36826,36012,6462,5730,6096,6120,0,6188,0,0,0,2017-04-14,32569000,6152,4,0,0,0,0,0,0,0,0,6158,6,0,0,0,0,0,0,0,0
321,2017-04-14,09:02:50,0,SM705,XZCE,6154,6154,6214,5722,176858860,36826,36012,6462,5730,6096,6120,0,6188,0,0,0,2017-04-14,32570000,6154,13,0,0,0,0,0,0,0,0,6158,6,0,0,0,0,0,0,0,0
322,2017-04-14,09:02:50,0,SM705,XZCE,6158,6154,6214,5726,176982020,36826,36012,6462,5730,6096,6120,0,6188,0,0,0,2017-04-14,32570000,6154,14,0,0,0,0,0,0,0,0,6158,5,0,0,0,0,0,0,0,0
323,2017-04-14,09:02:51,0,SM705,XZCE,6158,6154,6214,5734,177228340,36826,36012,6462,5730,6096,6120,0,6188,0,0,0,2017-04-14,32571000,6158,10,0,0,0,0,0,0,0,0,6160,6,0,0,0,0,0,0,0,0
324,2017-04-14,09:02:52,0,SM705,XZCE,6158,6154,6214,5734,177228340,36826,36012,6462,5730,6096,6120,0,6188,0,0,0,2017-04-14,32572000,6158,10,0,0,0,0,0,0,0,0,6160,7,0,0,0,0,0,0,0,0
325,2017-04-14,09:02:52,0,SM705,XZCE,6158,6154,6214,5744,177536240,36834,36012,6462,5730,6096,6120,0,6188,0,0,0,2017-04-14,32572000,6158,6,0,0,0,0,0,0,0,0,6160,7,0,0,0,0,0,0,0,0
326,2017-04-14,09:02:53,0,SM705,XZCE,6158,6154,6214,5746,177597820,36836,36012,6462,5730,6096,6120,0,6188,0,0,0,2017-04-14,32573000,6158,5,0,0,0,0,0,0,0,0,6160,7,0,0,0,0,0,0,0,0
327,2017-04-14,09:02:53,0,SM705,XZCE,6160,6154,6214,5764,178152220,36834,36012,6462,5730,6096,6120,0,6188,0,0,0,2017-04-14,32573000,6162,2,0,0,0,0,0,0,0,0,6164,11,0,0,0,0,0,0,0,0
328,2017-04-14,09:02:54,0,SM705,XZCE,6160,6154,6214,5778,178583420,36836,36012,6462,5730,6096,6120,0,6188,0,0,0,2017-04-14,32574000,6160,89,0,0,0,0,0,0,0,0,6164,12,0,0,0,0,0,0,0,0
329,2017-04-14,09:02:54,0,SM705,XZCE,6160,6154,6214,5778,178583420,36836,36012,6462,5730,6096,6120,0,6188,0,0,0,2017-04-14,32574000,6160,90,0,0,0,0,0,0,0,0,6164,12,0,0,0,0,0,0,0,0
330,2017-04-14,09:02:55,0,SM705,XZCE,6160,6154,6214,5814,179692220,36840,36012,6462,5730,6096,6120,0,6188,0,0,0,2017-04-14,32575000,6160,76,0,0,0,0,0,0,0,0,6164,9,0,0,0,0,0,0,0,0
331,2017-04-14,09:02:56,0,SM705,XZCE,6160,6154,6214,5822,179938620,36840,36012,6462,5730,6096,6120,0,6188,0,0,0,2017-04-14,32576000,6160,72,0,0,0,0,0,0,0,0,6164,10,0,0,0,0,0,0,0,0
332,2017-04-14,09:02:56,0,SM705,XZCE,6164,6154,6214,5824,180000260,36840,36012,6462,5730,6096,6120,0,6188,0,0,0,2017-04-14,32576000,6162,1,0,0,0,0,0,0,0,0,6164,9,0,0,0,0,0,0,0,0
333,2017-04-14,09:02:57,0,SM705,XZCE,6162,6154,6214,5826,180061880,36840,36012,6462,5730,6096,6120,0,6188,0,0,0,2017-04-14,32577000,6160,72,0,0,0,0,0,0,0,0,6164,9,0,0,0,0,0,0,0,0
334,2017-04-14,09:02:57,0,SM705,XZCE,6164,6154,6214,5828,180123520,36840,36012,6462,5730,6096,6120,0,6188,0,0,0,2017-04-14,32577000,6162,1,0,0,0,0,0,0,0,0,6164,9,0,0,0,0,0,0,0,0
335,2017-04-14,09:02:58,0,SM705,XZCE,6164,6154,6214,5832,180246800,36836,36012,6462,5730,6096,6120,0,6188,0,0,0,2017-04-14,32578000,6162,1,0,0,0,0,0,0,0,0,6164,3,0,0,0,0,0,0,0,0
336,2017-04-14,09:02:58,0,SM705,XZCE,6164,6154,6214,5836,180370080,36832,36012,6462,5730,6096,6120,0,6188,0,0,0,2017-04-14,32578000,6162,1,0,0,0,0,0,0,0,0,6164,1,0,0,0,0,0,0,0,0
337,2017-04-14,09:02:59,0,SM705,XZCE,6162,6154,6214,5838,180431700,36832,36012,6462,5730,6096,6120,0,6188,0,0,0,2017-04-14,32579000,6162,1,0,0,0,0,0,0,0,0,6164,1,0,0,0,0,0,0,0,0
338,2017-04-14,09:02:59,0,SM705,XZCE,6160,6154,6214,5878,181663700,36794,36012,6462,5730,6096,6120,0,6188,0,0,0,2017-04-14,32579000,6160,53,0,0,0,0,0,0,0,0,6164,4,0,0,0,0,0,0,0,0
339,2017-04-14,09:03:00,0,SM705,XZCE,6160,6154,6214,5888,181971700,36786,36012,6462,5730,6096,6120,0,6188,0,0,0,2017-04-14,32580000,6160,52,0,0,0,0,0,0,0,0,6166,3,0,0,0,0,0,0,0,0
340,2017-04-14,09:03:00,0,SM705,XZCE,6160,6154,6214,5888,181971700,36786,36012,6462,5730,6096,6120,0,6188,0,0,0,2017-04-14,32580000,6160,52,0,0,0,0,0,0,0,0,6164,2,0,0,0,0,0,0,0,0
341,2017-04-14,09:03:01,0,SM705,XZCE,6160,6154,6214,5892,182094900,36782,36012,6462,5730,6096,6120,0,6188,0,0,0,2017-04-14,32581000,6162,4,0,0,0,0,0,0,0,0,6164,2,0,0,0,0,0,0,0,0
342,2017-04-14,09:03:01,0,SM705,XZCE,6164,6154,6214,5894,182156540,36780,36012,6462,5730,6096,6120,0,6188,0,0,0,2017-04-14,32581000,6162,4,0,0,0,0,0,0,0,0,6164,7,0,0,0,0,0,0,0,0
343,2017-04-14,09:03:02,0,SM705,XZCE,6162,6154,6214,5896,182218160,36782,36012,6462,5730,6096,6120,0,6188,0,0,0,2017-04-14,32582000,6162,3,0,0,0,0,0,0,0,0,6164,7,0,0,0,0,0,0,0,0
344,2017-04-14,09:03:02,0,SM705,XZCE,6162,6154,6214,5916,182834360,36790,36012,6462,5730,6096,6120,0,6188,0,0,0,2017-04-14,32582000,6162,4,0,0,0,0,0,0,0,0,6164,7,0,0,0,0,0,0,0,0
345,2017-04-14,09:03:03,0,SM705,XZCE,6164,6154,6214,5918,182896000,36790,36012,6462,5730,6096,6120,0,6188,0,0,0,2017-04-14,32583000,6162,5,0,0,0,0,0,0,0,0,6164,6,0,0,0,0,0,0,0,0
346,2017-04-14,09:03:03,0,SM705,XZCE,6162,6154,6214,5930,183265720,36788,36012,6462,5730,6096,6120,0,6188,0,0,0,2017-04-14,32583000,6160,50,0,0,0,0,0,0,0,0,6162,19,0,0,0,0,0,0,0,0
347,2017-04-14,09:03:05,0,SM705,XZCE,6160,6154,6214,5934,183388920,36784,36012,6462,5730,6096,6120,0,6188,0,0,0,2017-04-14,32585000,6160,48,0,0,0,0,0,0,0,0,6162,19,0,0,0,0,0,0,0,0
348,2017-04-14,09:03:05,0,SM705,XZCE,6162,6154,6214,5938,183512160,36784,36012,6462,5730,6096,6120,0,6188,0,0,0,2017-04-14,32585000,6160,48,0,0,0,0,0,0,0,0,6162,17,0,0,0,0,0,0,0,0
349,2017-04-14,09:03:06,0,SM705,XZCE,6160,6154,6214,5940,183573760,36782,36012,6462,5730,6096,6120,0,6188,0,0,0,2017-04-14,32586000,6160,47,0,0,0,0,0,0,0,0,6162,17,0,0,0,0,0,0,0,0
350,2017-04-14,09:03:06,0,SM705,XZCE,6160,6154,6214,5944,183696960,36782,36012,6462,5730,6096,6120,0,6188,0,0,0,2017-04-14,32586000,6160,46,0,0,0,0,0,0,0,0,6162,18,0,0,0,0,0,0,0,0
351,2017-04-14,09:03:07,0,SM705,XZCE,6162,6154,6214,5946,183758580,36782,36012,6462,5730,6096,6120,0,6188,0,0,0,2017-04-14,32587000,6160,47,0,0,0,0,0,0,0,0,6162,17,0,0,0,0,0,0,0,0
352,2017-04-14,09:03:07,0,SM705,XZCE,6162,6154,6214,5948,183820200,36780,36012,6462,5730,6096,6120,0,6188,0,0,0,2017-04-14,32587000,6160,47,0,0,0,0,0,0,0,0,6162,17,0,0,0,0,0,0,0,0
353,2017-04-14,09:03:08,0,SM705,XZCE,6160,6154,6214,6030,186345800,36780,36012,6462,5730,6096,6120,0,6188,0,0,0,2017-04-14,32588000,6160,7,0,0,0,0,0,0,0,0,6162,16,0,0,0,0,0,0,0,0
354,2017-04-14,09:03:08,0,SM705,XZCE,6160,6154,6214,6052,187023400,36766,36012,6462,5730,6096,6120,0,6188,0,0,0,2017-04-14,32588000,6158,7,0,0,0,0,0,0,0,0,6162,12,0,0,0,0,0,0,0,0
355,2017-04-14,09:03:09,0,SM705,XZCE,6162,6154,6214,6058,187208260,36766,36012,6462,5730,6096,6120,0,6188,0,0,0,2017-04-14,32589000,6158,7,0,0,0,0,0,0,0,0,6162,9,0,0,0,0,0,0,0,0
356,2017-04-14,09:03:09,0,SM705,XZCE,6162,6154,6214,6058,187208260,36766,36012,6462,5730,6096,6120,0,6188,0,0,0,2017-04-14,32589000,6158,7,0,0,0,0,0,0,0,0,6160,2,0,0,0,0,0,0,0,0
357,2017-04-14,09:03:10,0,SM705,XZCE,6158,6154,6214,6094,188316700,36786,36012,6462,5730,6096,6120,0,6188,0,0,0,2017-04-14,32590000,6156,12,0,0,0,0,0,0,0,0,6160,41,0,0,0,0,0,0,0,0
358,2017-04-14,09:03:10,0,SM705,XZCE,6156,6154,6214,6110,188809180,36790,36012,6462,5730,6096,6120,0,6188,0,0,0,2017-04-14,32590000,6156,10,0,0,0,0,0,0,0,0,6160,36,0,0,0,0,0,0,0,0
359,2017-04-14,09:03:11,0,SM705,XZCE,6158,6154,6214,6124,189240240,36804,36012,6462,5730,6096,6120,0,6188,0,0,0,2017-04-14,32591000,6156,10,0,0,0,0,0,0,0,0,6160,32,0,0,0,0,0,0,0,0
360,2017-04-14,09:03:12,0,SM705,XZCE,6158,6154,6214,6126,189301820,36804,36012,6462,5730,6096,6120,0,6188,0,0,0,2017-04-14,32592000,6158,5,0,0,0,0,0,0,0,0,6160,30,0,0,0,0,0,0,0,0
361,2017-04-14,09:03:12,0,SM705,XZCE,6158,6154,6214,6130,189424980,36802,36012,6462,5730,6096,6120,0,6188,0,0,0,2017-04-14,32592000,6158,3,0,0,0,0,0,0,0,0,6160,32,0,0,0,0,0,0,0,0
362,2017-04-14,09:03:13,0,SM705,XZCE,6158,6154,6214,6130,189424980,36802,36012,6462,5730,6096,6120,0,6188,0,0,0,2017-04-14,32593000,6158,25,0,0,0,0,0,0,0,0,6160,32,0,0,0,0,0,0,0,0
363,2017-04-14,09:03:14,0,SM705,XZCE,6158,6154,6214,6136,189609720,36804,36012,6462,5730,6096,6120,0,6188,0,0,0,2017-04-14,32594000,6158,23,0,0,0,0,0,0,0,0,6160,31,0,0,0,0,0,0,0,0
364,2017-04-14,09:03:14,0,SM705,XZCE,6160,6154,6214,6186,191149720,36806,36012,6462,5730,6096,6120,0,6188,0,0,0,2017-04-14,32594000,6158,23,0,0,0,0,0,0,0,0,6160,6,0,0,0,0,0,0,0,0
365,2017-04-14,09:03:15,0,SM705,XZCE,6158,6154,6214,6200,191580780,36812,36012,6462,5730,6096,6120,0,6188,0,0,0,2017-04-14,32595000,6158,24,0,0,0,0,0,0,0,0,6162,8,0,0,0,0,0,0,0,0
366,2017-04-14,09:03:15,0,SM705,XZCE,6158,6154,6214,6200,191580780,36812,36012,6462,5730,6096,6120,0,6188,0,0,0,2017-04-14,32595000,6160,2,0,0,0,0,0,0,0,0,6162,10,0,0,0,0,0,0,0,0
367,2017-04-14,09:03:16,0,SM705,XZCE,6162,6154,6214,6218,192135360,36818,36012,6462,5730,6096,6120,0,6188,0,0,0,2017-04-14,32596000,6160,19,0,0,0,0,0,0,0,0,6162,1,0,0,0,0,0,0,0,0
368,2017-04-14,09:03:16,0,SM705,XZCE,6164,6154,6214,6222,192258640,36818,36012,6462,5730,6096,6120,0,6188,0,0,0,2017-04-14,32596000,6160,28,0,0,0,0,0,0,0,0,6164,16,0,0,0,0,0,0,0,0
369,2017-04-14,09:03:17,0,SM705,XZCE,6162,6154,6214,6226,192381880,36818,36012,6462,5730,6096,6120,0,6188,0,0,0,2017-04-14,32597000,6162,1,0,0,0,0,0,0,0,0,6164,15,0,0,0,0,0,0,0,0
370,2017-04-14,09:03:17,0,SM705,XZCE,6162,6154,6214,6226,192381880,36818,36012,6462,5730,6096,6120,0,6188,0,0,0,2017-04-14,32597000,6162,2,0,0,0,0,0,0,0,0,6164,16,0,0,0,0,0,0,0,0
371,2017-04-14,09:03:18,0,SM705,XZCE,6162,6154,6214,6230,192505120,36818,36012,6462,5730,6096,6120,0,6188,0,0,0,2017-04-14,32598000,6162,11,0,0,0,0,0,0,0,0,6164,16,0,0,0,0,0,0,0,0
372,2017-04-14,09:03:18,0,SM705,XZCE,6164,6154,6214,6232,192566760,36818,36012,6462,5730,6096,6120,0,6188,0,0,0,2017-04-14,32598000,6162,21,0,0,0,0,0,0,0,0,6164,15,0,0,0,0,0,0,0,0
373,2017-04-14,09:03:19,0,SM705,XZCE,6164,6154,6214,6262,193491360,36846,36012,6462,5730,6096,6120,0,6188,0,0,0,2017-04-14,32599000,6164,25,0,0,0,0,0,0,0,0,6166,6,0,0,0,0,0,0,0,0
374,2017-04-14,09:03:19,0,SM705,XZCE,6166,6154,6214,6276,193922980,36840,36012,6462,5730,6096,6120,0,6188,0,0,0,2017-04-14,32599000,6166,4,0,0,0,0,0,0,0,0,6168,37,0,0,0,0,0,0,0,0
375,2017-04-14,09:03:21,0,SM705,XZCE,6166,6154,6214,6284,194169620,36838,36012,6462,5730,6096,6120,0,6188,0,0,0,2017-04-14,32601000,6164,5,0,0,0,0,0,0,0,0,6166,2,0,0,0,0,0,0,0,0
376,2017-04-14,09:03:21,0,SM705,XZCE,6166,6154,6214,6284,194169620,36838,36012,6462,5730,6096,6120,0,6188,0,0,0,2017-04-14,32601000,6166,10,0,0,0,0,0,0,0,0,6168,37,0,0,0,0,0,0,0,0
377,2017-04-14,09:03:21,0,SM705,XZCE,6168,6154,6214,6316,195156500,36842,36012,6462,5730,6096,6120,0,6188,0,0,0,2017-04-14,32601000,6164,9,0,0,0,0,0,0,0,0,6168,21,0,0,0,0,0,0,0,0
378,2017-04-14,09:03:22,0,SM705,XZCE,6168,6154,6214,6316,195156500,36842,36012,6462,5730,6096,6120,0,6188,0,0,0,2017-04-14,32602000,6164,9,0,0,0,0,0,0,0,0,6168,23,0,0,0,0,0,0,0,0
379,2017-04-14,09:03:22,0,SM705,XZCE,6164,6154,6214,6336,195772900,36842,36012,6462,5730,6096,6120,0,6188,0,0,0,2017-04-14,32602000,6164,1,0,0,0,0,0,0,0,0,6168,23,0,0,0,0,0,0,0,0
380,2017-04-14,09:03:23,0,SM705,XZCE,6168,6154,6214,6338,195834580,36844,36012,6462,5730,6096,6120,0,6188,0,0,0,2017-04-14,32603000,6164,1,0,0,0,0,0,0,0,0,6168,22,0,0,0,0,0,0,0,0
381,2017-04-14,09:03:24,0,SM705,XZCE,6168,6154,6214,6384,197253220,36884,36012,6462,5730,6096,6120,0,6188,0,0,0,2017-04-14,32604000,6168,1,0,0,0,0,0,0,0,0,6172,7,0,0,0,0,0,0,0,0
382,2017-04-14,09:03:24,0,SM705,XZCE,6168,6154,6214,6384,197253220,36884,36012,6462,5730,6096,6120,0,6188,0,0,0,2017-04-14,32604000,6168,2,0,0,0,0,0,0,0,0,6172,2,0,0,0,0,0,0,0,0
383,2017-04-14,09:03:24,0,SM705,XZCE,6168,6154,6214,6388,197376580,36884,36012,6462,5730,6096,6120,0,6188,0,0,0,2017-04-14,32604000,6168,10,0,0,0,0,0,0,0,0,6172,5,0,0,0,0,0,0,0,0
384,2017-04-14,09:03:25,0,SM705,XZCE,6168,6154,6214,6388,197376580,36884,36012,6462,5730,6096,6120,0,6188,0,0,0,2017-04-14,32605000,6168,17,0,0,0,0,0,0,0,0,6172,10,0,0,0,0,0,0,0,0
385,2017-04-14,09:03:26,0,SM705,XZCE,6168,6154,6214,6388,197376580,36884,36012,6462,5730,6096,6120,0,6188,0,0,0,2017-04-14,32606000,6168,17,0,0,0,0,0,0,0,0,6170,1,0,0,0,0,0,0,0,0
386,2017-04-14,09:03:26,0,SM705,XZCE,6170,6154,6214,6412,198116980,36880,36012,6462,5730,6096,6120,0,6188,0,0,0,2017-04-14,32606000,6168,17,0,0,0,0,0,0,0,0,6170,4,0,0,0,0,0,0,0,0
387,2017-04-14,09:03:26,0,SM705,XZCE,6172,6154,6214,6424,198487300,36874,36012,6462,5730,6096,6120,0,6188,0,0,0,2017-04-14,32606000,6170,6,0,0,0,0,0,0,0,0,6172,8,0,0,0,0,0,0,0,0
388,2017-04-14,09:03:27,0,SM705,XZCE,6172,6154,6214,6440,198981060,36868,36012,6462,5730,6096,6120,0,6188,0,0,0,2017-04-14,32607000,6170,6,0,0,0,0,0,0,0,0,6174,15,0,0,0,0,0,0,0,0
389,2017-04-14,09:03:28,0,SM705,XZCE,6174,6154,6214,6444,199104540,36864,36012,6462,5730,6096,6120,0,6188,0,0,0,2017-04-14,32608000,6170,7,0,0,0,0,0,0,0,0,6174,13,0,0,0,0,0,0,0,0
390,2017-04-14,09:03:28,0,SM705,XZCE,6176,6154,6214,6498,200772060,36850,36012,6462,5730,6096,6120,0,6188,0,0,0,2017-04-14,32608000,6176,1,0,0,0,0,0,0,0,0,6178,25,0,0,0,0,0,0,0,0
391,2017-04-14,09:03:28,0,SM705,XZCE,6176,6154,6214,6500,200833820,36848,36012,6462,5730,6096,6120,0,6188,0,0,0,2017-04-14,32608000,6174,3,0,0,0,0,0,0,0,0,6176,8,0,0,0,0,0,0,0,0
392,2017-04-14,09:03:29,0,SM705,XZCE,6172,6154,6214,6518,201389300,36848,36012,6462,5730,6096,6120,0,6188,0,0,0,2017-04-14,32609000,6170,12,0,0,0,0,0,0,0,0,6176,6,0,0,0,0,0,0,0,0
393,2017-04-14,09:03:30,0,SM705,XZCE,6174,6154,6214,6530,201759740,36858,36012,6462,5730,6096,6120,0,6188,0,0,0,2017-04-14,32610000,6174,10,0,0,0,0,0,0,0,0,6176,6,0,0,0,0,0,0,0,0
394,2017-04-14,09:03:30,0,SM705,XZCE,6174,6154,6214,6546,202253660,36870,36012,6462,5730,6096,6120,0,6188,0,0,0,2017-04-14,32610000,6174,8,0,0,0,0,0,0,0,0,6178,24,0,0,0,0,0,0,0,0
395,2017-04-14,09:03:31,0,SM705,XZCE,6174,6154,6214,6550,202377140,36870,36012,6462,5730,6096,6120,0,6188,0,0,0,2017-04-14,32611000,6174,6,0,0,0,0,0,0,0,0,6176,10,0,0,0,0,0,0,0,0
396,2017-04-14,09:03:31,0,SM705,XZCE,6176,6154,6214,6554,202500660,36874,36012,6462,5730,6096,6120,0,6188,0,0,0,2017-04-14,32611000,6174,11,0,0,0,0,0,0,0,0,6176,9,0,0,0,0,0,0,0,0
397,2017-04-14,09:03:32,0,SM705,XZCE,6176,6154,6214,6592,203674100,36902,36012,6462,5730,6096,6120,0,6188,0,0,0,2017-04-14,32612000,6170,12,0,0,0,0,0,0,0,0,6176,5,0,0,0,0,0,0,0,0
398,2017-04-14,09:03:32,0,SM705,XZCE,6176,6154,6214,6610,204229940,36916,36012,6462,5730,6096,6120,0,6188,0,0,0,2017-04-14,32612000,6172,1,0,0,0,0,0,0,0,0,6176,1,0,0,0,0,0,0,0,0
399,2017-04-14,09:03:33,0,SM705,XZCE,6176,6154,6214,6636,205032820,36932,36012,6462,5730,6096,6120,0,6188,0,0,0,2017-04-14,32613000,6172,3,0,0,0,0,0,0,0,0,6176,19,0,0,0,0,0,0,0,0
400,2017-04-14,09:03:34,0,SM705,XZCE,6176,6154,6214,6640,205156340,36932,36012,6462,5730,6096,6120,0,6188,0,0,0,2017-04-14,32614000,6172,3,0,0,0,0,0,0,0,0,6176,17,0,0,0,0,0,0,0,0
401,2017-04-14,09:03:34,0,SM705,XZCE,6176,6154,6214,6640,205156340,36932,36012,6462,5730,6096,6120,0,6188,0,0,0,2017-04-14,32614000,6172,6,0,0,0,0,0,0,0,0,6176,17,0,0,0,0,0,0,0,0
402,2017-04-14,09:03:35,0,SM705,XZCE,6172,6154,6214,6644,205279780,36934,36012,6462,5730,6096,6120,0,6188,0,0,0,2017-04-14,32615000,6172,5,0,0,0,0,0,0,0,0,6176,17,0,0,0,0,0,0,0,0
403,2017-04-14,09:03:36,0,SM705,XZCE,6172,6154,6214,6646,205341500,36934,36012,6462,5730,6096,6120,0,6188,0,0,0,2017-04-14,32616000,6172,4,0,0,0,0,0,0,0,0,6176,18,0,0,0,0,0,0,0,0
404,2017-04-14,09:03:36,0,SM705,XZCE,6172,6154,6214,6648,205403220,36934,36012,6462,5730,6096,6120,0,6188,0,0,0,2017-04-14,32616000,6172,3,0,0,0,0,0,0,0,0,6176,18,0,0,0,0,0,0,0,0
405,2017-04-14,09:03:36,0,SM705,XZCE,6174,6154,6214,6650,205464960,36936,36012,6462,5730,6096,6120,0,6188,0,0,0,2017-04-14,32616000,6174,4,0,0,0,0,0,0,0,0,6176,18,0,0,0,0,0,0,0,0
406,2017-04-14,09:03:37,0,SM705,XZCE,6174,6154,6214,6660,205773660,36942,36012,6462,5730,6096,6120,0,6188,0,0,0,2017-04-14,32617000,6172,3,0,0,0,0,0,0,0,0,6176,18,0,0,0,0,0,0,0,0
407,2017-04-14,09:03:38,0,SM705,XZCE,6174,6154,6214,6662,205835400,36942,36012,6462,5730,6096,6120,0,6188,0,0,0,2017-04-14,32618000,6172,3,0,0,0,0,0,0,0,0,6174,4,0,0,0,0,0,0,0,0
408,2017-04-14,09:03:38,0,SM705,XZCE,6174,6154,6214,6668,206020620,36942,36012,6462,5730,6096,6120,0,6188,0,0,0,2017-04-14,32618000,6172,3,0,0,0,0,0,0,0,0,6174,1,0,0,0,0,0,0,0,0
409,2017-04-14,09:03:39,0,SM705,XZCE,6174,6154,6214,6668,206020620,36942,36012,6462,5730,6096,6120,0,6188,0,0,0,2017-04-14,32619000,6170,17,0,0,0,0,0,0,0,0,6174,2,0,0,0,0,0,0,0,0
410,2017-04-14,09:03:41,0,SM705,XZCE,6174,6154,6214,6668,206020620,36942,36012,6462,5730,6096,6120,0,6188,0,0,0,2017-04-14,32621000,6170,17,0,0,0,0,0,0,0,0,6174,6,0,0,0,0,0,0,0,0
411,2017-04-14,09:03:41,0,SM705,XZCE,6174,6154,6214,6668,206020620,36942,36012,6462,5730,6096,6120,0,6188,0,0,0,2017-04-14,32621000,6170,17,0,0,0,0,0,0,0,0,6172,3,0,0,0,0,0,0,0,0
412,2017-04-14,09:03:42,0,SM705,XZCE,6170,6154,6214,6702,207069520,36966,36012,6462,5730,6096,6120,0,6188,0,0,0,2017-04-14,32622000,6168,13,0,0,0,0,0,0,0,0,6170,3,0,0,0,0,0,0,0,0
413,2017-04-14,09:03:43,0,SM705,XZCE,6168,6154,6214,6704,207131200,36966,36012,6462,5730,6096,6120,0,6188,0,0,0,2017-04-14,32623000,6168,12,0,0,0,0,0,0,0,0,6170,3,0,0,0,0,0,0,0,0
414,2017-04-14,09:03:44,0,SM705,XZCE,6172,6154,6214,6726,207810120,36972,36012,6462,5730,6096,6120,0,6188,0,0,0,2017-04-14,32624000,6168,12,0,0,0,0,0,0,0,0,6174,5,0,0,0,0,0,0,0,0
415,2017-04-14,09:03:45,0,SM705,XZCE,6172,6154,6214,6726,207810120,36972,36012,6462,5730,6096,6120,0,6188,0,0,0,2017-04-14,32625000,6170,1,0,0,0,0,0,0,0,0,6174,6,0,0,0,0,0,0,0,0
416,2017-04-14,09:03:46,0,SM705,XZCE,6172,6154,6214,6726,207810120,36972,36012,6462,5730,6096,6120,0,6188,0,0,0,2017-04-14,32626000,6170,1,0,0,0,0,0,0,0,0,6174,7,0,0,0,0,0,0,0,0
417,2017-04-14,09:03:46,0,SM705,XZCE,6172,6154,6214,6726,207810120,36972,36012,6462,5730,6096,6120,0,6188,0,0,0,2017-04-14,32626000,6170,2,0,0,0,0,0,0,0,0,6172,1,0,0,0,0,0,0,0,0
418,2017-04-14,09:03:49,0,SM705,XZCE,6172,6154,6214,6726,207810120,36972,36012,6462,5730,6096,6120,0,6188,0,0,0,2017-04-14,32629000,6170,1,0,0,0,0,0,0,0,0,6172,1,0,0,0,0,0,0,0,0
419,2017-04-14,09:03:50,0,SM705,XZCE,6168,6154,6214,6740,208241880,36978,36012,6462,5730,6096,6120,0,6188,0,0,0,2017-04-14,32630000,6168,10,0,0,0,0,0,0,0,0,6170,19,0,0,0,0,0,0,0,0
420,2017-04-14,09:03:50,0,SM705,XZCE,6168,6154,6214,6762,208920360,36998,36012,6462,5730,6096,6120,0,6188,0,0,0,2017-04-14,32630000,6166,4,0,0,0,0,0,0,0,0,6168,1,0,0,0,0,0,0,0,0
421,2017-04-14,09:03:51,0,SM705,XZCE,6166,6154,6214,6766,209043680,36996,36012,6462,5730,6096,6120,0,6188,0,0,0,2017-04-14,32631000,6166,3,0,0,0,0,0,0,0,0,6168,1,0,0,0,0,0,0,0,0
422,2017-04-14,09:03:51,0,SM705,XZCE,6164,6154,6214,6788,209721720,36994,36012,6462,5730,6096,6120,0,6188,0,0,0,2017-04-14,32631000,6164,1,0,0,0,0,0,0,0,0,6166,7,0,0,0,0,0,0,0,0
423,2017-04-14,09:03:52,0,SM705,XZCE,6166,6154,6214,6790,209783380,36994,36012,6462,5730,6096,6120,0,6188,0,0,0,2017-04-14,32632000,6164,1,0,0,0,0,0,0,0,0,6168,3,0,0,0,0,0,0,0,0
424,2017-04-14,09:03:53,0,SM705,XZCE,6168,6154,6214,6814,210523540,36986,36012,6462,5730,6096,6120,0,6188,0,0,0,2017-04-14,32633000,6162,21,0,0,0,0,0,0,0,0,6168,3,0,0,0,0,0,0,0,0
425,2017-04-14,09:03:54,0,SM705,XZCE,6168,6154,6214,6814,210523540,36986,36012,6462,5730,6096,6120,0,6188,0,0,0,2017-04-14,32634000,6164,2,0,0,0,0,0,0,0,0,6168,3,0,0,0,0,0,0,0,0
426,2017-04-14,09:03:54,0,SM705,XZCE,6168,6154,6214,6814,210523540,36986,36012,6462,5730,6096,6120,0,6188,0,0,0,2017-04-14,32634000,6164,5,0,0,0,0,0,0,0,0,6168,3,0,0,0,0,0,0,0,0
427,2017-04-14,09:03:54,0,SM705,XZCE,6168,6154,6214,6814,210523540,36986,36012,6462,5730,6096,6120,0,6188,0,0,0,2017-04-14,32634000,6164,19,0,0,0,0,0,0,0,0,6168,7,0,0,0,0,0,0,0,0
428,2017-04-14,09:03:55,0,SM705,XZCE,6164,6154,6214,6816,210585180,36986,36012,6462,5730,6096,6120,0,6188,0,0,0,2017-04-14,32635000,6164,18,0,0,0,0,0,0,0,0,6168,7,0,0,0,0,0,0,0,0
429,2017-04-14,09:03:55,0,SM705,XZCE,6166,6154,6214,6818,210646840,36986,36012,6462,5730,6096,6120,0,6188,0,0,0,2017-04-14,32635000,6166,10,0,0,0,0,0,0,0,0,6168,7,0,0,0,0,0,0,0,0
430,2017-04-14,09:03:56,0,SM705,XZCE,6166,6154,6214,6818,210646840,36986,36012,6462,5730,6096,6120,0,6188,0,0,0,2017-04-14,32636000,6166,10,0,0,0,0,0,0,0,0,6168,3,0,0,0,0,0,0,0,0
431,2017-04-14,09:03:56,0,SM705,XZCE,6168,6154,6214,6824,210831880,36992,36012,6462,5730,6096,6120,0,6188,0,0,0,2017-04-14,32636000,6168,6,0,0,0,0,0,0,0,0,6170,95,0,0,0,0,0,0,0,0
432,2017-04-14,09:03:57,0,SM705,XZCE,6168,6154,6214,6824,210831880,36992,36012,6462,5730,6096,6120,0,6188,0,0,0,2017-04-14,32637000,6168,9,0,0,0,0,0,0,0,0,6170,95,0,0,0,0,0,0,0,0
433,2017-04-14,09:03:57,0,SM705,XZCE,6168,6154,6214,6824,210831880,36992,36012,6462,5730,6096,6120,0,6188,0,0,0,2017-04-14,32637000,6168,10,0,0,0,0,0,0,0,0,6170,95,0,0,0,0,0,0,0,0
434,2017-04-14,09:03:58,0,SM705,XZCE,6168,6154,6214,6852,211695400,36982,36012,6462,5730,6096,6120,0,6188,0,0,0,2017-04-14,32638000,6166,10,0,0,0,0,0,0,0,0,6168,2,0,0,0,0,0,0,0,0
435,2017-04-14,09:03:58,0,SM705,XZCE,6170,6154,6214,6860,211942200,36982,36012,6462,5730,6096,6120,0,6188,0,0,0,2017-04-14,32638000,6166,10,0,0,0,0,0,0,0,0,6170,94,0,0,0,0,0,0,0,0
436,2017-04-14,09:03:59,0,SM705,XZCE,6170,6154,6214,6880,212559200,36964,36012,6462,5730,6096,6120,0,6188,0,0,0,2017-04-14,32639000,6166,11,0,0,0,0,0,0,0,0,6170,85,0,0,0,0,0,0,0,0
437,2017-04-14,09:03:59,0,SM705,XZCE,6170,6154,6214,6880,212559200,36964,36012,6462,5730,6096,6120,0,6188,0,0,0,2017-04-14,32639000,6166,11,0,0,0,0,0,0,0,0,6170,86,0,0,0,0,0,0,0,0
438,2017-04-14,09:04:00,0,SM705,XZCE,6168,6154,6214,6882,212620880,36964,36012,6462,5730,6096,6120,0,6188,0,0,0,2017-04-14,32640000,6166,11,0,0,0,0,0,0,0,0,6170,86,0,0,0,0,0,0,0,0
439,2017-04-14,09:04:01,0,SM705,XZCE,6166,6154,6214,6892,212929180,36966,36012,6462,5730,6096,6120,0,6188,0,0,0,2017-04-14,32641000,6166,6,0,0,0,0,0,0,0,0,6170,87,0,0,0,0,0,0,0,0
440,2017-04-14,09:04:02,0,SM705,XZCE,6166,6154,6214,6910,213484120,36972,36012,6462,5730,6096,6120,0,6188,0,0,0,2017-04-14,32642000,6164,29,0,0,0,0,0,0,0,0,6166,1,0,0,0,0,0,0,0,0
441,2017-04-14,09:04:02,0,SM705,XZCE,6166,6154,6214,6912,213545780,36974,36012,6462,5730,6096,6120,0,6188,0,0,0,2017-04-14,32642000,6166,2,0,0,0,0,0,0,0,0,6170,87,0,0,0,0,0,0,0,0
442,2017-04-14,09:04:03,0,SM705,XZCE,6166,6154,6214,6926,213977400,36978,36012,6462,5730,6096,6120,0,6188,0,0,0,2017-04-14,32643000,6164,29,0,0,0,0,0,0,0,0,6166,8,0,0,0,0,0,0,0,0
443,2017-04-14,09:04:03,0,SM705,XZCE,6166,6154,6214,6942,214470680,36992,36012,6462,5730,6096,6120,0,6188,0,0,0,2017-04-14,32643000,6164,31,0,0,0,0,0,0,0,0,6170,87,0,0,0,0,0,0,0,0
444,2017-04-14,09:04:04,0,SM705,XZCE,6170,6154,6214,6944,214532380,36990,36012,6462,5730,6096,6120,0,6188,0,0,0,2017-04-14,32644000,6164,31,0,0,0,0,0,0,0,0,6170,87,0,0,0,0,0,0,0,0
445,2017-04-14,09:04:04,0,SM705,XZCE,6170,6154,6214,6944,214532380,36990,36012,6462,5730,6096,6120,0,6188,0,0,0,2017-04-14,32644000,6164,32,0,0,0,0,0,0,0,0,6170,89,0,0,0,0,0,0,0,0
446,2017-04-14,09:04:06,0,SM705,XZCE,6170,6154,6214,6944,214532380,36990,36012,6462,5730,6096,6120,0,6188,0,0,0,2017-04-14,32646000,6166,12,0,0,0,0,0,0,0,0,6170,89,0,0,0,0,0,0,0,0
447,2017-04-14,09:04:06,0,SM705,XZCE,6170,6154,6214,6950,214717480,36984,36012,6462,5730,6096,6120,0,6188,0,0,0,2017-04-14,32646000,6166,12,0,0,0,0,0,0,0,0,6170,87,0,0,0,0,0,0,0,0
448,2017-04-14,09:04:07,0,SM705,XZCE,6166,6154,6214,6966,215210760,36978,36012,6462,5730,6096,6120,0,6188,0,0,0,2017-04-14,32647000,6168,2,0,0,0,0,0,0,0,0,6170,11,0,0,0,0,0,0,0,0
449,2017-04-14,09:04:07,0,SM705,XZCE,6166,6154,6214,6970,215334080,36978,36012,6462,5730,6096,6120,0,6188,0,0,0,2017-04-14,32647000,6166,9,0,0,0,0,0,0,0,0,6170,11,0,0,0,0,0,0,0,0
450,2017-04-14,09:04:08,0,SM705,XZCE,6166,6154,6214,6970,215334080,36978,36012,6462,5730,6096,6120,0,6188,0,0,0,2017-04-14,32648000,6166,9,0,0,0,0,0,0,0,0,6168,1,0,0,0,0,0,0,0,0
451,2017-04-14,09:04:08,0,SM705,XZCE,6170,6154,6214,6974,215457480,36978,36012,6462,5730,6096,6120,0,6188,0,0,0,2017-04-14,32648000,6168,5,0,0,0,0,0,0,0,0,6170,10,0,0,0,0,0,0,0,0
452,2017-04-14,09:04:09,0,SM705,XZCE,6170,6154,6214,6974,215457480,36978,36012,6462,5730,6096,6120,0,6188,0,0,0,2017-04-14,32649000,6168,7,0,0,0,0,0,0,0,0,6170,10,0,0,0,0,0,0,0,0
453,2017-04-14,09:04:09,0,SM705,XZCE,6170,6154,6214,6994,216074480,36984,36012,6462,5730,6096,6120,0,6188,0,0,0,2017-04-14,32649000,6168,6,0,0,0,0,0,0,0,0,6172,1,0,0,0,0,0,0,0,0
454,2017-04-14,09:04:10,0,SM705,XZCE,6168,6154,6214,6996,216136160,36986,36012,6462,5730,6096,6120,0,6188,0,0,0,2017-04-14,32650000,6168,5,0,0,0,0,0,0,0,0,6172,1,0,0,0,0,0,0,0,0
455,2017-04-14,09:04:10,0,SM705,XZCE,6168,6154,6214,7000,216259520,36988,36012,6462,5730,6096,6120,0,6188,0,0,0,2017-04-14,32650000,6168,3,0,0,0,0,0,0,0,0,6172,1,0,0,0,0,0,0,0,0
456,2017-04-14,09:04:11,0,SM705,XZCE,6168,6154,6214,7002,216321200,36990,36012,6462,5730,6096,6120,0,6188,0,0,0,2017-04-14,32651000,6168,2,0,0,0,0,0,0,0,0,6172,2,0,0,0,0,0,0,0,0
457,2017-04-14,09:04:11,0,SM705,XZCE,6168,6154,6214,7002,216321200,36990,36012,6462,5730,6096,6120,0,6188,0,0,0,2017-04-14,32651000,6168,2,0,0,0,0,0,0,0,0,6170,2,0,0,0,0,0,0,0,0
458,2017-04-14,09:04:12,0,SM705,XZCE,6168,6154,6214,7008,216506240,36990,36012,6462,5730,6096,6120,0,6188,0,0,0,2017-04-14,32652000,6166,10,0,0,0,0,0,0,0,0,6168,2,0,0,0,0,0,0,0,0
459,2017-04-14,09:04:13,0,SM705,XZCE,6168,6154,6214,7008,216506240,36990,36012,6462,5730,6096,6120,0,6188,0,0,0,2017-04-14,32653000,6166,15,0,0,0,0,0,0,0,0,6168,2,0,0,0,0,0,0,0,0
460,2017-04-14,09:04:14,0,SM705,XZCE,6168,6154,6214,7014,216691280,36994,36012,6462,5730,6096,6120,0,6188,0,0,0,2017-04-14,32654000,6166,15,0,0,0,0,0,0,0,0,6170,2,0,0,0,0,0,0,0,0
461,2017-04-14,09:04:14,0,SM705,XZCE,6168,6154,6214,7014,216691280,36994,36012,6462,5730,6096,6120,0,6188,0,0,0,2017-04-14,32654000,6166,15,0,0,0,0,0,0,0,0,6170,3,0,0,0,0,0,0,0,0
462,2017-04-14,09:04:14,0,SM705,XZCE,6168,6154,6214,7014,216691280,36994,36012,6462,5730,6096,6120,0,6188,0,0,0,2017-04-14,32654000,6166,16,0,0,0,0,0,0,0,0,6170,3,0,0,0,0,0,0,0,0
463,2017-04-14,09:04:16,0,SM705,XZCE,6166,6154,6214,7030,217184560,36986,36012,6462,5730,6096,6120,0,6188,0,0,0,2017-04-14,32656000,6166,8,0,0,0,0,0,0,0,0,6168,2,0,0,0,0,0,0,0,0
464,2017-04-14,09:04:16,0,SM705,XZCE,6170,6154,6214,7036,217369660,36988,36012,6462,5730,6096,6120,0,6188,0,0,0,2017-04-14,32656000,6166,8,0,0,0,0,0,0,0,0,6170,2,0,0,0,0,0,0,0,0
465,2017-04-14,09:04:17,0,SM705,XZCE,6170,6154,6214,7036,217369660,36988,36012,6462,5730,6096,6120,0,6188,0,0,0,2017-04-14,32657000,6166,23,0,0,0,0,0,0,0,0,6170,4,0,0,0,0,0,0,0,0
466,2017-04-14,09:04:17,0,SM705,XZCE,6166,6154,6214,7038,217431320,36990,36012,6462,5730,6096,6120,0,6188,0,0,0,2017-04-14,32657000,6166,22,0,0,0,0,0,0,0,0,6170,5,0,0,0,0,0,0,0,0
467,2017-04-14,09:04:18,0,SM705,XZCE,6166,6154,6214,7084,218849500,37034,36012,6462,5730,6096,6120,0,6188,0,0,0,2017-04-14,32658000,6164,28,0,0,0,0,0,0,0,0,6166,53,0,0,0,0,0,0,0,0
468,2017-04-14,09:04:19,0,SM705,XZCE,6164,6154,6214,7090,219034420,37036,36012,6462,5730,6096,6120,0,6188,0,0,0,2017-04-14,32659000,6164,11,0,0,0,0,0,0,0,0,6166,53,0,0,0,0,0,0,0,0
469,2017-04-14,09:04:20,0,SM705,XZCE,6164,6154,6214,7092,219096060,37036,36012,6462,5730,6096,6120,0,6188,0,0,0,2017-04-14,32660000,6164,10,0,0,0,0,0,0,0,0,6166,53,0,0,0,0,0,0,0,0
470,2017-04-14,09:04:21,0,SM705,XZCE,6164,6154,6214,7094,219157700,37036,36012,6462,5730,6096,6120,0,6188,0,0,0,2017-04-14,32661000,6164,9,0,0,0,0,0,0,0,0,6166,53,0,0,0,0,0,0,0,0
471,2017-04-14,09:04:21,0,SM705,XZCE,6164,6154,6214,7096,219219340,37038,36012,6462,5730,6096,6120,0,6188,0,0,0,2017-04-14,32661000,6164,8,0,0,0,0,0,0,0,0,6166,53,0,0,0,0,0,0,0,0
472,2017-04-14,09:04:22,0,SM705,XZCE,6164,6154,6214,7100,219342620,37040,36012,6462,5730,6096,6120,0,6188,0,0,0,2017-04-14,32662000,6164,6,0,0,0,0,0,0,0,0,6166,53,0,0,0,0,0,0,0,0
473,2017-04-14,09:04:22,0,SM705,XZCE,6164,6154,6214,7102,219404260,37042,36012,6462,5730,6096,6120,0,6188,0,0,0,2017-04-14,32662000,6164,5,0,0,0,0,0,0,0,0,6166,53,0,0,0,0,0,0,0,0
474,2017-04-14,09:04:23,0,SM705,XZCE,6164,6154,6214,7112,219712460,37050,36012,6462,5730,6096,6120,0,6188,0,0,0,2017-04-14,32663000,6162,48,0,0,0,0,0,0,0,0,6166,53,0,0,0,0,0,0,0,0
475,2017-04-14,09:04:24,0,SM705,XZCE,6166,6154,6214,7118,219897440,37050,36012,6462,5730,6096,6120,0,6188,0,0,0,2017-04-14,32664000,6162,47,0,0,0,0,0,0,0,0,6166,52,0,0,0,0,0,0,0,0
476,2017-04-14,09:04:24,0,SM705,XZCE,6166,6154,6214,7118,219897440,37050,36012,6462,5730,6096,6120,0,6188,0,0,0,2017-04-14,32664000,6162,46,0,0,0,0,0,0,0,0,6166,52,0,0,0,0,0,0,0,0
477,2017-04-14,09:04:24,0,SM705,XZCE,6162,6154,6214,7134,220390400,37066,36012,6462,5730,6096,6120,0,6188,0,0,0,2017-04-14,32664000,6162,38,0,0,0,0,0,0,0,0,6166,52,0,0,0,0,0,0,0,0
478,2017-04-14,09:04:26,0,SM705,XZCE,6162,6154,6214,7136,220452020,37066,36012,6462,5730,6096,6120,0,6188,0,0,0,2017-04-14,32666000,6162,40,0,0,0,0,0,0,0,0,6164,1,0,0,0,0,0,0,0,0
479,2017-04-14,09:04:26,0,SM705,XZCE,6162,6154,6214,7136,220452020,37066,36012,6462,5730,6096,6120,0,6188,0,0,0,2017-04-14,32666000,6162,40,0,0,0,0,0,0,0,0,6164,5,0,0,0,0,0,0,0,0
480,2017-04-14,09:04:26,0,SM705,XZCE,6164,6154,6214,7146,220760220,37058,36012,6462,5730,6096,6120,0,6188,0,0,0,2017-04-14,32666000,6164,10,0,0,0,0,0,0,0,0,6166,52,0,0,0,0,0,0,0,0
481,2017-04-14,09:04:27,0,SM705,XZCE,6164,6154,6214,7146,220760220,37058,36012,6462,5730,6096,6120,0,6188,0,0,0,2017-04-14,32667000,6164,11,0,0,0,0,0,0,0,0,6166,52,0,0,0,0,0,0,0,0
482,2017-04-14,09:04:28,0,SM705,XZCE,6164,6154,6214,7148,220821860,37056,36012,6462,5730,6096,6120,0,6188,0,0,0,2017-04-14,32668000,6164,14,0,0,0,0,0,0,0,0,6166,53,0,0,0,0,0,0,0,0
483,2017-04-14,09:04:29,0,SM705,XZCE,6164,6154,6214,7162,221253340,37056,36012,6462,5730,6096,6120,0,6188,0,0,0,2017-04-14,32669000,6164,9,0,0,0,0,0,0,0,0,6166,51,0,0,0,0,0,0,0,0
484,2017-04-14,09:04:30,0,SM705,XZCE,6164,6154,6214,7162,221253340,37056,36012,6462,5730,6096,6120,0,6188,0,0,0,2017-04-14,32670000,6164,11,0,0,0,0,0,0,0,0,6166,51,0,0,0,0,0,0,0,0
485,2017-04-14,09:04:30,0,SM705,XZCE,6166,6154,6214,7172,221561640,37066,36012,6462,5730,6096,6120,0,6188,0,0,0,2017-04-14,32670000,6164,12,0,0,0,0,0,0,0,0,6166,46,0,0,0,0,0,0,0,0
486,2017-04-14,09:04:30,0,SM705,XZCE,6164,6154,6214,7182,221869840,37066,36012,6462,5730,6096,6120,0,6188,0,0,0,2017-04-14,32670000,6164,8,0,0,0,0,0,0,0,0,6166,46,0,0,0,0,0,0,0,0
487,2017-04-14,09:04:31,0,SM705,XZCE,6166,6154,6214,7224,223164700,37066,36012,6462,5730,6096,6120,0,6188,0,0,0,2017-04-14,32671000,6164,8,0,0,0,0,0,0,0,0,6166,25,0,0,0,0,0,0,0,0
488,2017-04-14,09:04:31,0,SM705,XZCE,6166,6154,6214,7238,223596320,37080,36012,6462,5730,6096,6120,0,6188,0,0,0,2017-04-14,32671000,6164,8,0,0,0,0,0,0,0,0,6166,19,0,0,0,0,0,0,0,0
489,2017-04-14,09:04:32,0,SM705,XZCE,6166,6154,6214,7240,223657980,37082,36012,6462,5730,6096,6120,0,6188,0,0,0,2017-04-14,32672000,6164,8,0,0,0,0,0,0,0,0,6166,18,0,0,0,0,0,0,0,0
490,2017-04-14,09:04:32,0,SM705,XZCE,6164,6154,6214,7242,223719620,37080,36012,6462,5730,6096,6120,0,6188,0,0,0,2017-04-14,32672000,6164,13,0,0,0,0,0,0,0,0,6166,18,0,0,0,0,0,0,0,0
491,2017-04-14,09:04:33,0,SM705,XZCE,6166,6154,6214,7256,224151240,37094,36012,6462,5730,6096,6120,0,6188,0,0,0,2017-04-14,32673000,6164,13,0,0,0,0,0,0,0,0,6166,11,0,0,0,0,0,0,0,0
492,2017-04-14,09:04:33,0,SM705,XZCE,6166,6154,6214,7258,224212900,37096,36012,6462,5730,6096,6120,0,6188,0,0,0,2017-04-14,32673000,6164,15,0,0,0,0,0,0,0,0,6166,10,0,0,0,0,0,0,0,0
493,2017-04-14,09:04:34,0,SM705,XZCE,6168,6154,6214,7280,224891380,37118,36012,6462,5730,6096,6120,0,6188,0,0,0,2017-04-14,32674000,6168,1,0,0,0,0,0,0,0,0,6170,12,0,0,0,0,0,0,0,0
494,2017-04-14,09:04:35,0,SM705,XZCE,6168,6154,6214,7282,224953060,37118,36012,6462,5730,6096,6120,0,6188,0,0,0,2017-04-14,32675000,6164,15,0,0,0,0,0,0,0,0,6168,1,0,0,0,0,0,0,0,0
495,2017-04-14,09:04:35,0,SM705,XZCE,6168,6154,6214,7282,224953060,37118,36012,6462,5730,6096,6120,0,6188,0,0,0,2017-04-14,32675000,6164,15,0,0,0,0,0,0,0,0,6168,2,0,0,0,0,0,0,0,0
496,2017-04-14,09:04:36,0,SM705,XZCE,6168,6154,6214,7282,224953060,37118,36012,6462,5730,6096,6120,0,6188,0,0,0,2017-04-14,32676000,6164,16,0,0,0,0,0,0,0,0,6168,2,0,0,0,0,0,0,0,0
497,2017-04-14,09:04:38,0,SM705,XZCE,6168,6154,6214,7282,224953060,37118,36012,6462,5730,6096,6120,0,6188,0,0,0,2017-04-14,32678000,6166,3,0,0,0,0,0,0,0,0,6168,1,0,0,0,0,0,0,0,0
498,2017-04-14,09:04:39,0,SM705,XZCE,6168,6154,6214,7282,224953060,37118,36012,6462,5730,6096,6120,0,6188,0,0,0,2017-04-14,32679000,6166,4,0,0,0,0,0,0,0,0,6168,1,0,0,0,0,0,0,0,0
499,2017-04-14,09:04:39,0,SM705,XZCE,6168,6154,6214,7282,224953060,37118,36012,6462,5730,6096,6120,0,6188,0,0,0,2017-04-14,32679000,6166,4,0,0,0,0,0,0,0,0,6168,2,0,0,0,0,0,0,0,0
500,2017-04-14,09:04:39,0,SM705,XZCE,6168,6154,6214,7284,225014740,37118,36012,6462,5730,6096,6120,0,6188,0,0,0,2017-04-14,32679000,6166,4,0,0,0,0,0,0,0,0,6168,1,0,0,0,0,0,0,0,0
501,2017-04-14,09:04:40,0,SM705,XZCE,6168,6154,6214,7284,225014740,37118,36012,6462,5730,6096,6120,0,6188,0,0,0,2017-04-14,32680000,6166,6,0,0,0,0,0,0,0,0,6168,1,0,0,0,0,0,0,0,0
502,2017-04-14,09:04:41,0,SM705,XZCE,6168,6154,6214,7286,225076420,37120,36012,6462,5730,6096,6120,0,6188,0,0,0,2017-04-14,32681000,6166,6,0,0,0,0,0,0,0,0,6170,12,0,0,0,0,0,0,0,0
503,2017-04-14,09:04:42,0,SM705,XZCE,6170,6154,6214,7288,225138120,37122,36012,6462,5730,6096,6120,0,6188,0,0,0,2017-04-14,32682000,6168,1,0,0,0,0,0,0,0,0,6170,11,0,0,0,0,0,0,0,0
504,2017-04-14,09:04:44,0,SM705,XZCE,6170,6154,6214,7304,225631720,37120,36012,6462,5730,6096,6120,0,6188,0,0,0,2017-04-14,32684000,6168,1,0,0,0,0,0,0,0,0,6170,3,0,0,0,0,0,0,0,0
505,2017-04-14,09:04:45,0,SM705,XZCE,6170,6154,6214,7306,225693420,37120,36012,6462,5730,6096,6120,0,6188,0,0,0,2017-04-14,32685000,6168,2,0,0,0,0,0,0,0,0,6170,2,0,0,0,0,0,0,0,0
506,2017-04-14,09:04:45,0,SM705,XZCE,6168,6154,6214,7312,225878460,37126,36012,6462,5730,6096,6120,0,6188,0,0,0,2017-04-14,32685000,6166,7,0,0,0,0,0,0,0,0,6170,3,0,0,0,0,0,0,0,0
507,2017-04-14,09:04:46,0,SM705,XZCE,6170,6154,6214,7314,225940160,37128,36012,6462,5730,6096,6120,0,6188,0,0,0,2017-04-14,32686000,6168,2,0,0,0,0,0,0,0,0,6170,2,0,0,0,0,0,0,0,0
508,2017-04-14,09:04:47,0,SM705,XZCE,6170,6154,6214,7314,225940160,37128,36012,6462,5730,6096,6120,0,6188,0,0,0,2017-04-14,32687000,6168,3,0,0,0,0,0,0,0,0,6170,2,0,0,0,0,0,0,0,0
509,2017-04-14,09:04:48,0,SM705,XZCE,6166,6154,6214,7326,226310120,37138,36012,6462,5730,6096,6120,0,6188,0,0,0,2017-04-14,32688000,6166,7,0,0,0,0,0,0,0,0,6172,2,0,0,0,0,0,0,0,0
510,2017-04-14,09:04:48,0,SM705,XZCE,6168,6154,6214,7330,226433480,37140,36012,6462,5730,6096,6120,0,6188,0,0,0,2017-04-14,32688000,6166,8,0,0,0,0,0,0,0,0,6172,2,0,0,0,0,0,0,0,0
511,2017-04-14,09:04:50,0,SM705,XZCE,6168,6154,6214,7330,226433480,37140,36012,6462,5730,6096,6120,0,6188,0,0,0,2017-04-14,32690000,6166,9,0,0,0,0,0,0,0,0,6170,1,0,0,0,0,0,0,0,0
512,2017-04-14,09:04:50,0,SM705,XZCE,6168,6154,6214,7330,226433480,37140,36012,6462,5730,6096,6120,0,6188,0,0,0,2017-04-14,32690000,6166,14,0,0,0,0,0,0,0,0,6170,1,0,0,0,0,0,0,0,0
513,2017-04-14,09:04:51,0,SM705,XZCE,6166,6154,6214,7334,226556800,37140,36012,6462,5730,6096,6120,0,6188,0,0,0,2017-04-14,32691000,6166,12,0,0,0,0,0,0,0,0,6170,1,0,0,0,0,0,0,0,0
514,2017-04-14,09:04:52,0,SM705,XZCE,6170,6154,6214,7336,226618500,37140,36012,6462,5730,6096,6120,0,6188,0,0,0,2017-04-14,32692000,6166,12,0,0,0,0,0,0,0,0,6172,2,0,0,0,0,0,0,0,0
515,2017-04-14,09:04:53,0,SM705,XZCE,6170,6154,6214,7336,226618500,37140,36012,6462,5730,6096,6120,0,6188,0,0,0,2017-04-14,32693000,6168,2,0,0,0,0,0,0,0,0,6172,2,0,0,0,0,0,0,0,0
516,2017-04-14,09:04:53,0,SM705,XZCE,6170,6154,6214,7336,226618500,37140,36012,6462,5730,6096,6120,0,6188,0,0,0,2017-04-14,32693000,6170,4,0,0,0,0,0,0,0,0,6172,1,0,0,0,0,0,0,0,0
517,2017-04-14,09:04:56,0,SM705,XZCE,6170,6154,6214,7344,226865300,37140,36012,6462,5730,6096,6120,0,6188,0,0,0,2017-04-14,32696000,6168,4,0,0,0,0,0,0,0,0,6172,1,0,0,0,0,0,0,0,0
518,2017-04-14,09:04:56,0,SM705,XZCE,6170,6154,6214,7346,226927000,37140,36012,6462,5730,6096,6120,0,6188,0,0,0,2017-04-14,32696000,6168,3,0,0,0,0,0,0,0,0,6170,11,0,0,0,0,0,0,0,0
519,2017-04-14,09:04:58,0,SM705,XZCE,6170,6154,6214,7360,227358900,37140,36012,6462,5730,6096,6120,0,6188,0,0,0,2017-04-14,32698000,6168,3,0,0,0,0,0,0,0,0,6170,4,0,0,0,0,0,0,0,0
520,2017-04-14,09:04:59,0,SM705,XZCE,6170,6154,6214,7360,227358900,37140,36012,6462,5730,6096,6120,0,6188,0,0,0,2017-04-14,32699000,6168,4,0,0,0,0,0,0,0,0,6170,4,0,0,0,0,0,0,0,0
521,2017-04-14,09:05:00,0,SM705,XZCE,6170,6154,6214,7364,227482300,37140,36012,6462,5730,6096,6120,0,6188,0,0,0,2017-04-14,32700000,6168,4,0,0,0,0,0,0,0,0,6170,2,0,0,0,0,0,0,0,0
522,2017-04-14,09:05:00,0,SM705,XZCE,6170,6154,6214,7368,227605700,37140,36012,6462,5730,6096,6120,0,6188,0,0,0,2017-04-14,32700000,6168,5,0,0,0,0,0,0,0,0,6172,2,0,0,0,0,0,0,0,0
523,2017-04-14,09:05:01,0,SM705,XZCE,6170,6154,6214,7368,227605700,37140,36012,6462,5730,6096,6120,0,6188,0,0,0,2017-04-14,32701000,6168,5,0,0,0,0,0,0,0,0,6170,1,0,0,0,0,0,0,0,0
524,2017-04-14,09:05:01,0,SM705,XZCE,6172,6154,6214,7374,227790860,37142,36012,6462,5730,6096,6120,0,6188,0,0,0,2017-04-14,32701000,6170,3,0,0,0,0,0,0,0,0,6174,9,0,0,0,0,0,0,0,0
525,2017-04-14,09:05:01,0,SM705,XZCE,6170,6154,6214,7376,227852560,37142,36012,6462,5730,6096,6120,0,6188,0,0,0,2017-04-14,32701000,6170,2,0,0,0,0,0,0,0,0,6174,10,0,0,0,0,0,0,0,0
526,2017-04-14,09:05:02,0,SM705,XZCE,6174,6154,6214,7380,227976040,37142,36012,6462,5730,6096,6120,0,6188,0,0,0,2017-04-14,32702000,6170,6,0,0,0,0,0,0,0,0,6174,8,0,0,0,0,0,0,0,0
527,2017-04-14,09:05:02,0,SM705,XZCE,6174,6154,6214,7380,227976040,37142,36012,6462,5730,6096,6120,0,6188,0,0,0,2017-04-14,32702000,6172,1,0,0,0,0,0,0,0,0,6174,8,0,0,0,0,0,0,0,0
528,2017-04-14,09:05:03,0,SM705,XZCE,6174,6154,6214,7396,228469960,37144,36012,6462,5730,6096,6120,0,6188,0,0,0,2017-04-14,32703000,6174,1,0,0,0,0,0,0,0,0,6176,1,0,0,0,0,0,0,0,0
529,2017-04-14,09:05:04,0,SM705,XZCE,6176,6154,6214,7398,228531720,37142,36012,6462,5730,6096,6120,0,6188,0,0,0,2017-04-14,32704000,6174,3,0,0,0,0,0,0,0,0,6178,31,0,0,0,0,0,0,0,0
530,2017-04-14,09:05:04,0,SM705,XZCE,6176,6154,6214,7398,228531720,37142,36012,6462,5730,6096,6120,0,6188,0,0,0,2017-04-14,32704000,6174,4,0,0,0,0,0,0,0,0,6178,31,0,0,0,0,0,0,0,0
531,2017-04-14,09:05:04,0,SM705,XZCE,6176,6154,6214,7398,228531720,37142,36012,6462,5730,6096,6120,0,6188,0,0,0,2017-04-14,32704000,6174,6,0,0,0,0,0,0,0,0,6176,4,0,0,0,0,0,0,0,0
532,2017-04-14,09:05:05,0,SM705,XZCE,6176,6154,6214,7400,228593480,37142,36012,6462,5730,6096,6120,0,6188,0,0,0,2017-04-14,32705000,6174,6,0,0,0,0,0,0,0,0,6176,13,0,0,0,0,0,0,0,0
533,2017-04-14,09:05:05,0,SM705,XZCE,6176,6154,6214,7400,228593480,37142,36012,6462,5730,6096,6120,0,6188,0,0,0,2017-04-14,32705000,6174,7,0,0,0,0,0,0,0,0,6176,13,0,0,0,0,0,0,0,0
534,2017-04-14,09:05:06,0,SM705,XZCE,6176,6154,6214,7404,228717000,37142,36012,6462,5730,6096,6120,0,6188,0,0,0,2017-04-14,32706000,6174,7,0,0,0,0,0,0,0,0,6176,11,0,0,0,0,0,0,0,0
535,2017-04-14,09:05:07,0,SM705,XZCE,6176,6154,6214,7404,228717000,37142,36012,6462,5730,6096,6120,0,6188,0,0,0,2017-04-14,32707000,6174,7,0,0,0,0,0,0,0,0,6176,1,0,0,0,0,0,0,0,0
536,2017-04-14,09:05:08,0,SM705,XZCE,6176,6154,6214,7404,228717000,37142,36012,6462,5730,6096,6120,0,6188,0,0,0,2017-04-14,32708000,6174,7,0,0,0,0,0,0,0,0,6176,3,0,0,0,0,0,0,0,0
537,2017-04-14,09:05:09,0,SM705,XZCE,6176,6154,6214,7410,228902280,37142,36012,6462,5730,6096,6120,0,6188,0,0,0,2017-04-14,32709000,6174,7,0,0,0,0,0,0,0,0,6178,31,0,0,0,0,0,0,0,0
538,2017-04-14,09:05:10,0,SM705,XZCE,6176,6154,6214,7410,228902280,37142,36012,6462,5730,6096,6120,0,6188,0,0,0,2017-04-14,32710000,6174,9,0,0,0,0,0,0,0,0,6178,31,0,0,0,0,0,0,0,0
539,2017-04-14,09:05:10,0,SM705,XZCE,6176,6154,6214,7412,228964040,37142,36012,6462,5730,6096,6120,0,6188,0,0,0,2017-04-14,32710000,6174,10,0,0,0,0,0,0,0,0,6176,9,0,0,0,0,0,0,0,0
540,2017-04-14,09:05:10,0,SM705,XZCE,6176,6154,6214,7412,228964040,37142,36012,6462,5730,6096,6120,0,6188,0,0,0,2017-04-14,32710000,6174,11,0,0,0,0,0,0,0,0,6176,9,0,0,0,0,0,0,0,0
541,2017-04-14,09:05:11,0,SM705,XZCE,6174,6154,6214,7436,229704920,37156,36012,6462,5730,6096,6120,0,6188,0,0,0,2017-04-14,32711000,6172,4,0,0,0,0,0,0,0,0,6174,8,0,0,0,0,0,0,0,0
542,2017-04-14,09:05:11,0,SM705,XZCE,6174,6154,6214,7442,229890140,37156,36012,6462,5730,6096,6120,0,6188,0,0,0,2017-04-14,32711000,6172,5,0,0,0,0,0,0,0,0,6174,5,0,0,0,0,0,0,0,0
543,2017-04-14,09:05:12,0,SM705,XZCE,6174,6154,6214,7442,229890140,37156,36012,6462,5730,6096,6120,0,6188,0,0,0,2017-04-14,32712000,6172,8,0,0,0,0,0,0,0,0,6174,8,0,0,0,0,0,0,0,0
544,2017-04-14,09:05:12,0,SM705,XZCE,6174,6154,6214,7442,229890140,37156,36012,6462,5730,6096,6120,0,6188,0,0,0,2017-04-14,32712000,6172,9,0,0,0,0,0,0,0,0,6174,8,0,0,0,0,0,0,0,0
545,2017-04-14,09:05:13,0,SM705,XZCE,6174,6154,6214,7442,229890140,37156,36012,6462,5730,6096,6120,0,6188,0,0,0,2017-04-14,32713000,6172,10,0,0,0,0,0,0,0,0,6174,8,0,0,0,0,0,0,0,0
546,2017-04-14,09:05:14,0,SM705,XZCE,6172,6154,6214,7444,229951860,37156,36012,6462,5730,6096,6120,0,6188,0,0,0,2017-04-14,32714000,6172,9,0,0,0,0,0,0,0,0,6174,8,0,0,0,0,0,0,0,0
547,2017-04-14,09:05:14,0,SM705,XZCE,6172,6154,6214,7444,229951860,37156,36012,6462,5730,6096,6120,0,6188,0,0,0,2017-04-14,32714000,6172,10,0,0,0,0,0,0,0,0,6174,8,0,0,0,0,0,0,0,0
548,2017-04-14,09:05:14,0,SM705,XZCE,6172,6154,6214,7448,230075300,37156,36012,6462,5730,6096,6120,0,6188,0,0,0,2017-04-14,32714000,6172,8,0,0,0,0,0,0,0,0,6174,28,0,0,0,0,0,0,0,0
549,2017-04-14,09:05:15,0,SM705,XZCE,6172,6154,6214,7486,231247980,37156,36012,6462,5730,6096,6120,0,6188,0,0,0,2017-04-14,32715000,6170,15,0,0,0,0,0,0,0,0,6174,18,0,0,0,0,0,0,0,0
550,2017-04-14,09:05:15,0,SM705,XZCE,6172,6154,6214,7494,231494860,37160,36012,6462,5730,6096,6120,0,6188,0,0,0,2017-04-14,32715000,6172,5,0,0,0,0,0,0,0,0,6174,18,0,0,0,0,0,0,0,0
551,2017-04-14,09:05:16,0,SM705,XZCE,6174,6154,6214,7496,231556600,37158,36012,6462,5730,6096,6120,0,6188,0,0,0,2017-04-14,32716000,6172,6,0,0,0,0,0,0,0,0,6174,17,0,0,0,0,0,0,0,0
552,2017-04-14,09:05:16,0,SM705,XZCE,6172,6154,6214,7498,231618320,37158,36012,6462,5730,6096,6120,0,6188,0,0,0,2017-04-14,32716000,6172,5,0,0,0,0,0,0,0,0,6174,17,0,0,0,0,0,0,0,0
553,2017-04-14,09:05:17,0,SM705,XZCE,6174,6154,6214,7514,232112240,37156,36012,6462,5730,6096,6120,0,6188,0,0,0,2017-04-14,32717000,6172,4,0,0,0,0,0,0,0,0,6174,9,0,0,0,0,0,0,0,0
554,2017-04-14,09:05:18,0,SM705,XZCE,6174,6154,6214,7524,232420940,37156,36012,6462,5730,6096,6120,0,6188,0,0,0,2017-04-14,32718000,6172,4,0,0,0,0,0,0,0,0,6174,4,0,0,0,0,0,0,0,0
555,2017-04-14,09:05:18,0,SM705,XZCE,6174,6154,6214,7532,232667900,37154,36012,6462,5730,6096,6120,0,6188,0,0,0,2017-04-14,32718000,6172,2,0,0,0,0,0,0,0,0,6176,13,0,0,0,0,0,0,0,0
556,2017-04-14,09:05:19,0,SM705,XZCE,6174,6154,6214,7554,233347040,37156,36012,6462,5730,6096,6120,0,6188,0,0,0,2017-04-14,32719000,6172,1,0,0,0,0,0,0,0,0,6174,4,0,0,0,0,0,0,0,0
