,dataDate,dataTime,dataMillisec,instrumentID,exchangeCD,lastPrice,lowPrice,highPrice,volume,value,openInterest,preOpenInterest,upperLimitPrice,lowerLimitPrice,preSettlementPrice,prevClosePrice,settlementPrice,openPrice,closePrice,preDelta,currDelta,clearingDay,milliSecOffset,bidPrice1,bidVolume1,bidPrice2,bidVolume2,bidPrice3,bidVolume3,bidPrice4,bidVolume4,bidPrice5,bidVolume5,askPrice1,askVolume1,askPrice2,askVolume2,askPrice3,askVolume3,askPrice4,askVolume4,askPrice5,askVolume5
0,2017-04-13,18:35:38,199,sn1705,XSGE,142360,0,0,0,0,12282,12282,149940,132970,141460,142360,0,0,0,0,0,2017-04-14,66938199,0,0,0,0,0,0,0,0,0,0,0,0,0,0,0,0,0,0,0,0
1,2017-04-13,18:35:39,500,sn1705,XSGE,142360,0,0,0,0,12282,12282,149940,132970,141460,142360,0,0,0,0,0,2017-04-14,66939500,0,0,0,0,0,0,0,0,0,0,0,0,0,0,0,0,0,0,0,0
2,2017-04-13,20:59:00,500,sn1705,XSGE,142240,142240,142240,4,568960,12282,12282,149940,132970,141460,142360,0,142240,0,0,0,2017-04-14,75540500,141910,1,0,0,0,0,0,0,0,0,142250,1,0,0,0,0,0,0,0,0
3,2017-04-13,21:00:00,500,sn1705,XSGE,142250,142240,142250,8,1137960,12282,12282,149940,132970,141460,142360,0,142240,0,0,0,2017-04-14,75600500,142250,1,0,0,0,0,0,0,0,0,142360,4,0,0,0,0,0,0,0,0
4,2017-04-13,21:00:01,0,sn1705,XSGE,142250,142240,142350,16,2276160,12286,12282,149940,132970,141460,142360,0,142240,0,0,0,2017-04-14,75601000,142000,6,0,0,0,0,0,0,0,0,142360,4,0,0,0,0,0,0,0,0
5,2017-04-13,21:00:01,500,sn1705,XSGE,142250,142240,142350,16,2276160,12286,12282,149940,132970,141460,142360,0,142240,0,0,0,2017-04-14,75601500,142100,3,0,0,0,0,0,0,0,0,142340,1,0,0,0,0,0,0,0,0
6,2017-04-13,21:00:02,0,sn1705,XSGE,142250,142240,142350,16,2276160,12286,12282,149940,132970,141460,142360,0,142240,0,0,0,2017-04-14,75602000,142110,1,0,0,0,0,0,0,0,0,142240,1,0,0,0,0,0,0,0,0
7,2017-04-13,21:00:02,500,sn1705,XSGE,142250,142240,142350,16,2276160,12286,12282,149940,132970,141460,142360,0,142240,0,0,0,2017-04-14,75602500,142120,1,0,0,0,0,0,0,0,0,142230,1,0,0,0,0,0,0,0,0
8,2017-04-13,21:00:03,0,sn1705,XSGE,142250,142240,142350,16,2276160,12286,12282,149940,132970,141460,142360,0,142240,0,0,0,2017-04-14,75603000,142120,1,0,0,0,0,0,0,0,0,142220,1,0,0,0,0,0,0,0,0
9,2017-04-13,21:00:03,500,sn1705,XSGE,142250,142240,142350,20,2845160,12286,12282,149940,132970,141460,142360,0,142240,0,0,0,2017-04-14,75603500,142140,2,0,0,0,0,0,0,0,0,142240,1,0,0,0,0,0,0,0,0
10,2017-04-13,21:00:04,0,sn1705,XSGE,142240,142240,142350,22,3129640,12286,12282,149940,132970,141460,142360,0,142240,0,0,0,2017-04-14,75604000,142150,1,0,0,0,0,0,0,0,0,142360,4,0,0,0,0,0,0,0,0
11,2017-04-13,21:00:04,500,sn1705,XSGE,142240,142240,142350,22,3129640,12286,12282,149940,132970,141460,142360,0,142240,0,0,0,2017-04-14,75604500,142170,1,0,0,0,0,0,0,0,0,142360,4,0,0,0,0,0,0,0,0
12,2017-04-13,21:00:05,0,sn1705,XSGE,142240,142240,142350,22,3129640,12286,12282,149940,132970,141460,142360,0,142240,0,0,0,2017-04-14,75605000,142180,1,0,0,0,0,0,0,0,0,142240,1,0,0,0,0,0,0,0,0
13,2017-04-13,21:00:05,500,sn1705,XSGE,142240,142240,142350,24,3414120,12286,12282,149940,132970,141460,142360,0,142240,0,0,0,2017-04-14,75605500,142180,1,0,0,0,0,0,0,0,0,142360,4,0,0,0,0,0,0,0,0
14,2017-04-13,21:00:06,0,sn1705,XSGE,142240,142240,142350,24,3414120,12286,12282,149940,132970,141460,142360,0,142240,0,0,0,2017-04-14,75606000,142200,1,0,0,0,0,0,0,0,0,142360,4,0,0,0,0,0,0,0,0
15,2017-04-13,21:00:06,500,sn1705,XSGE,142240,142240,142350,24,3414120,12286,12282,149940,132970,141460,142360,0,142240,0,0,0,2017-04-14,75606500,142210,1,0,0,0,0,0,0,0,0,142360,4,0,0,0,0,0,0,0,0
16,2017-04-13,21:00:07,0,sn1705,XSGE,142240,142240,142350,24,3414120,12286,12282,149940,132970,141460,142360,0,142240,0,0,0,2017-04-14,75607000,142210,1,0,0,0,0,0,0,0,0,142350,1,0,0,0,0,0,0,0,0
17,2017-04-13,21:00:07,500,sn1705,XSGE,142240,142240,142350,24,3414120,12286,12282,149940,132970,141460,142360,0,142240,0,0,0,2017-04-14,75607500,142230,2,0,0,0,0,0,0,0,0,142350,1,0,0,0,0,0,0,0,0
18,2017-04-13,21:00:08,0,sn1705,XSGE,142240,142240,142350,24,3414120,12286,12282,149940,132970,141460,142360,0,142240,0,0,0,2017-04-14,75608000,142240,1,0,0,0,0,0,0,0,0,142350,1,0,0,0,0,0,0,0,0
19,2017-04-13,21:00:08,500,sn1705,XSGE,142240,142240,142350,24,3414120,12286,12282,149940,132970,141460,142360,0,142240,0,0,0,2017-04-14,75608500,142240,1,0,0,0,0,0,0,0,0,142350,1,0,0,0,0,0,0,0,0
20,2017-04-13,21:00:09,0,sn1705,XSGE,142240,142240,142350,24,3414120,12286,12282,149940,132970,141460,142360,0,142240,0,0,0,2017-04-14,75609000,142250,1,0,0,0,0,0,0,0,0,142350,1,0,0,0,0,0,0,0,0
21,2017-04-13,21:00:09,500,sn1705,XSGE,142240,142240,142350,24,3414120,12286,12282,149940,132970,141460,142360,0,142240,0,0,0,2017-04-14,75609500,142260,1,0,0,0,0,0,0,0,0,142350,1,0,0,0,0,0,0,0,0
22,2017-04-13,21:00:10,500,sn1705,XSGE,142240,142240,142350,24,3414120,12286,12282,149940,132970,141460,142360,0,142240,0,0,0,2017-04-14,75610500,142260,1,0,0,0,0,0,0,0,0,142360,4,0,0,0,0,0,0,0,0
23,2017-04-13,21:00:12,0,sn1705,XSGE,142240,142240,142350,24,3414120,12286,12282,149940,132970,141460,142360,0,142240,0,0,0,2017-04-14,75612000,142260,2,0,0,0,0,0,0,0,0,142360,4,0,0,0,0,0,0,0,0
24,2017-04-13,21:00:12,500,sn1705,XSGE,142240,142240,142350,24,3414120,12286,12282,149940,132970,141460,142360,0,142240,0,0,0,2017-04-14,75612500,142260,2,0,0,0,0,0,0,0,0,142360,4,0,0,0,0,0,0,0,0
25,2017-04-13,21:00:13,0,sn1705,XSGE,142240,142240,142350,24,3414120,12286,12282,149940,132970,141460,142360,0,142240,0,0,0,2017-04-14,75613000,142260,2,0,0,0,0,0,0,0,0,142360,4,0,0,0,0,0,0,0,0
26,2017-04-13,21:00:13,500,sn1705,XSGE,142360,142240,142360,26,3698840,12284,12282,149940,132970,141460,142360,0,142240,0,0,0,2017-04-14,75613500,142260,2,0,0,0,0,0,0,0,0,142360,3,0,0,0,0,0,0,0,0
27,2017-04-13,21:00:14,0,sn1705,XSGE,142360,142240,142360,32,4553000,12282,12282,149940,132970,141460,142360,0,142240,0,0,0,2017-04-14,75614000,142260,2,0,0,0,0,0,0,0,0,142490,1,0,0,0,0,0,0,0,0
28,2017-04-13,21:00:14,500,sn1705,XSGE,142360,142240,142360,32,4553000,12282,12282,149940,132970,141460,142360,0,142240,0,0,0,2017-04-14,75614500,142280,1,0,0,0,0,0,0,0,0,142490,1,0,0,0,0,0,0,0,0
29,2017-04-13,21:00:15,0,sn1705,XSGE,142360,142240,142360,32,4553000,12282,12282,149940,132970,141460,142360,0,142240,0,0,0,2017-04-14,75615000,142290,1,0,0,0,0,0,0,0,0,142490,1,0,0,0,0,0,0,0,0
30,2017-04-13,21:00:15,500,sn1705,XSGE,142360,142240,142360,32,4553000,12282,12282,149940,132970,141460,142360,0,142240,0,0,0,2017-04-14,75615500,142300,1,0,0,0,0,0,0,0,0,142490,1,0,0,0,0,0,0,0,0
31,2017-04-13,21:00:16,0,sn1705,XSGE,142360,142240,142360,32,4553000,12282,12282,149940,132970,141460,142360,0,142240,0,0,0,2017-04-14,75616000,142320,1,0,0,0,0,0,0,0,0,142490,1,0,0,0,0,0,0,0,0
32,2017-04-13,21:00:16,500,sn1705,XSGE,142360,142240,142360,32,4553000,12282,12282,149940,132970,141460,142360,0,142240,0,0,0,2017-04-14,75616500,142330,1,0,0,0,0,0,0,0,0,142490,1,0,0,0,0,0,0,0,0
33,2017-04-13,21:00:17,0,sn1705,XSGE,142360,142240,142360,32,4553000,12282,12282,149940,132970,141460,142360,0,142240,0,0,0,2017-04-14,75617000,142350,2,0,0,0,0,0,0,0,0,142490,1,0,0,0,0,0,0,0,0
34,2017-04-13,21:00:17,500,sn1705,XSGE,142360,142240,142360,32,4553000,12282,12282,149940,132970,141460,142360,0,142240,0,0,0,2017-04-14,75617500,142360,1,0,0,0,0,0,0,0,0,142480,2,0,0,0,0,0,0,0,0
35,2017-04-13,21:00:18,0,sn1705,XSGE,142360,142240,142360,32,4553000,12282,12282,149940,132970,141460,142360,0,142240,0,0,0,2017-04-14,75618000,142360,1,0,0,0,0,0,0,0,0,142480,2,0,0,0,0,0,0,0,0
36,2017-04-13,21:00:18,500,sn1705,XSGE,142360,142240,142360,32,4553000,12282,12282,149940,132970,141460,142360,0,142240,0,0,0,2017-04-14,75618500,142370,1,0,0,0,0,0,0,0,0,142480,2,0,0,0,0,0,0,0,0
37,2017-04-13,21:00:19,0,sn1705,XSGE,142360,142240,142360,32,4553000,12282,12282,149940,132970,141460,142360,0,142240,0,0,0,2017-04-14,75619000,142380,1,0,0,0,0,0,0,0,0,142480,2,0,0,0,0,0,0,0,0
38,2017-04-13,21:00:20,500,sn1705,XSGE,142480,142240,142480,34,4837960,12282,12282,149940,132970,141460,142360,0,142240,0,0,0,2017-04-14,75620500,142380,1,0,0,0,0,0,0,0,0,142480,1,0,0,0,0,0,0,0,0
39,2017-04-13,21:00:21,0,sn1705,XSGE,142480,142240,142480,36,5122920,12284,12282,149940,132970,141460,142360,0,142240,0,0,0,2017-04-14,75621000,142380,1,0,0,0,0,0,0,0,0,142490,1,0,0,0,0,0,0,0,0
40,2017-04-13,21:00:21,500,sn1705,XSGE,142480,142240,142480,36,5122920,12284,12282,149940,132970,141460,142360,0,142240,0,0,0,2017-04-14,75621500,142380,1,0,0,0,0,0,0,0,0,142490,2,0,0,0,0,0,0,0,0
41,2017-04-13,21:00:22,500,sn1705,XSGE,142380,142240,142480,38,5407680,12284,12282,149940,132970,141460,142360,0,142240,0,0,0,2017-04-14,75622500,142370,1,0,0,0,0,0,0,0,0,142490,2,0,0,0,0,0,0,0,0
42,2017-04-13,21:00:23,0,sn1705,XSGE,142380,142240,142480,38,5407680,12284,12282,149940,132970,141460,142360,0,142240,0,0,0,2017-04-14,75623000,142370,1,0,0,0,0,0,0,0,0,142480,2,0,0,0,0,0,0,0,0
43,2017-04-13,21:00:23,500,sn1705,XSGE,142380,142240,142480,38,5407680,12284,12282,149940,132970,141460,142360,0,142240,0,0,0,2017-04-14,75623500,142370,1,0,0,0,0,0,0,0,0,142480,3,0,0,0,0,0,0,0,0
44,2017-04-13,21:00:24,0,sn1705,XSGE,142380,142240,142480,38,5407680,12284,12282,149940,132970,141460,142360,0,142240,0,0,0,2017-04-14,75624000,142380,1,0,0,0,0,0,0,0,0,142480,3,0,0,0,0,0,0,0,0
45,2017-04-13,21:00:24,500,sn1705,XSGE,142380,142240,142480,40,5692440,12286,12282,149940,132970,141460,142360,0,142240,0,0,0,2017-04-14,75624500,142370,1,0,0,0,0,0,0,0,0,142480,3,0,0,0,0,0,0,0,0
46,2017-04-13,21:00:25,0,sn1705,XSGE,142380,142240,142480,40,5692440,12286,12282,149940,132970,141460,142360,0,142240,0,0,0,2017-04-14,75625000,142370,1,0,0,0,0,0,0,0,0,142480,3,0,0,0,0,0,0,0,0
47,2017-04-13,21:00:25,500,sn1705,XSGE,142380,142240,142480,40,5692440,12286,12282,149940,132970,141460,142360,0,142240,0,0,0,2017-04-14,75625500,142370,1,0,0,0,0,0,0,0,0,142480,3,0,0,0,0,0,0,0,0
48,2017-04-13,21:00:26,0,sn1705,XSGE,142380,142240,142480,40,5692440,12286,12282,149940,132970,141460,142360,0,142240,0,0,0,2017-04-14,75626000,142370,1,0,0,0,0,0,0,0,0,142480,3,0,0,0,0,0,0,0,0
49,2017-04-13,21:00:26,500,sn1705,XSGE,142370,142240,142480,42,5977180,12288,12282,149940,132970,141460,142360,0,142240,0,0,0,2017-04-14,75626500,142380,1,0,0,0,0,0,0,0,0,142480,3,0,0,0,0,0,0,0,0
50,2017-04-13,21:00:27,0,sn1705,XSGE,142370,142240,142480,42,5977180,12288,12282,149940,132970,141460,142360,0,142240,0,0,0,2017-04-14,75627000,142380,1,0,0,0,0,0,0,0,0,142480,3,0,0,0,0,0,0,0,0
51,2017-04-13,21:00:27,500,sn1705,XSGE,142370,142240,142480,42,5977180,12288,12282,149940,132970,141460,142360,0,142240,0,0,0,2017-04-14,75627500,142380,1,0,0,0,0,0,0,0,0,142480,3,0,0,0,0,0,0,0,0
52,2017-04-13,21:00:28,500,sn1705,XSGE,142370,142240,142480,44,6261920,12288,12282,149940,132970,141460,142360,0,142240,0,0,0,2017-04-14,75628500,142260,1,0,0,0,0,0,0,0,0,142480,3,0,0,0,0,0,0,0,0
53,2017-04-13,21:00:29,0,sn1705,XSGE,142370,142240,142480,44,6261920,12288,12282,149940,132970,141460,142360,0,142240,0,0,0,2017-04-14,75629000,142270,1,0,0,0,0,0,0,0,0,142460,1,0,0,0,0,0,0,0,0
54,2017-04-13,21:00:29,500,sn1705,XSGE,142370,142240,142480,44,6261920,12288,12282,149940,132970,141460,142360,0,142240,0,0,0,2017-04-14,75629500,142270,1,0,0,0,0,0,0,0,0,142450,1,0,0,0,0,0,0,0,0
55,2017-04-13,21:00:30,0,sn1705,XSGE,142370,142240,142480,44,6261920,12288,12282,149940,132970,141460,142360,0,142240,0,0,0,2017-04-14,75630000,142270,1,0,0,0,0,0,0,0,0,142450,2,0,0,0,0,0,0,0,0
56,2017-04-13,21:00:30,500,sn1705,XSGE,142370,142240,142480,44,6261920,12288,12282,149940,132970,141460,142360,0,142240,0,0,0,2017-04-14,75630500,142290,1,0,0,0,0,0,0,0,0,142440,1,0,0,0,0,0,0,0,0
57,2017-04-13,21:00:31,0,sn1705,XSGE,142290,142240,142480,46,6546500,12290,12282,149940,132970,141460,142360,0,142240,0,0,0,2017-04-14,75631000,142260,1,0,0,0,0,0,0,0,0,142430,2,0,0,0,0,0,0,0,0
58,2017-04-13,21:00:31,500,sn1705,XSGE,142430,142240,142480,48,6831360,12288,12282,149940,132970,141460,142360,0,142240,0,0,0,2017-04-14,75631500,142270,1,0,0,0,0,0,0,0,0,142430,2,0,0,0,0,0,0,0,0
59,2017-04-13,21:00:32,0,sn1705,XSGE,142430,142240,142480,50,7116220,12286,12282,149940,132970,141460,142360,0,142240,0,0,0,2017-04-14,75632000,142280,1,0,0,0,0,0,0,0,0,142430,1,0,0,0,0,0,0,0,0
60,2017-04-13,21:00:32,500,sn1705,XSGE,142430,142240,142480,50,7116220,12286,12282,149940,132970,141460,142360,0,142240,0,0,0,2017-04-14,75632500,142280,1,0,0,0,0,0,0,0,0,142430,1,0,0,0,0,0,0,0,0
61,2017-04-13,21:00:33,0,sn1705,XSGE,142430,142240,142480,50,7116220,12286,12282,149940,132970,141460,142360,0,142240,0,0,0,2017-04-14,75633000,142290,1,0,0,0,0,0,0,0,0,142420,1,0,0,0,0,0,0,0,0
62,2017-04-13,21:00:33,500,sn1705,XSGE,142430,142240,142480,50,7116220,12286,12282,149940,132970,141460,142360,0,142240,0,0,0,2017-04-14,75633500,142290,1,0,0,0,0,0,0,0,0,142420,2,0,0,0,0,0,0,0,0
63,2017-04-13,21:00:34,0,sn1705,XSGE,142430,142240,142480,50,7116220,12286,12282,149940,132970,141460,142360,0,142240,0,0,0,2017-04-14,75634000,142300,2,0,0,0,0,0,0,0,0,142410,1,0,0,0,0,0,0,0,0
64,2017-04-13,21:00:34,500,sn1705,XSGE,142430,142240,142480,50,7116220,12286,12282,149940,132970,141460,142360,0,142240,0,0,0,2017-04-14,75634500,142300,2,0,0,0,0,0,0,0,0,142410,2,0,0,0,0,0,0,0,0
65,2017-04-13,21:00:35,0,sn1705,XSGE,142430,142240,142480,50,7116220,12286,12282,149940,132970,141460,142360,0,142240,0,0,0,2017-04-14,75635000,142300,2,0,0,0,0,0,0,0,0,142400,1,0,0,0,0,0,0,0,0
66,2017-04-13,21:00:35,500,sn1705,XSGE,142430,142240,142480,52,7401080,12286,12282,149940,132970,141460,142360,0,142240,0,0,0,2017-04-14,75635500,142300,2,0,0,0,0,0,0,0,0,142400,1,0,0,0,0,0,0,0,0
67,2017-04-13,21:00:36,500,sn1705,XSGE,142400,142240,142480,54,7685880,12288,12282,149940,132970,141460,142360,0,142240,0,0,0,2017-04-14,75636500,142300,2,0,0,0,0,0,0,0,0,142410,1,0,0,0,0,0,0,0,0
68,2017-04-13,21:00:37,0,sn1705,XSGE,142400,142240,142480,54,7685880,12288,12282,149940,132970,141460,142360,0,142240,0,0,0,2017-04-14,75637000,142300,2,0,0,0,0,0,0,0,0,142410,1,0,0,0,0,0,0,0,0
69,2017-04-13,21:00:37,500,sn1705,XSGE,142400,142240,142480,56,7970680,12288,12282,149940,132970,141460,142360,0,142240,0,0,0,2017-04-14,75637500,142300,2,0,0,0,0,0,0,0,0,142410,1,0,0,0,0,0,0,0,0
70,2017-04-13,21:00:38,0,sn1705,XSGE,142310,142240,142480,58,8255300,12288,12282,149940,132970,141460,142360,0,142240,0,0,0,2017-04-14,75638000,142300,2,0,0,0,0,0,0,0,0,142410,1,0,0,0,0,0,0,0,0
71,2017-04-13,21:00:39,0,sn1705,XSGE,142310,142240,142480,58,8255300,12288,12282,149940,132970,141460,142360,0,142240,0,0,0,2017-04-14,75639000,142300,2,0,0,0,0,0,0,0,0,142410,1,0,0,0,0,0,0,0,0
72,2017-04-13,21:00:39,500,sn1705,XSGE,142410,142240,142480,60,8540120,12286,12282,149940,132970,141460,142360,0,142240,0,0,0,2017-04-14,75639500,142300,2,0,0,0,0,0,0,0,0,142490,1,0,0,0,0,0,0,0,0
73,2017-04-13,21:00:40,0,sn1705,XSGE,142410,142240,142480,60,8540120,12286,12282,149940,132970,141460,142360,0,142240,0,0,0,2017-04-14,75640000,142320,1,0,0,0,0,0,0,0,0,142490,1,0,0,0,0,0,0,0,0
74,2017-04-13,21:00:40,500,sn1705,XSGE,142410,142240,142480,60,8540120,12286,12282,149940,132970,141460,142360,0,142240,0,0,0,2017-04-14,75640500,142330,1,0,0,0,0,0,0,0,0,142490,1,0,0,0,0,0,0,0,0
75,2017-04-13,21:00:41,0,sn1705,XSGE,142410,142240,142480,60,8540120,12286,12282,149940,132970,141460,142360,0,142240,0,0,0,2017-04-14,75641000,142340,1,0,0,0,0,0,0,0,0,142490,1,0,0,0,0,0,0,0,0
76,2017-04-13,21:00:41,500,sn1705,XSGE,142410,142240,142480,60,8540120,12286,12282,149940,132970,141460,142360,0,142240,0,0,0,2017-04-14,75641500,142350,1,0,0,0,0,0,0,0,0,142490,1,0,0,0,0,0,0,0,0
77,2017-04-13,21:00:43,0,sn1705,XSGE,142410,142240,142480,60,8540120,12286,12282,149940,132970,141460,142360,0,142240,0,0,0,2017-04-14,75643000,142350,1,0,0,0,0,0,0,0,0,142450,1,0,0,0,0,0,0,0,0
78,2017-04-13,21:00:43,500,sn1705,XSGE,142410,142240,142480,60,8540120,12286,12282,149940,132970,141460,142360,0,142240,0,0,0,2017-04-14,75643500,142350,1,0,0,0,0,0,0,0,0,142450,1,0,0,0,0,0,0,0,0
79,2017-04-13,21:00:45,0,sn1705,XSGE,142410,142240,142480,60,8540120,12286,12282,149940,132970,141460,142360,0,142240,0,0,0,2017-04-14,75645000,142350,1,0,0,0,0,0,0,0,0,142450,1,0,0,0,0,0,0,0,0
80,2017-04-13,21:00:46,500,sn1705,XSGE,142450,142240,142480,62,8825020,12286,12282,149940,132970,141460,142360,0,142240,0,0,0,2017-04-14,75646500,142350,1,0,0,0,0,0,0,0,0,142490,1,0,0,0,0,0,0,0,0
81,2017-04-13,21:00:47,0,sn1705,XSGE,142480,142240,142480,64,9109980,12286,12282,149940,132970,141460,142360,0,142240,0,0,0,2017-04-14,75647000,142350,1,0,0,0,0,0,0,0,0,142490,1,0,0,0,0,0,0,0,0
82,2017-04-13,21:00:48,0,sn1705,XSGE,142480,142240,142480,64,9109980,12286,12282,149940,132970,141460,142360,0,142240,0,0,0,2017-04-14,75648000,142360,1,0,0,0,0,0,0,0,0,142490,1,0,0,0,0,0,0,0,0
83,2017-04-13,21:00:48,500,sn1705,XSGE,142490,142240,142490,66,9394960,12286,12282,149940,132970,141460,142360,0,142240,0,0,0,2017-04-14,75648500,142370,1,0,0,0,0,0,0,0,0,142600,3,0,0,0,0,0,0,0,0
84,2017-04-13,21:00:49,0,sn1705,XSGE,142490,142240,142490,66,9394960,12286,12282,149940,132970,141460,142360,0,142240,0,0,0,2017-04-14,75649000,142390,1,0,0,0,0,0,0,0,0,142410,1,0,0,0,0,0,0,0,0
85,2017-04-13,21:00:49,500,sn1705,XSGE,142410,142240,142490,70,9964600,12290,12282,149940,132970,141460,142360,0,142240,0,0,0,2017-04-14,75649500,142400,1,0,0,0,0,0,0,0,0,142600,3,0,0,0,0,0,0,0,0
86,2017-04-13,21:00:50,0,sn1705,XSGE,142410,142240,142490,70,9964600,12290,12282,149940,132970,141460,142360,0,142240,0,0,0,2017-04-14,75650000,142420,1,0,0,0,0,0,0,0,0,142440,1,0,0,0,0,0,0,0,0
87,2017-04-13,21:00:50,500,sn1705,XSGE,142430,142240,142490,76,10819180,12292,12282,149940,132970,141460,142360,0,142240,0,0,0,2017-04-14,75650500,142430,1,0,0,0,0,0,0,0,0,142590,1,0,0,0,0,0,0,0,0
88,2017-04-13,21:00:51,0,sn1705,XSGE,142430,142240,142490,76,10819180,12292,12282,149940,132970,141460,142360,0,142240,0,0,0,2017-04-14,75651000,142440,1,0,0,0,0,0,0,0,0,142570,1,0,0,0,0,0,0,0,0
89,2017-04-13,21:00:51,500,sn1705,XSGE,142430,142240,142490,76,10819180,12292,12282,149940,132970,141460,142360,0,142240,0,0,0,2017-04-14,75651500,142440,1,0,0,0,0,0,0,0,0,142570,1,0,0,0,0,0,0,0,0
90,2017-04-13,21:00:52,0,sn1705,XSGE,142430,142240,142490,76,10819180,12292,12282,149940,132970,141460,142360,0,142240,0,0,0,2017-04-14,75652000,142440,1,0,0,0,0,0,0,0,0,142560,1,0,0,0,0,0,0,0,0
91,2017-04-13,21:00:52,500,sn1705,XSGE,142440,142240,142490,78,11104060,12292,12282,149940,132970,141460,142360,0,142240,0,0,0,2017-04-14,75652500,142430,1,0,0,0,0,0,0,0,0,142440,4,0,0,0,0,0,0,0,0
92,2017-04-13,21:00:53,0,sn1705,XSGE,142440,142240,142490,88,12528460,12296,12282,149940,132970,141460,142360,0,142240,0,0,0,2017-04-14,75653000,142430,2,0,0,0,0,0,0,0,0,142560,1,0,0,0,0,0,0,0,0
93,2017-04-13,21:00:53,500,sn1705,XSGE,142560,142240,142560,90,12813580,12298,12282,149940,132970,141460,142360,0,142240,0,0,0,2017-04-14,75653500,142440,1,0,0,0,0,0,0,0,0,142600,3,0,0,0,0,0,0,0,0
94,2017-04-13,21:00:54,0,sn1705,XSGE,142440,142240,142560,92,13098460,12300,12282,149940,132970,141460,142360,0,142240,0,0,0,2017-04-14,75654000,142430,2,0,0,0,0,0,0,0,0,142600,3,0,0,0,0,0,0,0,0
95,2017-04-13,21:00:54,500,sn1705,XSGE,142440,142240,142560,92,13098460,12300,12282,149940,132970,141460,142360,0,142240,0,0,0,2017-04-14,75654500,142450,1,0,0,0,0,0,0,0,0,142590,2,0,0,0,0,0,0,0,0
96,2017-04-13,21:00:55,0,sn1705,XSGE,142440,142240,142560,92,13098460,12300,12282,149940,132970,141460,142360,0,142240,0,0,0,2017-04-14,75655000,142360,1,0,0,0,0,0,0,0,0,142590,2,0,0,0,0,0,0,0,0
97,2017-04-13,21:00:55,500,sn1705,XSGE,142440,142240,142560,92,13098460,12300,12282,149940,132970,141460,142360,0,142240,0,0,0,2017-04-14,75655500,142370,2,0,0,0,0,0,0,0,0,142570,1,0,0,0,0,0,0,0,0
98,2017-04-13,21:00:56,0,sn1705,XSGE,142440,142240,142560,92,13098460,12300,12282,149940,132970,141460,142360,0,142240,0,0,0,2017-04-14,75656000,142370,2,0,0,0,0,0,0,0,0,142560,2,0,0,0,0,0,0,0,0
99,2017-04-13,21:00:56,500,sn1705,XSGE,142440,142240,142560,92,13098460,12300,12282,149940,132970,141460,142360,0,142240,0,0,0,2017-04-14,75656500,142380,1,0,0,0,0,0,0,0,0,142550,1,0,0,0,0,0,0,0,0
100,2017-04-13,21:00:57,0,sn1705,XSGE,142540,142240,142560,94,13383540,12300,12282,149940,132970,141460,142360,0,142240,0,0,0,2017-04-14,75657000,142400,1,0,0,0,0,0,0,0,0,142550,1,0,0,0,0,0,0,0,0
101,2017-04-13,21:00:57,500,sn1705,XSGE,142540,142240,142560,94,13383540,12300,12282,149940,132970,141460,142360,0,142240,0,0,0,2017-04-14,75657500,142410,1,0,0,0,0,0,0,0,0,142550,1,0,0,0,0,0,0,0,0
102,2017-04-13,21:00:58,0,sn1705,XSGE,142540,142240,142560,94,13383540,12300,12282,149940,132970,141460,142360,0,142240,0,0,0,2017-04-14,75658000,142420,1,0,0,0,0,0,0,0,0,142530,3,0,0,0,0,0,0,0,0
103,2017-04-13,21:00:58,500,sn1705,XSGE,142540,142240,142560,94,13383540,12300,12282,149940,132970,141460,142360,0,142240,0,0,0,2017-04-14,75658500,142430,1,0,0,0,0,0,0,0,0,142530,3,0,0,0,0,0,0,0,0
104,2017-04-13,21:00:59,0,sn1705,XSGE,142540,142240,142560,94,13383540,12300,12282,149940,132970,141460,142360,0,142240,0,0,0,2017-04-14,75659000,142440,1,0,0,0,0,0,0,0,0,142530,3,0,0,0,0,0,0,0,0
105,2017-04-13,21:00:59,500,sn1705,XSGE,142540,142240,142560,94,13383540,12300,12282,149940,132970,141460,142360,0,142240,0,0,0,2017-04-14,75659500,142440,1,0,0,0,0,0,0,0,0,142530,3,0,0,0,0,0,0,0,0
106,2017-04-13,21:01:00,0,sn1705,XSGE,142540,142240,142560,94,13383540,12300,12282,149940,132970,141460,142360,0,142240,0,0,0,2017-04-14,75660000,142460,2,0,0,0,0,0,0,0,0,142520,1,0,0,0,0,0,0,0,0
107,2017-04-13,21:01:00,500,sn1705,XSGE,142540,142240,142560,94,13383540,12300,12282,149940,132970,141460,142360,0,142240,0,0,0,2017-04-14,75660500,142450,1,0,0,0,0,0,0,0,0,142520,1,0,0,0,0,0,0,0,0
108,2017-04-13,21:01:01,0,sn1705,XSGE,142540,142240,142560,94,13383540,12300,12282,149940,132970,141460,142360,0,142240,0,0,0,2017-04-14,75661000,142450,1,0,0,0,0,0,0,0,0,142520,1,0,0,0,0,0,0,0,0
109,2017-04-13,21:01:01,500,sn1705,XSGE,142540,142240,142560,94,13383540,12300,12282,149940,132970,141460,142360,0,142240,0,0,0,2017-04-14,75661500,142460,1,0,0,0,0,0,0,0,0,142520,1,0,0,0,0,0,0,0,0
110,2017-04-13,21:01:02,0,sn1705,XSGE,142540,142240,142560,94,13383540,12300,12282,149940,132970,141460,142360,0,142240,0,0,0,2017-04-14,75662000,142460,1,0,0,0,0,0,0,0,0,142520,2,0,0,0,0,0,0,0,0
111,2017-04-13,21:01:02,500,sn1705,XSGE,142540,142240,142560,94,13383540,12300,12282,149940,132970,141460,142360,0,142240,0,0,0,2017-04-14,75662500,142470,1,0,0,0,0,0,0,0,0,142520,2,0,0,0,0,0,0,0,0
112,2017-04-13,21:01:03,0,sn1705,XSGE,142540,142240,142560,94,13383540,12300,12282,149940,132970,141460,142360,0,142240,0,0,0,2017-04-14,75663000,142490,2,0,0,0,0,0,0,0,0,142520,1,0,0,0,0,0,0,0,0
113,2017-04-13,21:01:03,500,sn1705,XSGE,142540,142240,142560,94,13383540,12300,12282,149940,132970,141460,142360,0,142240,0,0,0,2017-04-14,75663500,142500,1,0,0,0,0,0,0,0,0,142520,1,0,0,0,0,0,0,0,0
114,2017-04-13,21:01:04,0,sn1705,XSGE,142520,142240,142560,96,13668580,12300,12282,149940,132970,141460,142360,0,142240,0,0,0,2017-04-14,75664000,142520,1,0,0,0,0,0,0,0,0,142530,3,0,0,0,0,0,0,0,0
115,2017-04-13,21:01:04,500,sn1705,XSGE,142530,142240,142560,98,13953640,12302,12282,149940,132970,141460,142360,0,142240,0,0,0,2017-04-14,75664500,142470,1,0,0,0,0,0,0,0,0,142530,2,0,0,0,0,0,0,0,0
116,2017-04-13,21:01:05,0,sn1705,XSGE,142530,142240,142560,98,13953640,12302,12282,149940,132970,141460,142360,0,142240,0,0,0,2017-04-14,75665000,142480,2,0,0,0,0,0,0,0,0,142530,2,0,0,0,0,0,0,0,0
117,2017-04-13,21:01:05,500,sn1705,XSGE,142530,142240,142560,98,13953640,12302,12282,149940,132970,141460,142360,0,142240,0,0,0,2017-04-14,75665500,142480,2,0,0,0,0,0,0,0,0,142530,2,0,0,0,0,0,0,0,0
118,2017-04-13,21:01:06,500,sn1705,XSGE,142530,142240,142560,98,13953640,12302,12282,149940,132970,141460,142360,0,142240,0,0,0,2017-04-14,75666500,142480,2,0,0,0,0,0,0,0,0,142530,2,0,0,0,0,0,0,0,0
119,2017-04-13,21:01:08,0,sn1705,XSGE,142530,142240,142560,98,13953640,12302,12282,149940,132970,141460,142360,0,142240,0,0,0,2017-04-14,75668000,142480,2,0,0,0,0,0,0,0,0,142530,2,0,0,0,0,0,0,0,0
120,2017-04-13,21:01:08,500,sn1705,XSGE,142530,142240,142560,98,13953640,12302,12282,149940,132970,141460,142360,0,142240,0,0,0,2017-04-14,75668500,142480,2,0,0,0,0,0,0,0,0,142530,2,0,0,0,0,0,0,0,0
121,2017-04-13,21:01:09,0,sn1705,XSGE,142480,142240,142560,102,14523560,12302,12282,149940,132970,141460,142360,0,142240,0,0,0,2017-04-14,75669000,142460,1,0,0,0,0,0,0,0,0,142600,3,0,0,0,0,0,0,0,0
122,2017-04-13,21:01:09,500,sn1705,XSGE,142480,142240,142560,102,14523560,12302,12282,149940,132970,141460,142360,0,142240,0,0,0,2017-04-14,75669500,142460,1,0,0,0,0,0,0,0,0,142590,2,0,0,0,0,0,0,0,0
123,2017-04-13,21:01:10,0,sn1705,XSGE,142480,142240,142560,102,14523560,12302,12282,149940,132970,141460,142360,0,142240,0,0,0,2017-04-14,75670000,142460,1,0,0,0,0,0,0,0,0,142580,2,0,0,0,0,0,0,0,0
124,2017-04-13,21:01:10,500,sn1705,XSGE,142480,142240,142560,102,14523560,12302,12282,149940,132970,141460,142360,0,142240,0,0,0,2017-04-14,75670500,142460,1,0,0,0,0,0,0,0,0,142580,2,0,0,0,0,0,0,0,0
125,2017-04-13,21:01:11,0,sn1705,XSGE,142480,142240,142560,102,14523560,12302,12282,149940,132970,141460,142360,0,142240,0,0,0,2017-04-14,75671000,142460,1,0,0,0,0,0,0,0,0,142570,1,0,0,0,0,0,0,0,0
126,2017-04-13,21:01:11,500,sn1705,XSGE,142480,142240,142560,102,14523560,12302,12282,149940,132970,141460,142360,0,142240,0,0,0,2017-04-14,75671500,142480,2,0,0,0,0,0,0,0,0,142560,1,0,0,0,0,0,0,0,0
127,2017-04-13,21:01:12,0,sn1705,XSGE,142480,142240,142560,102,14523560,12302,12282,149940,132970,141460,142360,0,142240,0,0,0,2017-04-14,75672000,142480,2,0,0,0,0,0,0,0,0,142560,1,0,0,0,0,0,0,0,0
128,2017-04-13,21:01:12,500,sn1705,XSGE,142550,142240,142560,104,14808660,12300,12282,149940,132970,141460,142360,0,142240,0,0,0,2017-04-14,75672500,142490,1,0,0,0,0,0,0,0,0,142560,1,0,0,0,0,0,0,0,0
129,2017-04-13,21:01:13,0,sn1705,XSGE,142550,142240,142560,104,14808660,12300,12282,149940,132970,141460,142360,0,142240,0,0,0,2017-04-14,75673000,142490,1,0,0,0,0,0,0,0,0,142560,1,0,0,0,0,0,0,0,0
130,2017-04-13,21:01:15,0,sn1705,XSGE,142550,142240,142560,104,14808660,12300,12282,149940,132970,141460,142360,0,142240,0,0,0,2017-04-14,75675000,142490,1,0,0,0,0,0,0,0,0,142560,1,0,0,0,0,0,0,0,0
131,2017-04-13,21:01:16,500,sn1705,XSGE,142550,142240,142560,104,14808660,12300,12282,149940,132970,141460,142360,0,142240,0,0,0,2017-04-14,75676500,142490,1,0,0,0,0,0,0,0,0,142560,1,0,0,0,0,0,0,0,0
132,2017-04-13,21:01:17,0,sn1705,XSGE,142550,142240,142560,104,14808660,12300,12282,149940,132970,141460,142360,0,142240,0,0,0,2017-04-14,75677000,142490,1,0,0,0,0,0,0,0,0,142560,1,0,0,0,0,0,0,0,0
133,2017-04-13,21:01:17,500,sn1705,XSGE,142560,142240,142560,106,15093780,12302,12282,149940,132970,141460,142360,0,142240,0,0,0,2017-04-14,75677500,142490,1,0,0,0,0,0,0,0,0,142600,5,0,0,0,0,0,0,0,0
134,2017-04-13,21:01:18,0,sn1705,XSGE,142560,142240,142560,106,15093780,12302,12282,149940,132970,141460,142360,0,142240,0,0,0,2017-04-14,75678000,142490,3,0,0,0,0,0,0,0,0,142600,5,0,0,0,0,0,0,0,0
135,2017-04-13,21:01:19,500,sn1705,XSGE,142600,142240,142600,110,15664180,12302,12282,149940,132970,141460,142360,0,142240,0,0,0,2017-04-14,75679500,142490,3,0,0,0,0,0,0,0,0,142600,3,0,0,0,0,0,0,0,0
136,2017-04-13,21:01:20,0,sn1705,XSGE,142600,142240,142600,118,16804980,12302,12282,149940,132970,141460,142360,0,142240,0,0,0,2017-04-14,75680000,142490,3,0,0,0,0,0,0,0,0,142670,1,0,0,0,0,0,0,0,0
137,2017-04-13,21:01:20,500,sn1705,XSGE,142600,142240,142600,118,16804980,12302,12282,149940,132970,141460,142360,0,142240,0,0,0,2017-04-14,75680500,142510,1,0,0,0,0,0,0,0,0,142660,1,0,0,0,0,0,0,0,0
138,2017-04-13,21:01:21,0,sn1705,XSGE,142600,142240,142600,118,16804980,12302,12282,149940,132970,141460,142360,0,142240,0,0,0,2017-04-14,75681000,142520,2,0,0,0,0,0,0,0,0,142660,1,0,0,0,0,0,0,0,0
139,2017-04-13,21:01:21,500,sn1705,XSGE,142600,142240,142600,118,16804980,12302,12282,149940,132970,141460,142360,0,142240,0,0,0,2017-04-14,75681500,142520,2,0,0,0,0,0,0,0,0,142660,1,0,0,0,0,0,0,0,0
140,2017-04-13,21:01:22,0,sn1705,XSGE,142530,142240,142600,120,17090040,12304,12282,149940,132970,141460,142360,0,142240,0,0,0,2017-04-14,75682000,142520,2,0,0,0,0,0,0,0,0,142660,1,0,0,0,0,0,0,0,0
141,2017-04-13,21:01:22,500,sn1705,XSGE,142530,142240,142600,120,17090040,12304,12282,149940,132970,141460,142360,0,142240,0,0,0,2017-04-14,75682500,142530,1,0,0,0,0,0,0,0,0,142660,1,0,0,0,0,0,0,0,0
142,2017-04-13,21:01:23,0,sn1705,XSGE,142530,142240,142600,120,17090040,12304,12282,149940,132970,141460,142360,0,142240,0,0,0,2017-04-14,75683000,142540,2,0,0,0,0,0,0,0,0,142660,1,0,0,0,0,0,0,0,0
143,2017-04-13,21:01:24,500,sn1705,XSGE,142530,142240,142600,120,17090040,12304,12282,149940,132970,141460,142360,0,142240,0,0,0,2017-04-14,75684500,142540,2,0,0,0,0,0,0,0,0,142660,1,0,0,0,0,0,0,0,0
144,2017-04-13,21:01:25,0,sn1705,XSGE,142530,142240,142600,120,17090040,12304,12282,149940,132970,141460,142360,0,142240,0,0,0,2017-04-14,75685000,142540,1,0,0,0,0,0,0,0,0,142660,1,0,0,0,0,0,0,0,0
145,2017-04-13,21:01:25,500,sn1705,XSGE,142530,142240,142600,122,17375100,12302,12282,149940,132970,141460,142360,0,142240,0,0,0,2017-04-14,75685500,142480,2,0,0,0,0,0,0,0,0,142660,1,0,0,0,0,0,0,0,0
146,2017-04-13,21:01:26,0,sn1705,XSGE,142530,142240,142600,122,17375100,12302,12282,149940,132970,141460,142360,0,142240,0,0,0,2017-04-14,75686000,142320,1,0,0,0,0,0,0,0,0,142640,1,0,0,0,0,0,0,0,0
147,2017-04-13,21:01:26,500,sn1705,XSGE,142530,142240,142600,122,17375100,12302,12282,149940,132970,141460,142360,0,142240,0,0,0,2017-04-14,75686500,142340,2,0,0,0,0,0,0,0,0,142620,2,0,0,0,0,0,0,0,0
148,2017-04-13,21:01:27,0,sn1705,XSGE,142530,142240,142600,122,17375100,12302,12282,149940,132970,141460,142360,0,142240,0,0,0,2017-04-14,75687000,142340,2,0,0,0,0,0,0,0,0,142610,1,0,0,0,0,0,0,0,0
149,2017-04-13,21:01:27,500,sn1705,XSGE,142530,142240,142600,122,17375100,12302,12282,149940,132970,141460,142360,0,142240,0,0,0,2017-04-14,75687500,142360,1,0,0,0,0,0,0,0,0,142600,1,0,0,0,0,0,0,0,0
150,2017-04-13,21:01:28,0,sn1705,XSGE,142530,142240,142600,122,17375100,12302,12282,149940,132970,141460,142360,0,142240,0,0,0,2017-04-14,75688000,142360,1,0,0,0,0,0,0,0,0,142590,1,0,0,0,0,0,0,0,0
151,2017-04-13,21:01:28,500,sn1705,XSGE,142530,142240,142600,122,17375100,12302,12282,149940,132970,141460,142360,0,142240,0,0,0,2017-04-14,75688500,142360,1,0,0,0,0,0,0,0,0,142580,1,0,0,0,0,0,0,0,0
152,2017-04-13,21:01:29,0,sn1705,XSGE,142530,142240,142600,122,17375100,12302,12282,149940,132970,141460,142360,0,142240,0,0,0,2017-04-14,75689000,142360,1,0,0,0,0,0,0,0,0,142570,2,0,0,0,0,0,0,0,0
153,2017-04-13,21:01:29,500,sn1705,XSGE,142530,142240,142600,122,17375100,12302,12282,149940,132970,141460,142360,0,142240,0,0,0,2017-04-14,75689500,142360,1,0,0,0,0,0,0,0,0,142560,1,0,0,0,0,0,0,0,0
154,2017-04-13,21:01:30,0,sn1705,XSGE,142530,142240,142600,122,17375100,12302,12282,149940,132970,141460,142360,0,142240,0,0,0,2017-04-14,75690000,142360,1,0,0,0,0,0,0,0,0,142550,2,0,0,0,0,0,0,0,0
155,2017-04-13,21:01:30,500,sn1705,XSGE,142530,142240,142600,122,17375100,12302,12282,149940,132970,141460,142360,0,142240,0,0,0,2017-04-14,75690500,142370,1,0,0,0,0,0,0,0,0,142540,1,0,0,0,0,0,0,0,0
156,2017-04-13,21:01:31,0,sn1705,XSGE,142530,142240,142600,122,17375100,12302,12282,149940,132970,141460,142360,0,142240,0,0,0,2017-04-14,75691000,142370,1,0,0,0,0,0,0,0,0,142530,1,0,0,0,0,0,0,0,0
157,2017-04-13,21:01:31,500,sn1705,XSGE,142530,142240,142600,122,17375100,12302,12282,149940,132970,141460,142360,0,142240,0,0,0,2017-04-14,75691500,142370,1,0,0,0,0,0,0,0,0,142520,1,0,0,0,0,0,0,0,0
158,2017-04-13,21:01:32,0,sn1705,XSGE,142530,142240,142600,122,17375100,12302,12282,149940,132970,141460,142360,0,142240,0,0,0,2017-04-14,75692000,142420,1,0,0,0,0,0,0,0,0,142520,1,0,0,0,0,0,0,0,0
159,2017-04-13,21:01:33,500,sn1705,XSGE,142530,142240,142600,122,17375100,12302,12282,149940,132970,141460,142360,0,142240,0,0,0,2017-04-14,75693500,142420,1,0,0,0,0,0,0,0,0,142520,1,0,0,0,0,0,0,0,0
160,2017-04-13,21:01:34,0,sn1705,XSGE,142530,142240,142600,126,17945220,12302,12282,149940,132970,141460,142360,0,142240,0,0,0,2017-04-14,75694000,142620,1,0,0,0,0,0,0,0,0,142630,1,0,0,0,0,0,0,0,0
161,2017-04-13,21:01:34,500,sn1705,XSGE,142620,142240,142620,128,18230460,12300,12282,149940,132970,141460,142360,0,142240,0,0,0,2017-04-14,75694500,142430,1,0,0,0,0,0,0,0,0,142620,8,0,0,0,0,0,0,0,0
162,2017-04-13,21:01:35,0,sn1705,XSGE,142620,142240,142620,128,18230460,12300,12282,149940,132970,141460,142360,0,142240,0,0,0,2017-04-14,75695000,142460,1,0,0,0,0,0,0,0,0,142600,1,0,0,0,0,0,0,0,0
163,2017-04-13,21:01:35,500,sn1705,XSGE,142620,142240,142620,128,18230460,12300,12282,149940,132970,141460,142360,0,142240,0,0,0,2017-04-14,75695500,142470,1,0,0,0,0,0,0,0,0,142610,1,0,0,0,0,0,0,0,0
164,2017-04-13,21:01:36,0,sn1705,XSGE,142610,142240,142620,130,18515680,12298,12282,149940,132970,141460,142360,0,142240,0,0,0,2017-04-14,75696000,142480,2,0,0,0,0,0,0,0,0,142600,1,0,0,0,0,0,0,0,0
165,2017-04-13,21:01:36,500,sn1705,XSGE,142610,142240,142620,130,18515680,12298,12282,149940,132970,141460,142360,0,142240,0,0,0,2017-04-14,75696500,142490,1,0,0,0,0,0,0,0,0,142600,1,0,0,0,0,0,0,0,0
166,2017-04-13,21:01:37,0,sn1705,XSGE,142610,142240,142620,130,18515680,12298,12282,149940,132970,141460,142360,0,142240,0,0,0,2017-04-14,75697000,142490,1,0,0,0,0,0,0,0,0,142600,1,0,0,0,0,0,0,0,0
167,2017-04-13,21:01:37,500,sn1705,XSGE,142610,142240,142620,130,18515680,12298,12282,149940,132970,141460,142360,0,142240,0,0,0,2017-04-14,75697500,142490,1,0,0,0,0,0,0,0,0,142580,2,0,0,0,0,0,0,0,0
168,2017-04-13,21:01:38,0,sn1705,XSGE,142610,142240,142620,130,18515680,12298,12282,149940,132970,141460,142360,0,142240,0,0,0,2017-04-14,75698000,142490,1,0,0,0,0,0,0,0,0,142600,1,0,0,0,0,0,0,0,0
169,2017-04-13,21:01:38,500,sn1705,XSGE,142610,142240,142620,130,18515680,12298,12282,149940,132970,141460,142360,0,142240,0,0,0,2017-04-14,75698500,142500,1,0,0,0,0,0,0,0,0,142580,2,0,0,0,0,0,0,0,0
170,2017-04-13,21:01:39,0,sn1705,XSGE,142610,142240,142620,130,18515680,12298,12282,149940,132970,141460,142360,0,142240,0,0,0,2017-04-14,75699000,142510,1,0,0,0,0,0,0,0,0,142590,1,0,0,0,0,0,0,0,0
171,2017-04-13,21:01:39,500,sn1705,XSGE,142520,142240,142620,132,18800720,12298,12282,149940,132970,141460,142360,0,142240,0,0,0,2017-04-14,75699500,142510,1,0,0,0,0,0,0,0,0,142520,5,0,0,0,0,0,0,0,0
172,2017-04-13,21:01:40,0,sn1705,XSGE,142510,142240,142620,134,19085740,12296,12282,149940,132970,141460,142360,0,142240,0,0,0,2017-04-14,75700000,142500,1,0,0,0,0,0,0,0,0,142510,1,0,0,0,0,0,0,0,0
173,2017-04-13,21:01:40,500,sn1705,XSGE,142500,142240,142620,138,19655740,12296,12282,149940,132970,141460,142360,0,142240,0,0,0,2017-04-14,75700500,142420,1,0,0,0,0,0,0,0,0,142500,1,0,0,0,0,0,0,0,0
174,2017-04-13,21:01:41,0,sn1705,XSGE,142500,142240,142620,138,19655740,12296,12282,149940,132970,141460,142360,0,142240,0,0,0,2017-04-14,75701000,142430,2,0,0,0,0,0,0,0,0,142490,1,0,0,0,0,0,0,0,0
175,2017-04-13,21:01:41,500,sn1705,XSGE,142500,142240,142620,138,19655740,12296,12282,149940,132970,141460,142360,0,142240,0,0,0,2017-04-14,75701500,142440,1,0,0,0,0,0,0,0,0,142490,1,0,0,0,0,0,0,0,0
176,2017-04-13,21:01:42,0,sn1705,XSGE,142500,142240,142620,138,19655740,12296,12282,149940,132970,141460,142360,0,142240,0,0,0,2017-04-14,75702000,142440,1,0,0,0,0,0,0,0,0,142590,1,0,0,0,0,0,0,0,0
177,2017-04-13,21:01:42,500,sn1705,XSGE,142500,142240,142620,138,19655740,12296,12282,149940,132970,141460,142360,0,142240,0,0,0,2017-04-14,75702500,142450,2,0,0,0,0,0,0,0,0,142570,1,0,0,0,0,0,0,0,0
178,2017-04-13,21:01:43,0,sn1705,XSGE,142500,142240,142620,138,19655740,12296,12282,149940,132970,141460,142360,0,142240,0,0,0,2017-04-14,75703000,142450,2,0,0,0,0,0,0,0,0,142560,2,0,0,0,0,0,0,0,0
179,2017-04-13,21:01:43,500,sn1705,XSGE,142500,142240,142620,138,19655740,12296,12282,149940,132970,141460,142360,0,142240,0,0,0,2017-04-14,75703500,142460,1,0,0,0,0,0,0,0,0,142550,1,0,0,0,0,0,0,0,0
180,2017-04-13,21:01:44,0,sn1705,XSGE,142500,142240,142620,138,19655740,12296,12282,149940,132970,141460,142360,0,142240,0,0,0,2017-04-14,75704000,142490,1,0,0,0,0,0,0,0,0,142550,1,0,0,0,0,0,0,0,0
181,2017-04-13,21:01:44,500,sn1705,XSGE,142500,142240,142620,138,19655740,12296,12282,149940,132970,141460,142360,0,142240,0,0,0,2017-04-14,75704500,142490,1,0,0,0,0,0,0,0,0,142550,1,0,0,0,0,0,0,0,0
182,2017-04-13,21:01:45,0,sn1705,XSGE,142500,142240,142620,138,19655740,12296,12282,149940,132970,141460,142360,0,142240,0,0,0,2017-04-14,75705000,142490,1,0,0,0,0,0,0,0,0,142550,1,0,0,0,0,0,0,0,0
183,2017-04-13,21:01:45,500,sn1705,XSGE,142490,142240,142620,140,19940720,12298,12282,149940,132970,141460,142360,0,142240,0,0,0,2017-04-14,75705500,142450,1,0,0,0,0,0,0,0,0,142550,1,0,0,0,0,0,0,0,0
184,2017-04-13,21:01:46,0,sn1705,XSGE,142490,142240,142620,140,19940720,12298,12282,149940,132970,141460,142360,0,142240,0,0,0,2017-04-14,75706000,142460,1,0,0,0,0,0,0,0,0,142550,1,0,0,0,0,0,0,0,0
185,2017-04-13,21:01:46,500,sn1705,XSGE,142550,142240,142620,142,20225820,12298,12282,149940,132970,141460,142360,0,142240,0,0,0,2017-04-14,75706500,142470,1,0,0,0,0,0,0,0,0,142570,1,0,0,0,0,0,0,0,0
186,2017-04-13,21:01:47,0,sn1705,XSGE,142550,142240,142620,142,20225820,12298,12282,149940,132970,141460,142360,0,142240,0,0,0,2017-04-14,75707000,142470,1,0,0,0,0,0,0,0,0,142570,1,0,0,0,0,0,0,0,0
187,2017-04-13,21:01:47,500,sn1705,XSGE,142550,142240,142620,142,20225820,12298,12282,149940,132970,141460,142360,0,142240,0,0,0,2017-04-14,75707500,142480,1,0,0,0,0,0,0,0,0,142560,1,0,0,0,0,0,0,0,0
188,2017-04-13,21:01:48,0,sn1705,XSGE,142550,142240,142620,142,20225820,12298,12282,149940,132970,141460,142360,0,142240,0,0,0,2017-04-14,75708000,142490,1,0,0,0,0,0,0,0,0,142560,1,0,0,0,0,0,0,0,0
189,2017-04-13,21:01:48,500,sn1705,XSGE,142550,142240,142620,142,20225820,12298,12282,149940,132970,141460,142360,0,142240,0,0,0,2017-04-14,75708500,142490,1,0,0,0,0,0,0,0,0,142560,1,0,0,0,0,0,0,0,0
190,2017-04-13,21:01:49,0,sn1705,XSGE,142550,142240,142620,142,20225820,12298,12282,149940,132970,141460,142360,0,142240,0,0,0,2017-04-14,75709000,142500,1,0,0,0,0,0,0,0,0,142560,1,0,0,0,0,0,0,0,0
191,2017-04-13,21:01:49,500,sn1705,XSGE,142550,142240,142620,142,20225820,12298,12282,149940,132970,141460,142360,0,142240,0,0,0,2017-04-14,75709500,142510,1,0,0,0,0,0,0,0,0,142560,1,0,0,0,0,0,0,0,0
192,2017-04-13,21:01:50,0,sn1705,XSGE,142550,142240,142620,142,20225820,12298,12282,149940,132970,141460,142360,0,142240,0,0,0,2017-04-14,75710000,142510,1,0,0,0,0,0,0,0,0,142540,1,0,0,0,0,0,0,0,0
193,2017-04-13,21:01:51,500,sn1705,XSGE,142550,142240,142620,142,20225820,12298,12282,149940,132970,141460,142360,0,142240,0,0,0,2017-04-14,75711500,142510,1,0,0,0,0,0,0,0,0,142540,1,0,0,0,0,0,0,0,0
194,2017-04-13,21:01:52,500,sn1705,XSGE,142540,142240,142620,144,20510900,12298,12282,149940,132970,141460,142360,0,142240,0,0,0,2017-04-14,75712500,142540,1,0,0,0,0,0,0,0,0,142560,1,0,0,0,0,0,0,0,0
195,2017-04-13,21:01:53,0,sn1705,XSGE,142540,142240,142620,144,20510900,12298,12282,149940,132970,141460,142360,0,142240,0,0,0,2017-04-14,75713000,142540,1,0,0,0,0,0,0,0,0,142560,1,0,0,0,0,0,0,0,0
196,2017-04-13,21:01:53,500,sn1705,XSGE,142540,142240,142620,144,20510900,12298,12282,149940,132970,141460,142360,0,142240,0,0,0,2017-04-14,75713500,142540,1,0,0,0,0,0,0,0,0,142560,1,0,0,0,0,0,0,0,0
197,2017-04-13,21:01:55,500,sn1705,XSGE,142540,142240,142620,146,20795980,12300,12282,149940,132970,141460,142360,0,142240,0,0,0,2017-04-14,75715500,142510,1,0,0,0,0,0,0,0,0,142600,3,0,0,0,0,0,0,0,0
198,2017-04-13,21:01:56,0,sn1705,XSGE,142540,142240,142620,146,20795980,12300,12282,149940,132970,141460,142360,0,142240,0,0,0,2017-04-14,75716000,142510,1,0,0,0,0,0,0,0,0,142600,3,0,0,0,0,0,0,0,0
199,2017-04-13,21:01:58,0,sn1705,XSGE,142540,142240,142620,146,20795980,12300,12282,149940,132970,141460,142360,0,142240,0,0,0,2017-04-14,75718000,142510,1,0,0,0,0,0,0,0,0,142600,3,0,0,0,0,0,0,0,0
200,2017-04-13,21:02:02,500,sn1705,XSGE,142510,142240,142620,148,21081000,12300,12282,149940,132970,141460,142360,0,142240,0,0,0,2017-04-14,75722500,142420,1,0,0,0,0,0,0,0,0,142600,3,0,0,0,0,0,0,0,0
201,2017-04-13,21:02:03,0,sn1705,XSGE,142510,142240,142620,148,21081000,12300,12282,149940,132970,141460,142360,0,142240,0,0,0,2017-04-14,75723000,142430,4,0,0,0,0,0,0,0,0,142580,1,0,0,0,0,0,0,0,0
202,2017-04-13,21:02:03,500,sn1705,XSGE,142510,142240,142620,148,21081000,12300,12282,149940,132970,141460,142360,0,142240,0,0,0,2017-04-14,75723500,142430,4,0,0,0,0,0,0,0,0,142580,1,0,0,0,0,0,0,0,0
203,2017-04-13,21:02:04,0,sn1705,XSGE,142510,142240,142620,148,21081000,12300,12282,149940,132970,141460,142360,0,142240,0,0,0,2017-04-14,75724000,142440,1,0,0,0,0,0,0,0,0,142570,1,0,0,0,0,0,0,0,0
204,2017-04-13,21:02:04,500,sn1705,XSGE,142510,142240,142620,148,21081000,12300,12282,149940,132970,141460,142360,0,142240,0,0,0,2017-04-14,75724500,142440,1,0,0,0,0,0,0,0,0,142570,1,0,0,0,0,0,0,0,0
205,2017-04-13,21:02:05,0,sn1705,XSGE,142510,142240,142620,148,21081000,12300,12282,149940,132970,141460,142360,0,142240,0,0,0,2017-04-14,75725000,142450,1,0,0,0,0,0,0,0,0,142560,1,0,0,0,0,0,0,0,0
206,2017-04-13,21:02:05,500,sn1705,XSGE,142510,142240,142620,148,21081000,12300,12282,149940,132970,141460,142360,0,142240,0,0,0,2017-04-14,75725500,142450,1,0,0,0,0,0,0,0,0,142560,1,0,0,0,0,0,0,0,0
207,2017-04-13,21:02:06,0,sn1705,XSGE,142510,142240,142620,148,21081000,12300,12282,149940,132970,141460,142360,0,142240,0,0,0,2017-04-14,75726000,142460,2,0,0,0,0,0,0,0,0,142550,1,0,0,0,0,0,0,0,0
208,2017-04-13,21:02:06,500,sn1705,XSGE,142510,142240,142620,148,21081000,12300,12282,149940,132970,141460,142360,0,142240,0,0,0,2017-04-14,75726500,142460,1,0,0,0,0,0,0,0,0,142510,1,0,0,0,0,0,0,0,0
209,2017-04-13,21:02:07,0,sn1705,XSGE,142510,142240,142620,148,21081000,12300,12282,149940,132970,141460,142360,0,142240,0,0,0,2017-04-14,75727000,142470,1,0,0,0,0,0,0,0,0,142510,1,0,0,0,0,0,0,0,0
210,2017-04-13,21:02:07,500,sn1705,XSGE,142510,142240,142620,148,21081000,12300,12282,149940,132970,141460,142360,0,142240,0,0,0,2017-04-14,75727500,142470,1,0,0,0,0,0,0,0,0,142510,1,0,0,0,0,0,0,0,0
211,2017-04-13,21:02:08,0,sn1705,XSGE,142510,142240,142620,148,21081000,12300,12282,149940,132970,141460,142360,0,142240,0,0,0,2017-04-14,75728000,142470,1,0,0,0,0,0,0,0,0,142510,1,0,0,0,0,0,0,0,0
212,2017-04-13,21:02:08,500,sn1705,XSGE,142510,142240,142620,148,21081000,12300,12282,149940,132970,141460,142360,0,142240,0,0,0,2017-04-14,75728500,142470,1,0,0,0,0,0,0,0,0,142510,1,0,0,0,0,0,0,0,0
213,2017-04-13,21:02:11,0,sn1705,XSGE,142510,142240,142620,148,21081000,12300,12282,149940,132970,141460,142360,0,142240,0,0,0,2017-04-14,75731000,142470,1,0,0,0,0,0,0,0,0,142510,1,0,0,0,0,0,0,0,0
214,2017-04-13,21:02:15,500,sn1705,XSGE,142510,142240,142620,148,21081000,12300,12282,149940,132970,141460,142360,0,142240,0,0,0,2017-04-14,75735500,142500,1,0,0,0,0,0,0,0,0,142510,1,0,0,0,0,0,0,0,0
215,2017-04-13,21:02:16,0,sn1705,XSGE,142510,142240,142620,150,21366020,12300,12282,149940,132970,141460,142360,0,142240,0,0,0,2017-04-14,75736000,142510,1,0,0,0,0,0,0,0,0,142600,3,0,0,0,0,0,0,0,0
216,2017-04-13,21:02:16,500,sn1705,XSGE,142510,142240,142620,150,21366020,12300,12282,149940,132970,141460,142360,0,142240,0,0,0,2017-04-14,75736500,142520,1,0,0,0,0,0,0,0,0,142600,3,0,0,0,0,0,0,0,0
217,2017-04-13,21:02:17,0,sn1705,XSGE,142510,142240,142620,150,21366020,12300,12282,149940,132970,141460,142360,0,142240,0,0,0,2017-04-14,75737000,142520,1,0,0,0,0,0,0,0,0,142600,3,0,0,0,0,0,0,0,0
218,2017-04-13,21:02:17,500,sn1705,XSGE,142510,142240,142620,150,21366020,12300,12282,149940,132970,141460,142360,0,142240,0,0,0,2017-04-14,75737500,142520,1,0,0,0,0,0,0,0,0,142590,1,0,0,0,0,0,0,0,0
219,2017-04-13,21:02:18,0,sn1705,XSGE,142510,142240,142620,150,21366020,12300,12282,149940,132970,141460,142360,0,142240,0,0,0,2017-04-14,75738000,142520,1,0,0,0,0,0,0,0,0,142580,1,0,0,0,0,0,0,0,0
220,2017-04-13,21:02:19,0,sn1705,XSGE,142520,142240,142620,152,21651060,12300,12282,149940,132970,141460,142360,0,142240,0,0,0,2017-04-14,75739000,142500,1,0,0,0,0,0,0,0,0,142580,1,0,0,0,0,0,0,0,0
221,2017-04-13,21:02:19,500,sn1705,XSGE,142520,142240,142620,152,21651060,12300,12282,149940,132970,141460,142360,0,142240,0,0,0,2017-04-14,75739500,142510,1,0,0,0,0,0,0,0,0,142570,1,0,0,0,0,0,0,0,0
222,2017-04-13,21:02:20,0,sn1705,XSGE,142520,142240,142620,152,21651060,12300,12282,149940,132970,141460,142360,0,142240,0,0,0,2017-04-14,75740000,142510,1,0,0,0,0,0,0,0,0,142570,1,0,0,0,0,0,0,0,0
223,2017-04-13,21:02:21,500,sn1705,XSGE,142520,142240,142620,152,21651060,12300,12282,149940,132970,141460,142360,0,142240,0,0,0,2017-04-14,75741500,142510,1,0,0,0,0,0,0,0,0,142560,1,0,0,0,0,0,0,0,0
224,2017-04-13,21:02:22,0,sn1705,XSGE,142520,142240,142620,152,21651060,12300,12282,149940,132970,141460,142360,0,142240,0,0,0,2017-04-14,75742000,142510,1,0,0,0,0,0,0,0,0,142550,1,0,0,0,0,0,0,0,0
225,2017-04-13,21:02:24,0,sn1705,XSGE,142520,142240,142620,152,21651060,12300,12282,149940,132970,141460,142360,0,142240,0,0,0,2017-04-14,75744000,142510,1,0,0,0,0,0,0,0,0,142550,1,0,0,0,0,0,0,0,0
226,2017-04-13,21:02:24,500,sn1705,XSGE,142520,142240,142620,152,21651060,12300,12282,149940,132970,141460,142360,0,142240,0,0,0,2017-04-14,75744500,142510,1,0,0,0,0,0,0,0,0,142550,1,0,0,0,0,0,0,0,0
227,2017-04-13,21:02:25,0,sn1705,XSGE,142520,142240,142620,152,21651060,12300,12282,149940,132970,141460,142360,0,142240,0,0,0,2017-04-14,75745000,142510,1,0,0,0,0,0,0,0,0,142550,1,0,0,0,0,0,0,0,0
228,2017-04-13,21:02:25,500,sn1705,XSGE,142520,142240,142620,152,21651060,12300,12282,149940,132970,141460,142360,0,142240,0,0,0,2017-04-14,75745500,142500,1,0,0,0,0,0,0,0,0,142550,1,0,0,0,0,0,0,0,0
229,2017-04-13,21:02:26,0,sn1705,XSGE,142520,142240,142620,152,21651060,12300,12282,149940,132970,141460,142360,0,142240,0,0,0,2017-04-14,75746000,142520,3,0,0,0,0,0,0,0,0,142550,1,0,0,0,0,0,0,0,0
230,2017-04-13,21:02:26,500,sn1705,XSGE,142520,142240,142620,152,21651060,12300,12282,149940,132970,141460,142360,0,142240,0,0,0,2017-04-14,75746500,142500,1,0,0,0,0,0,0,0,0,142550,1,0,0,0,0,0,0,0,0
231,2017-04-13,21:02:27,0,sn1705,XSGE,142520,142240,142620,152,21651060,12300,12282,149940,132970,141460,142360,0,142240,0,0,0,2017-04-14,75747000,142510,1,0,0,0,0,0,0,0,0,142550,1,0,0,0,0,0,0,0,0
232,2017-04-13,21:02:29,0,sn1705,XSGE,142520,142240,142620,152,21651060,12300,12282,149940,132970,141460,142360,0,142240,0,0,0,2017-04-14,75749000,142510,1,0,0,0,0,0,0,0,0,142550,1,0,0,0,0,0,0,0,0
233,2017-04-13,21:02:30,0,sn1705,XSGE,142520,142240,142620,152,21651060,12300,12282,149940,132970,141460,142360,0,142240,0,0,0,2017-04-14,75750000,142520,1,0,0,0,0,0,0,0,0,142550,1,0,0,0,0,0,0,0,0
234,2017-04-13,21:02:30,500,sn1705,XSGE,142520,142240,142620,152,21651060,12300,12282,149940,132970,141460,142360,0,142240,0,0,0,2017-04-14,75750500,142520,1,0,0,0,0,0,0,0,0,142550,1,0,0,0,0,0,0,0,0
235,2017-04-13,21:02:33,500,sn1705,XSGE,142520,142240,142620,152,21651060,12300,12282,149940,132970,141460,142360,0,142240,0,0,0,2017-04-14,75753500,142520,1,0,0,0,0,0,0,0,0,142550,1,0,0,0,0,0,0,0,0
236,2017-04-13,21:02:34,0,sn1705,XSGE,142520,142240,142620,152,21651060,12300,12282,149940,132970,141460,142360,0,142240,0,0,0,2017-04-14,75754000,142520,1,0,0,0,0,0,0,0,0,142540,1,0,0,0,0,0,0,0,0
237,2017-04-13,21:02:34,500,sn1705,XSGE,142520,142240,142620,154,21936100,12302,12282,149940,132970,141460,142360,0,142240,0,0,0,2017-04-14,75754500,142500,1,0,0,0,0,0,0,0,0,142540,1,0,0,0,0,0,0,0,0
238,2017-04-13,21:02:35,0,sn1705,XSGE,142520,142240,142620,154,21936100,12302,12282,149940,132970,141460,142360,0,142240,0,0,0,2017-04-14,75755000,142500,1,0,0,0,0,0,0,0,0,142530,1,0,0,0,0,0,0,0,0
239,2017-04-13,21:02:35,500,sn1705,XSGE,142520,142240,142620,154,21936100,12302,12282,149940,132970,141460,142360,0,142240,0,0,0,2017-04-14,75755500,142500,1,0,0,0,0,0,0,0,0,142530,1,0,0,0,0,0,0,0,0
240,2017-04-13,21:02:36,0,sn1705,XSGE,142520,142240,142620,154,21936100,12302,12282,149940,132970,141460,142360,0,142240,0,0,0,2017-04-14,75756000,142500,1,0,0,0,0,0,0,0,0,142530,1,0,0,0,0,0,0,0,0
241,2017-04-13,21:02:36,500,sn1705,XSGE,142520,142240,142620,154,21936100,12302,12282,149940,132970,141460,142360,0,142240,0,0,0,2017-04-14,75756500,142500,1,0,0,0,0,0,0,0,0,142530,1,0,0,0,0,0,0,0,0
242,2017-04-13,21:02:37,0,sn1705,XSGE,142520,142240,142620,154,21936100,12302,12282,149940,132970,141460,142360,0,142240,0,0,0,2017-04-14,75757000,142500,1,0,0,0,0,0,0,0,0,142530,1,0,0,0,0,0,0,0,0
243,2017-04-13,21:02:39,0,sn1705,XSGE,142520,142240,142620,154,21936100,12302,12282,149940,132970,141460,142360,0,142240,0,0,0,2017-04-14,75759000,142500,1,0,0,0,0,0,0,0,0,142530,1,0,0,0,0,0,0,0,0
244,2017-04-13,21:02:39,500,sn1705,XSGE,142520,142240,142620,154,21936100,12302,12282,149940,132970,141460,142360,0,142240,0,0,0,2017-04-14,75759500,142500,1,0,0,0,0,0,0,0,0,142530,1,0,0,0,0,0,0,0,0
245,2017-04-13,21:02:41,0,sn1705,XSGE,142520,142240,142620,154,21936100,12302,12282,149940,132970,141460,142360,0,142240,0,0,0,2017-04-14,75761000,142500,1,0,0,0,0,0,0,0,0,142530,1,0,0,0,0,0,0,0,0
246,2017-04-13,21:02:44,500,sn1705,XSGE,142500,142240,142620,156,22221100,12304,12282,149940,132970,141460,142360,0,142240,0,0,0,2017-04-14,75764500,142480,1,0,0,0,0,0,0,0,0,142530,1,0,0,0,0,0,0,0,0
247,2017-04-13,21:02:45,0,sn1705,XSGE,142500,142240,142620,156,22221100,12304,12282,149940,132970,141460,142360,0,142240,0,0,0,2017-04-14,75765000,142480,1,0,0,0,0,0,0,0,0,142520,2,0,0,0,0,0,0,0,0
248,2017-04-13,21:02:47,500,sn1705,XSGE,142500,142240,142620,156,22221100,12304,12282,149940,132970,141460,142360,0,142240,0,0,0,2017-04-14,75767500,142480,1,0,0,0,0,0,0,0,0,142510,1,0,0,0,0,0,0,0,0
249,2017-04-13,21:02:50,0,sn1705,XSGE,142500,142240,142620,156,22221100,12304,12282,149940,132970,141460,142360,0,142240,0,0,0,2017-04-14,75770000,142480,1,0,0,0,0,0,0,0,0,142510,1,0,0,0,0,0,0,0,0
250,2017-04-13,21:02:50,500,sn1705,XSGE,142500,142240,142620,156,22221100,12304,12282,149940,132970,141460,142360,0,142240,0,0,0,2017-04-14,75770500,142480,1,0,0,0,0,0,0,0,0,142510,1,0,0,0,0,0,0,0,0
251,2017-04-13,21:02:51,0,sn1705,XSGE,142500,142240,142620,156,22221100,12304,12282,149940,132970,141460,142360,0,142240,0,0,0,2017-04-14,75771000,142480,1,0,0,0,0,0,0,0,0,142510,1,0,0,0,0,0,0,0,0
252,2017-04-13,21:02:51,500,sn1705,XSGE,142510,142240,142620,158,22506120,12302,12282,149940,132970,141460,142360,0,142240,0,0,0,2017-04-14,75771500,142510,2,0,0,0,0,0,0,0,0,142520,1,0,0,0,0,0,0,0,0
253,2017-04-13,21:02:52,0,sn1705,XSGE,142510,142240,142620,158,22506120,12302,12282,149940,132970,141460,142360,0,142240,0,0,0,2017-04-14,75772000,142510,2,0,0,0,0,0,0,0,0,142540,1,0,0,0,0,0,0,0,0
254,2017-04-13,21:02:56,500,sn1705,XSGE,142510,142240,142620,162,23076160,12302,12282,149940,132970,141460,142360,0,142240,0,0,0,2017-04-14,75776500,142480,1,0,0,0,0,0,0,0,0,142540,1,0,0,0,0,0,0,0,0
255,2017-04-13,21:02:57,0,sn1705,XSGE,142510,142240,142620,162,23076160,12302,12282,149940,132970,141460,142360,0,142240,0,0,0,2017-04-14,75777000,142480,1,0,0,0,0,0,0,0,0,142510,1,0,0,0,0,0,0,0,0
256,2017-04-13,21:03:02,500,sn1705,XSGE,142510,142240,142620,162,23076160,12302,12282,149940,132970,141460,142360,0,142240,0,0,0,2017-04-14,75782500,142480,1,0,0,0,0,0,0,0,0,142510,1,0,0,0,0,0,0,0,0
257,2017-04-13,21:03:04,500,sn1705,XSGE,142510,142240,142620,162,23076160,12302,12282,149940,132970,141460,142360,0,142240,0,0,0,2017-04-14,75784500,142480,1,0,0,0,0,0,0,0,0,142510,1,0,0,0,0,0,0,0,0
258,2017-04-13,21:03:08,500,sn1705,XSGE,142510,142240,142620,162,23076160,12302,12282,149940,132970,141460,142360,0,142240,0,0,0,2017-04-14,75788500,142480,9,0,0,0,0,0,0,0,0,142510,1,0,0,0,0,0,0,0,0
259,2017-04-13,21:03:09,0,sn1705,XSGE,142510,142240,142620,162,23076160,12302,12282,149940,132970,141460,142360,0,142240,0,0,0,2017-04-14,75789000,142480,9,0,0,0,0,0,0,0,0,142510,3,0,0,0,0,0,0,0,0
260,2017-04-13,21:03:10,500,sn1705,XSGE,142510,142240,142620,164,23361180,12302,12282,149940,132970,141460,142360,0,142240,0,0,0,2017-04-14,75790500,142480,9,0,0,0,0,0,0,0,0,142510,2,0,0,0,0,0,0,0,0
261,2017-04-13,21:03:11,0,sn1705,XSGE,142510,142240,142620,164,23361180,12302,12282,149940,132970,141460,142360,0,142240,0,0,0,2017-04-14,75791000,142480,9,0,0,0,0,0,0,0,0,142530,1,0,0,0,0,0,0,0,0
262,2017-04-13,21:03:11,500,sn1705,XSGE,142510,142240,142620,164,23361180,12302,12282,149940,132970,141460,142360,0,142240,0,0,0,2017-04-14,75791500,142490,1,0,0,0,0,0,0,0,0,142530,1,0,0,0,0,0,0,0,0
263,2017-04-13,21:03:12,0,sn1705,XSGE,142510,142240,142620,164,23361180,12302,12282,149940,132970,141460,142360,0,142240,0,0,0,2017-04-14,75792000,142490,2,0,0,0,0,0,0,0,0,142530,1,0,0,0,0,0,0,0,0
264,2017-04-13,21:03:15,0,sn1705,XSGE,142510,142240,142620,164,23361180,12302,12282,149940,132970,141460,142360,0,142240,0,0,0,2017-04-14,75795000,142490,2,0,0,0,0,0,0,0,0,142530,1,0,0,0,0,0,0,0,0
265,2017-04-13,21:03:16,0,sn1705,XSGE,142510,142240,142620,164,23361180,12302,12282,149940,132970,141460,142360,0,142240,0,0,0,2017-04-14,75796000,142490,2,0,0,0,0,0,0,0,0,142530,1,0,0,0,0,0,0,0,0
266,2017-04-13,21:03:17,0,sn1705,XSGE,142510,142240,142620,164,23361180,12302,12282,149940,132970,141460,142360,0,142240,0,0,0,2017-04-14,75797000,142490,2,0,0,0,0,0,0,0,0,142530,1,0,0,0,0,0,0,0,0
267,2017-04-13,21:03:17,500,sn1705,XSGE,142530,142240,142620,166,23646240,12300,12282,149940,132970,141460,142360,0,142240,0,0,0,2017-04-14,75797500,142490,2,0,0,0,0,0,0,0,0,142540,1,0,0,0,0,0,0,0,0
268,2017-04-13,21:03:18,500,sn1705,XSGE,142530,142240,142620,166,23646240,12300,12282,149940,132970,141460,142360,0,142240,0,0,0,2017-04-14,75798500,142490,2,0,0,0,0,0,0,0,0,142540,1,0,0,0,0,0,0,0,0
269,2017-04-13,21:03:26,0,sn1705,XSGE,142530,142240,142620,166,23646240,12300,12282,149940,132970,141460,142360,0,142240,0,0,0,2017-04-14,75806000,142490,2,0,0,0,0,0,0,0,0,142540,1,0,0,0,0,0,0,0,0
270,2017-04-13,21:03:27,0,sn1705,XSGE,142530,142240,142620,166,23646240,12300,12282,149940,132970,141460,142360,0,142240,0,0,0,2017-04-14,75807000,142490,2,0,0,0,0,0,0,0,0,142540,1,0,0,0,0,0,0,0,0
271,2017-04-13,21:03:28,0,sn1705,XSGE,142530,142240,142620,166,23646240,12300,12282,149940,132970,141460,142360,0,142240,0,0,0,2017-04-14,75808000,142500,1,0,0,0,0,0,0,0,0,142540,1,0,0,0,0,0,0,0,0
272,2017-04-13,21:03:28,500,sn1705,XSGE,142540,142240,142620,168,23931320,12302,12282,149940,132970,141460,142360,0,142240,0,0,0,2017-04-14,75808500,142500,1,0,0,0,0,0,0,0,0,142550,1,0,0,0,0,0,0,0,0
273,2017-04-13,21:03:29,0,sn1705,XSGE,142540,142240,142620,168,23931320,12302,12282,149940,132970,141460,142360,0,142240,0,0,0,2017-04-14,75809000,142510,1,0,0,0,0,0,0,0,0,142550,1,0,0,0,0,0,0,0,0
274,2017-04-13,21:03:29,500,sn1705,XSGE,142540,142240,142620,168,23931320,12302,12282,149940,132970,141460,142360,0,142240,0,0,0,2017-04-14,75809500,142510,1,0,0,0,0,0,0,0,0,142550,1,0,0,0,0,0,0,0,0
275,2017-04-13,21:03:35,500,sn1705,XSGE,142540,142240,142620,168,23931320,12302,12282,149940,132970,141460,142360,0,142240,0,0,0,2017-04-14,75815500,142510,1,0,0,0,0,0,0,0,0,142550,1,0,0,0,0,0,0,0,0
276,2017-04-13,21:03:37,500,sn1705,XSGE,142540,142240,142620,168,23931320,12302,12282,149940,132970,141460,142360,0,142240,0,0,0,2017-04-14,75817500,142510,1,0,0,0,0,0,0,0,0,142540,1,0,0,0,0,0,0,0,0
277,2017-04-13,21:03:38,0,sn1705,XSGE,142540,142240,142620,168,23931320,12302,12282,149940,132970,141460,142360,0,142240,0,0,0,2017-04-14,75818000,142510,8,0,0,0,0,0,0,0,0,142540,1,0,0,0,0,0,0,0,0
278,2017-04-13,21:03:39,0,sn1705,XSGE,142540,142240,142620,168,23931320,12302,12282,149940,132970,141460,142360,0,142240,0,0,0,2017-04-14,75819000,142510,8,0,0,0,0,0,0,0,0,142550,1,0,0,0,0,0,0,0,0
279,2017-04-13,21:03:39,500,sn1705,XSGE,142540,142240,142620,168,23931320,12302,12282,149940,132970,141460,142360,0,142240,0,0,0,2017-04-14,75819500,142520,1,0,0,0,0,0,0,0,0,142550,1,0,0,0,0,0,0,0,0
280,2017-04-13,21:03:40,0,sn1705,XSGE,142540,142240,142620,168,23931320,12302,12282,149940,132970,141460,142360,0,142240,0,0,0,2017-04-14,75820000,142510,8,0,0,0,0,0,0,0,0,142550,1,0,0,0,0,0,0,0,0
281,2017-04-13,21:03:40,500,sn1705,XSGE,142540,142240,142620,168,23931320,12302,12282,149940,132970,141460,142360,0,142240,0,0,0,2017-04-14,75820500,142520,2,0,0,0,0,0,0,0,0,142550,1,0,0,0,0,0,0,0,0
282,2017-04-13,21:03:41,500,sn1705,XSGE,142550,142240,142620,170,24216420,12302,12282,149940,132970,141460,142360,0,142240,0,0,0,2017-04-14,75821500,142550,1,0,0,0,0,0,0,0,0,142600,3,0,0,0,0,0,0,0,0
283,2017-04-13,21:03:42,0,sn1705,XSGE,142550,142240,142620,170,24216420,12302,12282,149940,132970,141460,142360,0,142240,0,0,0,2017-04-14,75822000,142520,1,0,0,0,0,0,0,0,0,142590,2,0,0,0,0,0,0,0,0
284,2017-04-13,21:03:42,500,sn1705,XSGE,142550,142240,142620,170,24216420,12302,12282,149940,132970,141460,142360,0,142240,0,0,0,2017-04-14,75822500,142520,1,0,0,0,0,0,0,0,0,142580,1,0,0,0,0,0,0,0,0
285,2017-04-13,21:03:45,0,sn1705,XSGE,142550,142240,142620,170,24216420,12302,12282,149940,132970,141460,142360,0,142240,0,0,0,2017-04-14,75825000,142520,1,0,0,0,0,0,0,0,0,142580,1,0,0,0,0,0,0,0,0
286,2017-04-13,21:03:46,500,sn1705,XSGE,142550,142240,142620,170,24216420,12302,12282,149940,132970,141460,142360,0,142240,0,0,0,2017-04-14,75826500,142510,8,0,0,0,0,0,0,0,0,142580,1,0,0,0,0,0,0,0,0
287,2017-04-13,21:03:47,0,sn1705,XSGE,142550,142240,142620,170,24216420,12302,12282,149940,132970,141460,142360,0,142240,0,0,0,2017-04-14,75827000,142520,1,0,0,0,0,0,0,0,0,142580,1,0,0,0,0,0,0,0,0
288,2017-04-13,21:03:47,500,sn1705,XSGE,142550,142240,142620,170,24216420,12302,12282,149940,132970,141460,142360,0,142240,0,0,0,2017-04-14,75827500,142520,1,0,0,0,0,0,0,0,0,142580,1,0,0,0,0,0,0,0,0
289,2017-04-13,21:03:48,500,sn1705,XSGE,142550,142240,142620,170,24216420,12302,12282,149940,132970,141460,142360,0,142240,0,0,0,2017-04-14,75828500,142520,1,0,0,0,0,0,0,0,0,142580,1,0,0,0,0,0,0,0,0
290,2017-04-13,21:03:49,0,sn1705,XSGE,142550,142240,142620,170,24216420,12302,12282,149940,132970,141460,142360,0,142240,0,0,0,2017-04-14,75829000,142520,1,0,0,0,0,0,0,0,0,142580,1,0,0,0,0,0,0,0,0
291,2017-04-13,21:03:49,500,sn1705,XSGE,142550,142240,142620,170,24216420,12302,12282,149940,132970,141460,142360,0,142240,0,0,0,2017-04-14,75829500,142520,1,0,0,0,0,0,0,0,0,142580,1,0,0,0,0,0,0,0,0
292,2017-04-13,21:03:50,500,sn1705,XSGE,142550,142240,142620,170,24216420,12302,12282,149940,132970,141460,142360,0,142240,0,0,0,2017-04-14,75830500,142520,1,0,0,0,0,0,0,0,0,142580,1,0,0,0,0,0,0,0,0
293,2017-04-13,21:03:56,0,sn1705,XSGE,142550,142240,142620,170,24216420,12302,12282,149940,132970,141460,142360,0,142240,0,0,0,2017-04-14,75836000,142530,1,0,0,0,0,0,0,0,0,142580,1,0,0,0,0,0,0,0,0
294,2017-04-13,21:03:56,500,sn1705,XSGE,142550,142240,142620,170,24216420,12302,12282,149940,132970,141460,142360,0,142240,0,0,0,2017-04-14,75836500,142530,1,0,0,0,0,0,0,0,0,142590,1,0,0,0,0,0,0,0,0
295,2017-04-13,21:03:57,0,sn1705,XSGE,142550,142240,142620,170,24216420,12302,12282,149940,132970,141460,142360,0,142240,0,0,0,2017-04-14,75837000,142540,1,0,0,0,0,0,0,0,0,142590,1,0,0,0,0,0,0,0,0
296,2017-04-13,21:04:05,0,sn1705,XSGE,142550,142240,142620,170,24216420,12302,12282,149940,132970,141460,142360,0,142240,0,0,0,2017-04-14,75845000,142540,1,0,0,0,0,0,0,0,0,142590,1,0,0,0,0,0,0,0,0
297,2017-04-13,21:04:09,0,sn1705,XSGE,142550,142240,142620,170,24216420,12302,12282,149940,132970,141460,142360,0,142240,0,0,0,2017-04-14,75849000,142540,1,0,0,0,0,0,0,0,0,142590,1,0,0,0,0,0,0,0,0
298,2017-04-13,21:04:15,0,sn1705,XSGE,142550,142240,142620,170,24216420,12302,12282,149940,132970,141460,142360,0,142240,0,0,0,2017-04-14,75855000,142550,1,0,0,0,0,0,0,0,0,142590,1,0,0,0,0,0,0,0,0
299,2017-04-13,21:04:15,500,sn1705,XSGE,142550,142240,142620,170,24216420,12302,12282,149940,132970,141460,142360,0,142240,0,0,0,2017-04-14,75855500,142550,1,0,0,0,0,0,0,0,0,142580,1,0,0,0,0,0,0,0,0
300,2017-04-13,21:04:18,0,sn1705,XSGE,142550,142240,142620,170,24216420,12302,12282,149940,132970,141460,142360,0,142240,0,0,0,2017-04-14,75858000,142530,1,0,0,0,0,0,0,0,0,142580,1,0,0,0,0,0,0,0,0
301,2017-04-13,21:04:18,500,sn1705,XSGE,142550,142240,142620,170,24216420,12302,12282,149940,132970,141460,142360,0,142240,0,0,0,2017-04-14,75858500,142540,1,0,0,0,0,0,0,0,0,142580,1,0,0,0,0,0,0,0,0
302,2017-04-13,21:04:19,500,sn1705,XSGE,142540,142240,142620,172,24501500,12302,12282,149940,132970,141460,142360,0,142240,0,0,0,2017-04-14,75859500,142530,1,0,0,0,0,0,0,0,0,142580,1,0,0,0,0,0,0,0,0
303,2017-04-13,21:04:20,0,sn1705,XSGE,142530,142240,142620,174,24786560,12302,12282,149940,132970,141460,142360,0,142240,0,0,0,2017-04-14,75860000,142510,8,0,0,0,0,0,0,0,0,142580,1,0,0,0,0,0,0,0,0
304,2017-04-13,21:04:20,500,sn1705,XSGE,142520,142240,142620,176,25071600,12300,12282,149940,132970,141460,142360,0,142240,0,0,0,2017-04-14,75860500,142510,8,0,0,0,0,0,0,0,0,142570,1,0,0,0,0,0,0,0,0
305,2017-04-13,21:04:21,500,sn1705,XSGE,142520,142240,142620,176,25071600,12300,12282,149940,132970,141460,142360,0,142240,0,0,0,2017-04-14,75861500,142520,1,0,0,0,0,0,0,0,0,142570,1,0,0,0,0,0,0,0,0
306,2017-04-13,21:04:22,0,sn1705,XSGE,142520,142240,142620,176,25071600,12300,12282,149940,132970,141460,142360,0,142240,0,0,0,2017-04-14,75862000,142530,1,0,0,0,0,0,0,0,0,142580,1,0,0,0,0,0,0,0,0
307,2017-04-13,21:04:27,0,sn1705,XSGE,142520,142240,142620,176,25071600,12300,12282,149940,132970,141460,142360,0,142240,0,0,0,2017-04-14,75867000,142530,1,0,0,0,0,0,0,0,0,142580,1,0,0,0,0,0,0,0,0
308,2017-04-13,21:04:28,500,sn1705,XSGE,142520,142240,142620,176,25071600,12300,12282,149940,132970,141460,142360,0,142240,0,0,0,2017-04-14,75868500,142540,1,0,0,0,0,0,0,0,0,142580,1,0,0,0,0,0,0,0,0
309,2017-04-13,21:04:29,0,sn1705,XSGE,142520,142240,142620,176,25071600,12300,12282,149940,132970,141460,142360,0,142240,0,0,0,2017-04-14,75869000,142560,2,0,0,0,0,0,0,0,0,142580,1,0,0,0,0,0,0,0,0
310,2017-04-13,21:04:29,500,sn1705,XSGE,142580,142240,142620,178,25356760,12302,12282,149940,132970,141460,142360,0,142240,0,0,0,2017-04-14,75869500,142540,1,0,0,0,0,0,0,0,0,142590,1,0,0,0,0,0,0,0,0
311,2017-04-13,21:04:30,0,sn1705,XSGE,142580,142240,142620,178,25356760,12302,12282,149940,132970,141460,142360,0,142240,0,0,0,2017-04-14,75870000,142560,2,0,0,0,0,0,0,0,0,142590,1,0,0,0,0,0,0,0,0
312,2017-04-13,21:04:30,500,sn1705,XSGE,142590,142240,142620,180,25641940,12302,12282,149940,132970,141460,142360,0,142240,0,0,0,2017-04-14,75870500,142590,1,0,0,0,0,0,0,0,0,142600,3,0,0,0,0,0,0,0,0
313,2017-04-13,21:04:31,0,sn1705,XSGE,142600,142240,142620,186,26497540,12304,12282,149940,132970,141460,142360,0,142240,0,0,0,2017-04-14,75871000,142590,1,0,0,0,0,0,0,0,0,142610,2,0,0,0,0,0,0,0,0
314,2017-04-13,21:04:31,500,sn1705,XSGE,142610,142240,142620,190,27067980,12306,12282,149940,132970,141460,142360,0,142240,0,0,0,2017-04-14,75871500,142590,1,0,0,0,0,0,0,0,0,142620,1,0,0,0,0,0,0,0,0
315,2017-04-13,21:04:32,0,sn1705,XSGE,142610,142240,142620,190,27067980,12306,12282,149940,132970,141460,142360,0,142240,0,0,0,2017-04-14,75872000,142590,1,0,0,0,0,0,0,0,0,142620,1,0,0,0,0,0,0,0,0
316,2017-04-13,21:04:32,500,sn1705,XSGE,142610,142240,142620,190,27067980,12306,12282,149940,132970,141460,142360,0,142240,0,0,0,2017-04-14,75872500,142590,1,0,0,0,0,0,0,0,0,142620,1,0,0,0,0,0,0,0,0
317,2017-04-13,21:04:35,0,sn1705,XSGE,142620,142240,142620,192,27353220,12306,12282,149940,132970,141460,142360,0,142240,0,0,0,2017-04-14,75875000,142620,1,0,0,0,0,0,0,0,0,142650,1,0,0,0,0,0,0,0,0
318,2017-04-13,21:04:35,500,sn1705,XSGE,142620,142240,142640,196,27923740,12304,12282,149940,132970,141460,142360,0,142240,0,0,0,2017-04-14,75875500,142590,1,0,0,0,0,0,0,0,0,142620,1,0,0,0,0,0,0,0,0
319,2017-04-13,21:04:37,0,sn1705,XSGE,142620,142240,142640,198,28208980,12302,12282,149940,132970,141460,142360,0,142240,0,0,0,2017-04-14,75877000,142590,1,0,0,0,0,0,0,0,0,142650,1,0,0,0,0,0,0,0,0
320,2017-04-13,21:04:37,500,sn1705,XSGE,142620,142240,142640,198,28208980,12302,12282,149940,132970,141460,142360,0,142240,0,0,0,2017-04-14,75877500,142590,1,0,0,0,0,0,0,0,0,142640,2,0,0,0,0,0,0,0,0
321,2017-04-13,21:04:38,0,sn1705,XSGE,142620,142240,142640,198,28208980,12302,12282,149940,132970,141460,142360,0,142240,0,0,0,2017-04-14,75878000,142590,1,0,0,0,0,0,0,0,0,142630,1,0,0,0,0,0,0,0,0
322,2017-04-13,21:04:38,500,sn1705,XSGE,142620,142240,142640,198,28208980,12302,12282,149940,132970,141460,142360,0,142240,0,0,0,2017-04-14,75878500,142590,1,0,0,0,0,0,0,0,0,142610,4,0,0,0,0,0,0,0,0
323,2017-04-13,21:04:39,0,sn1705,XSGE,142590,142240,142640,200,28494160,12302,12282,149940,132970,141460,142360,0,142240,0,0,0,2017-04-14,75879000,142540,1,0,0,0,0,0,0,0,0,142630,1,0,0,0,0,0,0,0,0
324,2017-04-13,21:04:39,500,sn1705,XSGE,142590,142240,142640,200,28494160,12302,12282,149940,132970,141460,142360,0,142240,0,0,0,2017-04-14,75879500,142540,1,0,0,0,0,0,0,0,0,142620,2,0,0,0,0,0,0,0,0
325,2017-04-13,21:04:40,0,sn1705,XSGE,142610,142240,142640,202,28779380,12302,12282,149940,132970,141460,142360,0,142240,0,0,0,2017-04-14,75880000,142540,1,0,0,0,0,0,0,0,0,142620,2,0,0,0,0,0,0,0,0
326,2017-04-13,21:04:40,500,sn1705,XSGE,142610,142240,142640,202,28779380,12302,12282,149940,132970,141460,142360,0,142240,0,0,0,2017-04-14,75880500,142550,2,0,0,0,0,0,0,0,0,142620,2,0,0,0,0,0,0,0,0
327,2017-04-13,21:04:41,0,sn1705,XSGE,142610,142240,142640,202,28779380,12302,12282,149940,132970,141460,142360,0,142240,0,0,0,2017-04-14,75881000,142550,3,0,0,0,0,0,0,0,0,142610,1,0,0,0,0,0,0,0,0
328,2017-04-13,21:04:41,500,sn1705,XSGE,142610,142240,142640,202,28779380,12302,12282,149940,132970,141460,142360,0,142240,0,0,0,2017-04-14,75881500,142550,3,0,0,0,0,0,0,0,0,142610,1,0,0,0,0,0,0,0,0
329,2017-04-13,21:04:42,0,sn1705,XSGE,142610,142240,142640,202,28779380,12302,12282,149940,132970,141460,142360,0,142240,0,0,0,2017-04-14,75882000,142550,3,0,0,0,0,0,0,0,0,142610,1,0,0,0,0,0,0,0,0
330,2017-04-13,21:04:42,500,sn1705,XSGE,142610,142240,142640,202,28779380,12302,12282,149940,132970,141460,142360,0,142240,0,0,0,2017-04-14,75882500,142560,1,0,0,0,0,0,0,0,0,142650,1,0,0,0,0,0,0,0,0
331,2017-04-13,21:04:43,0,sn1705,XSGE,142610,142240,142640,202,28779380,12302,12282,149940,132970,141460,142360,0,142240,0,0,0,2017-04-14,75883000,142570,1,0,0,0,0,0,0,0,0,142640,2,0,0,0,0,0,0,0,0
332,2017-04-13,21:04:45,0,sn1705,XSGE,142610,142240,142640,202,28779380,12302,12282,149940,132970,141460,142360,0,142240,0,0,0,2017-04-14,75885000,142570,1,0,0,0,0,0,0,0,0,142640,2,0,0,0,0,0,0,0,0
333,2017-04-13,21:04:45,500,sn1705,XSGE,142610,142240,142640,202,28779380,12302,12282,149940,132970,141460,142360,0,142240,0,0,0,2017-04-14,75885500,142580,1,0,0,0,0,0,0,0,0,142640,2,0,0,0,0,0,0,0,0
334,2017-04-13,21:04:46,0,sn1705,XSGE,142610,142240,142640,202,28779380,12302,12282,149940,132970,141460,142360,0,142240,0,0,0,2017-04-14,75886000,142590,1,0,0,0,0,0,0,0,0,142640,2,0,0,0,0,0,0,0,0
335,2017-04-13,21:04:46,500,sn1705,XSGE,142610,142240,142640,202,28779380,12302,12282,149940,132970,141460,142360,0,142240,0,0,0,2017-04-14,75886500,142590,1,0,0,0,0,0,0,0,0,142650,1,0,0,0,0,0,0,0,0
336,2017-04-13,21:04:48,500,sn1705,XSGE,142610,142240,142640,202,28779380,12302,12282,149940,132970,141460,142360,0,142240,0,0,0,2017-04-14,75888500,142590,9,0,0,0,0,0,0,0,0,142650,1,0,0,0,0,0,0,0,0
337,2017-04-13,21:04:49,0,sn1705,XSGE,142610,142240,142640,202,28779380,12302,12282,149940,132970,141460,142360,0,142240,0,0,0,2017-04-14,75889000,142590,9,0,0,0,0,0,0,0,0,142650,3,0,0,0,0,0,0,0,0
338,2017-04-13,21:04:49,500,sn1705,XSGE,142610,142240,142640,202,28779380,12302,12282,149940,132970,141460,142360,0,142240,0,0,0,2017-04-14,75889500,142590,9,0,0,0,0,0,0,0,0,142650,3,0,0,0,0,0,0,0,0
339,2017-04-13,21:04:50,0,sn1705,XSGE,142610,142240,142640,202,28779380,12302,12282,149940,132970,141460,142360,0,142240,0,0,0,2017-04-14,75890000,142600,1,0,0,0,0,0,0,0,0,142650,2,0,0,0,0,0,0,0,0
340,2017-04-13,21:04:50,500,sn1705,XSGE,142610,142240,142640,202,28779380,12302,12282,149940,132970,141460,142360,0,142240,0,0,0,2017-04-14,75890500,142610,2,0,0,0,0,0,0,0,0,142650,1,0,0,0,0,0,0,0,0
341,2017-04-13,21:04:51,0,sn1705,XSGE,142610,142240,142640,204,29064600,12304,12282,149940,132970,141460,142360,0,142240,0,0,0,2017-04-14,75891000,142610,1,0,0,0,0,0,0,0,0,142650,1,0,0,0,0,0,0,0,0
342,2017-04-13,21:04:52,0,sn1705,XSGE,142650,142240,142650,206,29349900,12304,12282,149940,132970,141460,142360,0,142240,0,0,0,2017-04-14,75892000,142650,3,0,0,0,0,0,0,0,0,142690,2,0,0,0,0,0,0,0,0
343,2017-04-13,21:04:52,500,sn1705,XSGE,142650,142240,142650,206,29349900,12304,12282,149940,132970,141460,142360,0,142240,0,0,0,2017-04-14,75892500,142660,1,0,0,0,0,0,0,0,0,142680,2,0,0,0,0,0,0,0,0
344,2017-04-13,21:04:53,0,sn1705,XSGE,142650,142240,142650,206,29349900,12304,12282,149940,132970,141460,142360,0,142240,0,0,0,2017-04-14,75893000,142650,3,0,0,0,0,0,0,0,0,142680,2,0,0,0,0,0,0,0,0
345,2017-04-13,21:04:54,0,sn1705,XSGE,142650,142240,142650,206,29349900,12304,12282,149940,132970,141460,142360,0,142240,0,0,0,2017-04-14,75894000,142650,3,0,0,0,0,0,0,0,0,142680,2,0,0,0,0,0,0,0,0
346,2017-04-13,21:04:54,500,sn1705,XSGE,142650,142240,142650,206,29349900,12304,12282,149940,132970,141460,142360,0,142240,0,0,0,2017-04-14,75894500,142650,3,0,0,0,0,0,0,0,0,142680,1,0,0,0,0,0,0,0,0
347,2017-04-13,21:04:56,500,sn1705,XSGE,142680,142240,142680,208,29635260,12302,12282,149940,132970,141460,142360,0,142240,0,0,0,2017-04-14,75896500,142680,1,0,0,0,0,0,0,0,0,142690,2,0,0,0,0,0,0,0,0
348,2017-04-13,21:04:57,0,sn1705,XSGE,142680,142240,142680,210,29920620,12302,12282,149940,132970,141460,142360,0,142240,0,0,0,2017-04-14,75897000,142650,3,0,0,0,0,0,0,0,0,142690,2,0,0,0,0,0,0,0,0
349,2017-04-13,21:04:57,500,sn1705,XSGE,142680,142240,142680,210,29920620,12302,12282,149940,132970,141460,142360,0,142240,0,0,0,2017-04-14,75897500,142680,2,0,0,0,0,0,0,0,0,142690,2,0,0,0,0,0,0,0,0
350,2017-04-13,21:04:58,0,sn1705,XSGE,142690,142240,142690,214,30491380,12304,12282,149940,132970,141460,142360,0,142240,0,0,0,2017-04-14,75898000,142680,2,0,0,0,0,0,0,0,0,142740,1,0,0,0,0,0,0,0,0
351,2017-04-13,21:04:58,500,sn1705,XSGE,142690,142240,142690,214,30491380,12304,12282,149940,132970,141460,142360,0,142240,0,0,0,2017-04-14,75898500,142690,1,0,0,0,0,0,0,0,0,142740,1,0,0,0,0,0,0,0,0
352,2017-04-13,21:04:59,0,sn1705,XSGE,142690,142240,142690,214,30491380,12304,12282,149940,132970,141460,142360,0,142240,0,0,0,2017-04-14,75899000,142690,1,0,0,0,0,0,0,0,0,142740,1,0,0,0,0,0,0,0,0
353,2017-04-13,21:05:02,500,sn1705,XSGE,142690,142240,142690,214,30491380,12304,12282,149940,132970,141460,142360,0,142240,0,0,0,2017-04-14,75902500,142690,1,0,0,0,0,0,0,0,0,142740,1,0,0,0,0,0,0,0,0
354,2017-04-13,21:05:03,0,sn1705,XSGE,142690,142240,142690,214,30491380,12304,12282,149940,132970,141460,142360,0,142240,0,0,0,2017-04-14,75903000,142690,1,0,0,0,0,0,0,0,0,142730,2,0,0,0,0,0,0,0,0
355,2017-04-13,21:05:04,500,sn1705,XSGE,142730,142240,142730,218,31062300,12304,12282,149940,132970,141460,142360,0,142240,0,0,0,2017-04-14,75904500,142690,1,0,0,0,0,0,0,0,0,142740,1,0,0,0,0,0,0,0,0
356,2017-04-13,21:05:05,0,sn1705,XSGE,142740,142240,142740,220,31347780,12302,12282,149940,132970,141460,142360,0,142240,0,0,0,2017-04-14,75905000,142700,1,0,0,0,0,0,0,0,0,142830,1,0,0,0,0,0,0,0,0
357,2017-04-13,21:05:05,500,sn1705,XSGE,142740,142240,142740,220,31347780,12302,12282,149940,132970,141460,142360,0,142240,0,0,0,2017-04-14,75905500,142710,1,0,0,0,0,0,0,0,0,142830,1,0,0,0,0,0,0,0,0
358,2017-04-13,21:05:06,0,sn1705,XSGE,142740,142240,142740,220,31347780,12302,12282,149940,132970,141460,142360,0,142240,0,0,0,2017-04-14,75906000,142740,1,0,0,0,0,0,0,0,0,142830,1,0,0,0,0,0,0,0,0
359,2017-04-13,21:05:06,500,sn1705,XSGE,142740,142240,142740,220,31347780,12302,12282,149940,132970,141460,142360,0,142240,0,0,0,2017-04-14,75906500,142750,1,0,0,0,0,0,0,0,0,142830,1,0,0,0,0,0,0,0,0
360,2017-04-13,21:05:07,0,sn1705,XSGE,142740,142240,142740,222,31633260,12302,12282,149940,132970,141460,142360,0,142240,0,0,0,2017-04-14,75907000,142740,1,0,0,0,0,0,0,0,0,142760,6,0,0,0,0,0,0,0,0
361,2017-04-13,21:05:07,500,sn1705,XSGE,142740,142240,142740,224,31918740,12300,12282,149940,132970,141460,142360,0,142240,0,0,0,2017-04-14,75907500,142730,8,0,0,0,0,0,0,0,0,142740,2,0,0,0,0,0,0,0,0
362,2017-04-13,21:05:08,0,sn1705,XSGE,142730,142240,142740,244,34773340,12294,12282,149940,132970,141460,142360,0,142240,0,0,0,2017-04-14,75908000,142680,2,0,0,0,0,0,0,0,0,142730,3,0,0,0,0,0,0,0,0
363,2017-04-13,21:05:08,500,sn1705,XSGE,142730,142240,142740,244,34773340,12294,12282,149940,132970,141460,142360,0,142240,0,0,0,2017-04-14,75908500,142680,2,0,0,0,0,0,0,0,0,142710,2,0,0,0,0,0,0,0,0
364,2017-04-13,21:05:09,0,sn1705,XSGE,142700,142240,142740,252,35914860,12292,12282,149940,132970,141460,142360,0,142240,0,0,0,2017-04-14,75909000,142650,3,0,0,0,0,0,0,0,0,142750,1,0,0,0,0,0,0,0,0
365,2017-04-13,21:05:09,500,sn1705,XSGE,142700,142240,142740,252,35914860,12292,12282,149940,132970,141460,142360,0,142240,0,0,0,2017-04-14,75909500,142650,3,0,0,0,0,0,0,0,0,142730,2,0,0,0,0,0,0,0,0
366,2017-04-13,21:05:10,0,sn1705,XSGE,142700,142240,142740,252,35914860,12292,12282,149940,132970,141460,142360,0,142240,0,0,0,2017-04-14,75910000,142650,3,0,0,0,0,0,0,0,0,142720,1,0,0,0,0,0,0,0,0
367,2017-04-13,21:05:10,500,sn1705,XSGE,142700,142240,142740,252,35914860,12292,12282,149940,132970,141460,142360,0,142240,0,0,0,2017-04-14,75910500,142650,3,0,0,0,0,0,0,0,0,142700,2,0,0,0,0,0,0,0,0
368,2017-04-13,21:05:11,0,sn1705,XSGE,142650,142240,142740,254,36200160,12294,12282,149940,132970,141460,142360,0,142240,0,0,0,2017-04-14,75911000,142650,2,0,0,0,0,0,0,0,0,142720,1,0,0,0,0,0,0,0,0
369,2017-04-13,21:05:11,500,sn1705,XSGE,142650,142240,142740,254,36200160,12294,12282,149940,132970,141460,142360,0,142240,0,0,0,2017-04-14,75911500,142660,1,0,0,0,0,0,0,0,0,142700,2,0,0,0,0,0,0,0,0
370,2017-04-13,21:05:12,0,sn1705,XSGE,142650,142240,142740,254,36200160,12294,12282,149940,132970,141460,142360,0,142240,0,0,0,2017-04-14,75912000,142670,1,0,0,0,0,0,0,0,0,142720,1,0,0,0,0,0,0,0,0
371,2017-04-13,21:05:12,500,sn1705,XSGE,142650,142240,142740,254,36200160,12294,12282,149940,132970,141460,142360,0,142240,0,0,0,2017-04-14,75912500,142670,1,0,0,0,0,0,0,0,0,142680,6,0,0,0,0,0,0,0,0
372,2017-04-13,21:05:13,0,sn1705,XSGE,142680,142240,142740,268,38197680,12292,12282,149940,132970,141460,142360,0,142240,0,0,0,2017-04-14,75913000,142680,2,0,0,0,0,0,0,0,0,142740,2,0,0,0,0,0,0,0,0
373,2017-04-13,21:05:13,500,sn1705,XSGE,142680,142240,142740,268,38197680,12292,12282,149940,132970,141460,142360,0,142240,0,0,0,2017-04-14,75913500,142680,2,0,0,0,0,0,0,0,0,142720,2,0,0,0,0,0,0,0,0
374,2017-04-13,21:05:14,0,sn1705,XSGE,142680,142240,142740,268,38197680,12292,12282,149940,132970,141460,142360,0,142240,0,0,0,2017-04-14,75914000,142680,2,0,0,0,0,0,0,0,0,142740,2,0,0,0,0,0,0,0,0
375,2017-04-13,21:05:14,500,sn1705,XSGE,142680,142240,142740,268,38197680,12292,12282,149940,132970,141460,142360,0,142240,0,0,0,2017-04-14,75914500,142680,2,0,0,0,0,0,0,0,0,142720,2,0,0,0,0,0,0,0,0
376,2017-04-13,21:05:15,0,sn1705,XSGE,142680,142240,142740,270,38483040,12294,12282,149940,132970,141460,142360,0,142240,0,0,0,2017-04-14,75915000,142680,1,0,0,0,0,0,0,0,0,142730,1,0,0,0,0,0,0,0,0
377,2017-04-13,21:05:15,500,sn1705,XSGE,142710,142240,142740,272,38768460,12296,12282,149940,132970,141460,142360,0,142240,0,0,0,2017-04-14,75915500,142680,1,0,0,0,0,0,0,0,0,142710,1,0,0,0,0,0,0,0,0
378,2017-04-13,21:05:16,0,sn1705,XSGE,142710,142240,142740,274,39053880,12296,12282,149940,132970,141460,142360,0,142240,0,0,0,2017-04-14,75916000,142680,1,0,0,0,0,0,0,0,0,142730,1,0,0,0,0,0,0,0,0
379,2017-04-13,21:05:16,500,sn1705,XSGE,142710,142240,142740,274,39053880,12296,12282,149940,132970,141460,142360,0,142240,0,0,0,2017-04-14,75916500,142690,1,0,0,0,0,0,0,0,0,142730,2,0,0,0,0,0,0,0,0
380,2017-04-13,21:05:18,0,sn1705,XSGE,142710,142240,142740,274,39053880,12296,12282,149940,132970,141460,142360,0,142240,0,0,0,2017-04-14,75918000,142700,1,0,0,0,0,0,0,0,0,142730,2,0,0,0,0,0,0,0,0
381,2017-04-13,21:05:19,0,sn1705,XSGE,142730,142240,142740,278,39624800,12296,12282,149940,132970,141460,142360,0,142240,0,0,0,2017-04-14,75919000,142730,2,0,0,0,0,0,0,0,0,142750,1,0,0,0,0,0,0,0,0
382,2017-04-13,21:05:19,500,sn1705,XSGE,142730,142240,142740,282,40195720,12296,12282,149940,132970,141460,142360,0,142240,0,0,0,2017-04-14,75919500,142700,1,0,0,0,0,0,0,0,0,142750,1,0,0,0,0,0,0,0,0
383,2017-04-13,21:05:22,0,sn1705,XSGE,142730,142240,142740,282,40195720,12296,12282,149940,132970,141460,142360,0,142240,0,0,0,2017-04-14,75922000,142700,1,0,0,0,0,0,0,0,0,142740,1,0,0,0,0,0,0,0,0
384,2017-04-13,21:05:23,0,sn1705,XSGE,142730,142240,142740,282,40195720,12296,12282,149940,132970,141460,142360,0,142240,0,0,0,2017-04-14,75923000,142700,1,0,0,0,0,0,0,0,0,142740,1,0,0,0,0,0,0,0,0
385,2017-04-13,21:05:23,500,sn1705,XSGE,142730,142240,142740,282,40195720,12296,12282,149940,132970,141460,142360,0,142240,0,0,0,2017-04-14,75923500,142700,1,0,0,0,0,0,0,0,0,142740,1,0,0,0,0,0,0,0,0
386,2017-04-13,21:05:29,0,sn1705,XSGE,142700,142240,142740,284,40481120,12296,12282,149940,132970,141460,142360,0,142240,0,0,0,2017-04-14,75929000,142690,1,0,0,0,0,0,0,0,0,142740,1,0,0,0,0,0,0,0,0
387,2017-04-13,21:05:29,500,sn1705,XSGE,142700,142240,142740,284,40481120,12296,12282,149940,132970,141460,142360,0,142240,0,0,0,2017-04-14,75929500,142690,1,0,0,0,0,0,0,0,0,142730,1,0,0,0,0,0,0,0,0
388,2017-04-13,21:05:33,0,sn1705,XSGE,142690,142240,142740,286,40766500,12296,12282,149940,132970,141460,142360,0,142240,0,0,0,2017-04-14,75933000,142680,1,0,0,0,0,0,0,0,0,142730,1,0,0,0,0,0,0,0,0
389,2017-04-13,21:05:33,500,sn1705,XSGE,142690,142240,142740,286,40766500,12296,12282,149940,132970,141460,142360,0,142240,0,0,0,2017-04-14,75933500,142590,1,0,0,0,0,0,0,0,0,142730,1,0,0,0,0,0,0,0,0
390,2017-04-13,21:05:34,0,sn1705,XSGE,142690,142240,142740,286,40766500,12296,12282,149940,132970,141460,142360,0,142240,0,0,0,2017-04-14,75934000,142600,2,0,0,0,0,0,0,0,0,142720,1,0,0,0,0,0,0,0,0
391,2017-04-13,21:05:35,0,sn1705,XSGE,142690,142240,142740,286,40766500,12296,12282,149940,132970,141460,142360,0,142240,0,0,0,2017-04-14,75935000,142600,2,0,0,0,0,0,0,0,0,142720,1,0,0,0,0,0,0,0,0
392,2017-04-13,21:05:35,500,sn1705,XSGE,142690,142240,142740,286,40766500,12296,12282,149940,132970,141460,142360,0,142240,0,0,0,2017-04-14,75935500,142610,1,0,0,0,0,0,0,0,0,142720,1,0,0,0,0,0,0,0,0
393,2017-04-13,21:05:36,0,sn1705,XSGE,142690,142240,142740,286,40766500,12296,12282,149940,132970,141460,142360,0,142240,0,0,0,2017-04-14,75936000,142610,1,0,0,0,0,0,0,0,0,142720,1,0,0,0,0,0,0,0,0
394,2017-04-13,21:05:36,500,sn1705,XSGE,142690,142240,142740,286,40766500,12296,12282,149940,132970,141460,142360,0,142240,0,0,0,2017-04-14,75936500,142620,3,0,0,0,0,0,0,0,0,142720,1,0,0,0,0,0,0,0,0
395,2017-04-13,21:05:37,0,sn1705,XSGE,142690,142240,142740,286,40766500,12296,12282,149940,132970,141460,142360,0,142240,0,0,0,2017-04-14,75937000,142630,1,0,0,0,0,0,0,0,0,142720,1,0,0,0,0,0,0,0,0
396,2017-04-13,21:05:37,500,sn1705,XSGE,142690,142240,142740,286,40766500,12296,12282,149940,132970,141460,142360,0,142240,0,0,0,2017-04-14,75937500,142630,1,0,0,0,0,0,0,0,0,142720,1,0,0,0,0,0,0,0,0
397,2017-04-13,21:05:38,0,sn1705,XSGE,142690,142240,142740,286,40766500,12296,12282,149940,132970,141460,142360,0,142240,0,0,0,2017-04-14,75938000,142640,2,0,0,0,0,0,0,0,0,142720,1,0,0,0,0,0,0,0,0
398,2017-04-13,21:05:38,500,sn1705,XSGE,142690,142240,142740,286,40766500,12296,12282,149940,132970,141460,142360,0,142240,0,0,0,2017-04-14,75938500,142650,1,0,0,0,0,0,0,0,0,142720,1,0,0,0,0,0,0,0,0
399,2017-04-13,21:05:39,0,sn1705,XSGE,142690,142240,142740,286,40766500,12296,12282,149940,132970,141460,142360,0,142240,0,0,0,2017-04-14,75939000,142650,1,0,0,0,0,0,0,0,0,142720,1,0,0,0,0,0,0,0,0
400,2017-04-13,21:05:39,500,sn1705,XSGE,142690,142240,142740,286,40766500,12296,12282,149940,132970,141460,142360,0,142240,0,0,0,2017-04-14,75939500,142660,2,0,0,0,0,0,0,0,0,142720,1,0,0,0,0,0,0,0,0
401,2017-04-13,21:05:40,0,sn1705,XSGE,142690,142240,142740,286,40766500,12296,12282,149940,132970,141460,142360,0,142240,0,0,0,2017-04-14,75940000,142660,2,0,0,0,0,0,0,0,0,142710,1,0,0,0,0,0,0,0,0
402,2017-04-13,21:05:40,500,sn1705,XSGE,142690,142240,142740,286,40766500,12296,12282,149940,132970,141460,142360,0,142240,0,0,0,2017-04-14,75940500,142660,2,0,0,0,0,0,0,0,0,142710,1,0,0,0,0,0,0,0,0
403,2017-04-13,21:05:41,0,sn1705,XSGE,142690,142240,142740,286,40766500,12296,12282,149940,132970,141460,142360,0,142240,0,0,0,2017-04-14,75941000,142660,2,0,0,0,0,0,0,0,0,142710,1,0,0,0,0,0,0,0,0
404,2017-04-13,21:05:42,0,sn1705,XSGE,142690,142240,142740,286,40766500,12296,12282,149940,132970,141460,142360,0,142240,0,0,0,2017-04-14,75942000,142660,2,0,0,0,0,0,0,0,0,142710,1,0,0,0,0,0,0,0,0
405,2017-04-13,21:05:42,500,sn1705,XSGE,142690,142240,142740,286,40766500,12296,12282,149940,132970,141460,142360,0,142240,0,0,0,2017-04-14,75942500,142670,1,0,0,0,0,0,0,0,0,142710,1,0,0,0,0,0,0,0,0
406,2017-04-13,21:05:43,0,sn1705,XSGE,142690,142240,142740,286,40766500,12296,12282,149940,132970,141460,142360,0,142240,0,0,0,2017-04-14,75943000,142670,1,0,0,0,0,0,0,0,0,142710,1,0,0,0,0,0,0,0,0
407,2017-04-13,21:05:43,500,sn1705,XSGE,142710,142240,142740,288,41051920,12296,12282,149940,132970,141460,142360,0,142240,0,0,0,2017-04-14,75943500,142670,1,0,0,0,0,0,0,0,0,142750,1,0,0,0,0,0,0,0,0
408,2017-04-13,21:05:44,0,sn1705,XSGE,142710,142240,142740,288,41051920,12296,12282,149940,132970,141460,142360,0,142240,0,0,0,2017-04-14,75944000,142680,3,0,0,0,0,0,0,0,0,142750,1,0,0,0,0,0,0,0,0
409,2017-04-13,21:05:44,500,sn1705,XSGE,142710,142240,142740,288,41051920,12296,12282,149940,132970,141460,142360,0,142240,0,0,0,2017-04-14,75944500,142680,3,0,0,0,0,0,0,0,0,142740,1,0,0,0,0,0,0,0,0
410,2017-04-13,21:05:45,0,sn1705,XSGE,142710,142240,142740,288,41051920,12296,12282,149940,132970,141460,142360,0,142240,0,0,0,2017-04-14,75945000,142690,1,0,0,0,0,0,0,0,0,142740,1,0,0,0,0,0,0,0,0
411,2017-04-13,21:05:45,500,sn1705,XSGE,142710,142240,142740,288,41051920,12296,12282,149940,132970,141460,142360,0,142240,0,0,0,2017-04-14,75945500,142690,1,0,0,0,0,0,0,0,0,142740,1,0,0,0,0,0,0,0,0
412,2017-04-13,21:05:46,0,sn1705,XSGE,142710,142240,142740,288,41051920,12296,12282,149940,132970,141460,142360,0,142240,0,0,0,2017-04-14,75946000,142700,3,0,0,0,0,0,0,0,0,142740,1,0,0,0,0,0,0,0,0
413,2017-04-13,21:05:46,500,sn1705,XSGE,142740,142240,142740,290,41337400,12296,12282,149940,132970,141460,142360,0,142240,0,0,0,2017-04-14,75946500,142710,2,0,0,0,0,0,0,0,0,142750,1,0,0,0,0,0,0,0,0
414,2017-04-13,21:05:47,0,sn1705,XSGE,142750,142240,142750,292,41622900,12296,12282,149940,132970,141460,142360,0,142240,0,0,0,2017-04-14,75947000,142710,2,0,0,0,0,0,0,0,0,142920,1,0,0,0,0,0,0,0,0
415,2017-04-13,21:05:47,500,sn1705,XSGE,142750,142240,142750,292,41622900,12296,12282,149940,132970,141460,142360,0,142240,0,0,0,2017-04-14,75947500,142730,1,0,0,0,0,0,0,0,0,142880,1,0,0,0,0,0,0,0,0
416,2017-04-13,21:05:48,0,sn1705,XSGE,142870,142240,142870,294,41908640,12296,12282,149940,132970,141460,142360,0,142240,0,0,0,2017-04-14,75948000,142740,1,0,0,0,0,0,0,0,0,142880,1,0,0,0,0,0,0,0,0
417,2017-04-13,21:05:48,500,sn1705,XSGE,142870,142240,142870,296,42194380,12294,12282,149940,132970,141460,142360,0,142240,0,0,0,2017-04-14,75948500,142750,8,0,0,0,0,0,0,0,0,142870,1,0,0,0,0,0,0,0,0
418,2017-04-13,21:05:49,0,sn1705,XSGE,142870,142240,142870,298,42480120,12296,12282,149940,132970,141460,142360,0,142240,0,0,0,2017-04-14,75949000,142760,2,0,0,0,0,0,0,0,0,142880,1,0,0,0,0,0,0,0,0
419,2017-04-13,21:05:49,500,sn1705,XSGE,142870,142240,142870,298,42480120,12296,12282,149940,132970,141460,142360,0,142240,0,0,0,2017-04-14,75949500,142770,3,0,0,0,0,0,0,0,0,142920,1,0,0,0,0,0,0,0,0
420,2017-04-13,21:05:50,0,sn1705,XSGE,142870,142240,142870,298,42480120,12296,12282,149940,132970,141460,142360,0,142240,0,0,0,2017-04-14,75950000,142780,6,0,0,0,0,0,0,0,0,142860,1,0,0,0,0,0,0,0,0
421,2017-04-13,21:05:50,500,sn1705,XSGE,142870,142240,142870,298,42480120,12296,12282,149940,132970,141460,142360,0,142240,0,0,0,2017-04-14,75950500,142790,1,0,0,0,0,0,0,0,0,142860,1,0,0,0,0,0,0,0,0
422,2017-04-13,21:05:51,0,sn1705,XSGE,142870,142240,142870,298,42480120,12296,12282,149940,132970,141460,142360,0,142240,0,0,0,2017-04-14,75951000,142810,4,0,0,0,0,0,0,0,0,142860,1,0,0,0,0,0,0,0,0
423,2017-04-13,21:05:51,500,sn1705,XSGE,142860,142240,142870,300,42765840,12298,12282,149940,132970,141460,142360,0,142240,0,0,0,2017-04-14,75951500,142910,1,0,0,0,0,0,0,0,0,142920,1,0,0,0,0,0,0,0,0
424,2017-04-13,21:05:52,0,sn1705,XSGE,142910,142240,142920,304,43337500,12298,12282,149940,132970,141460,142360,0,142240,0,0,0,2017-04-14,75952000,142800,1,0,0,0,0,0,0,0,0,142870,1,0,0,0,0,0,0,0,0
425,2017-04-13,21:05:52,500,sn1705,XSGE,142810,142240,142920,312,44480180,12298,12282,149940,132970,141460,142360,0,142240,0,0,0,2017-04-14,75952500,142810,7,0,0,0,0,0,0,0,0,142910,2,0,0,0,0,0,0,0,0
426,2017-04-13,21:05:53,0,sn1705,XSGE,142810,142240,142920,312,44480180,12298,12282,149940,132970,141460,142360,0,142240,0,0,0,2017-04-14,75953000,142820,1,0,0,0,0,0,0,0,0,142910,2,0,0,0,0,0,0,0,0
427,2017-04-13,21:05:53,500,sn1705,XSGE,142810,142240,142920,312,44480180,12298,12282,149940,132970,141460,142360,0,142240,0,0,0,2017-04-14,75953500,142820,1,0,0,0,0,0,0,0,0,142910,2,0,0,0,0,0,0,0,0
428,2017-04-13,21:05:54,0,sn1705,XSGE,142910,142240,142920,318,45337620,12300,12282,149940,132970,141460,142360,0,142240,0,0,0,2017-04-14,75954000,142820,2,0,0,0,0,0,0,0,0,142950,1,0,0,0,0,0,0,0,0
429,2017-04-13,21:05:54,500,sn1705,XSGE,142910,142240,142920,318,45337620,12300,12282,149940,132970,141460,142360,0,142240,0,0,0,2017-04-14,75954500,142830,1,0,0,0,0,0,0,0,0,142950,1,0,0,0,0,0,0,0,0
430,2017-04-13,21:05:55,0,sn1705,XSGE,142840,142240,142920,320,45623300,12302,12282,149940,132970,141460,142360,0,142240,0,0,0,2017-04-14,75955000,142840,2,0,0,0,0,0,0,0,0,142950,1,0,0,0,0,0,0,0,0
431,2017-04-13,21:05:55,500,sn1705,XSGE,142840,142240,142920,320,45623300,12302,12282,149940,132970,141460,142360,0,142240,0,0,0,2017-04-14,75955500,142850,1,0,0,0,0,0,0,0,0,142950,1,0,0,0,0,0,0,0,0
432,2017-04-13,21:05:56,0,sn1705,XSGE,142840,142240,142920,320,45623300,12302,12282,149940,132970,141460,142360,0,142240,0,0,0,2017-04-14,75956000,142860,2,0,0,0,0,0,0,0,0,142950,1,0,0,0,0,0,0,0,0
433,2017-04-13,21:05:56,500,sn1705,XSGE,142840,142240,142920,320,45623300,12302,12282,149940,132970,141460,142360,0,142240,0,0,0,2017-04-14,75956500,142860,2,0,0,0,0,0,0,0,0,142950,1,0,0,0,0,0,0,0,0
434,2017-04-13,21:05:57,0,sn1705,XSGE,142950,142240,142950,324,46195000,12302,12282,149940,132970,141460,142360,0,142240,0,0,0,2017-04-14,75957000,142860,2,0,0,0,0,0,0,0,0,142990,2,0,0,0,0,0,0,0,0
435,2017-04-13,21:05:57,500,sn1705,XSGE,142860,142240,142950,326,46480720,12302,12282,149940,132970,141460,142360,0,142240,0,0,0,2017-04-14,75957500,142860,1,0,0,0,0,0,0,0,0,142980,1,0,0,0,0,0,0,0,0
436,2017-04-13,21:05:58,0,sn1705,XSGE,142860,142240,142950,326,46480720,12302,12282,149940,132970,141460,142360,0,142240,0,0,0,2017-04-14,75958000,142870,1,0,0,0,0,0,0,0,0,142980,1,0,0,0,0,0,0,0,0
437,2017-04-13,21:05:58,500,sn1705,XSGE,142860,142240,142950,326,46480720,12302,12282,149940,132970,141460,142360,0,142240,0,0,0,2017-04-14,75958500,142880,1,0,0,0,0,0,0,0,0,142980,1,0,0,0,0,0,0,0,0
438,2017-04-13,21:05:59,0,sn1705,XSGE,142860,142240,142950,326,46480720,12302,12282,149940,132970,141460,142360,0,142240,0,0,0,2017-04-14,75959000,142890,1,0,0,0,0,0,0,0,0,142980,1,0,0,0,0,0,0,0,0
439,2017-04-13,21:05:59,500,sn1705,XSGE,142900,142240,142950,328,46766520,12302,12282,149940,132970,141460,142360,0,142240,0,0,0,2017-04-14,75959500,142890,1,0,0,0,0,0,0,0,0,142900,5,0,0,0,0,0,0,0,0
440,2017-04-13,21:06:00,0,sn1705,XSGE,142900,142240,142950,342,48767080,12312,12282,149940,132970,141460,142360,0,142240,0,0,0,2017-04-14,75960000,142890,1,0,0,0,0,0,0,0,0,142950,1,0,0,0,0,0,0,0,0
441,2017-04-13,21:06:00,500,sn1705,XSGE,142900,142240,142950,342,48767080,12312,12282,149940,132970,141460,142360,0,142240,0,0,0,2017-04-14,75960500,142890,1,0,0,0,0,0,0,0,0,142940,1,0,0,0,0,0,0,0,0
442,2017-04-13,21:06:01,0,sn1705,XSGE,142940,142240,142950,344,49052960,12312,12282,149940,132970,141460,142360,0,142240,0,0,0,2017-04-14,75961000,142900,1,0,0,0,0,0,0,0,0,142950,1,0,0,0,0,0,0,0,0
443,2017-04-13,21:06:02,0,sn1705,XSGE,142900,142240,142950,346,49338760,12312,12282,149940,132970,141460,142360,0,142240,0,0,0,2017-04-14,75962000,142650,4,0,0,0,0,0,0,0,0,142950,1,0,0,0,0,0,0,0,0
444,2017-04-13,21:06:02,500,sn1705,XSGE,142930,142240,142950,348,49624620,12314,12282,149940,132970,141460,142360,0,142240,0,0,0,2017-04-14,75962500,142720,1,0,0,0,0,0,0,0,0,142930,2,0,0,0,0,0,0,0,0
445,2017-04-13,21:06:03,0,sn1705,XSGE,142930,142240,142950,348,49624620,12314,12282,149940,132970,141460,142360,0,142240,0,0,0,2017-04-14,75963000,142740,1,0,0,0,0,0,0,0,0,142930,2,0,0,0,0,0,0,0,0
446,2017-04-13,21:06:03,500,sn1705,XSGE,142930,142240,142950,348,49624620,12314,12282,149940,132970,141460,142360,0,142240,0,0,0,2017-04-14,75963500,142760,1,0,0,0,0,0,0,0,0,142940,2,0,0,0,0,0,0,0,0
447,2017-04-13,21:06:04,0,sn1705,XSGE,142930,142240,142950,348,49624620,12314,12282,149940,132970,141460,142360,0,142240,0,0,0,2017-04-14,75964000,142780,1,0,0,0,0,0,0,0,0,142940,1,0,0,0,0,0,0,0,0
448,2017-04-13,21:06:04,500,sn1705,XSGE,142930,142240,142950,348,49624620,12314,12282,149940,132970,141460,142360,0,142240,0,0,0,2017-04-14,75964500,142800,2,0,0,0,0,0,0,0,0,142930,1,0,0,0,0,0,0,0,0
449,2017-04-13,21:06:05,0,sn1705,XSGE,142930,142240,142950,348,49624620,12314,12282,149940,132970,141460,142360,0,142240,0,0,0,2017-04-14,75965000,142820,1,0,0,0,0,0,0,0,0,142900,1,0,0,0,0,0,0,0,0
450,2017-04-13,21:06:05,500,sn1705,XSGE,142830,142240,142950,374,53338380,12310,12282,149940,132970,141460,142360,0,142240,0,0,0,2017-04-14,75965500,142820,1,0,0,0,0,0,0,0,0,142930,1,0,0,0,0,0,0,0,0
451,2017-04-13,21:06:06,0,sn1705,XSGE,142920,142240,142950,376,53624220,12310,12282,149940,132970,141460,142360,0,142240,0,0,0,2017-04-14,75966000,142830,1,0,0,0,0,0,0,0,0,142920,2,0,0,0,0,0,0,0,0
452,2017-04-13,21:06:06,500,sn1705,XSGE,142920,142240,142950,376,53624220,12310,12282,149940,132970,141460,142360,0,142240,0,0,0,2017-04-14,75966500,142850,1,0,0,0,0,0,0,0,0,142920,3,0,0,0,0,0,0,0,0
453,2017-04-13,21:06:07,0,sn1705,XSGE,142920,142240,142950,376,53624220,12310,12282,149940,132970,141460,142360,0,142240,0,0,0,2017-04-14,75967000,142860,1,0,0,0,0,0,0,0,0,142900,1,0,0,0,0,0,0,0,0
454,2017-04-13,21:06:07,500,sn1705,XSGE,142920,142240,142950,376,53624220,12310,12282,149940,132970,141460,142360,0,142240,0,0,0,2017-04-14,75967500,142880,1,0,0,0,0,0,0,0,0,142900,1,0,0,0,0,0,0,0,0
455,2017-04-13,21:06:08,0,sn1705,XSGE,142880,142240,142950,380,54195780,12310,12282,149940,132970,141460,142360,0,142240,0,0,0,2017-04-14,75968000,142910,3,0,0,0,0,0,0,0,0,142920,2,0,0,0,0,0,0,0,0
456,2017-04-13,21:06:08,500,sn1705,XSGE,142920,142240,142950,386,55053280,12312,12282,149940,132970,141460,142360,0,142240,0,0,0,2017-04-14,75968500,142910,2,0,0,0,0,0,0,0,0,142950,1,0,0,0,0,0,0,0,0
457,2017-04-13,21:06:09,500,sn1705,XSGE,142920,142240,142950,386,55053280,12312,12282,149940,132970,141460,142360,0,142240,0,0,0,2017-04-14,75969500,142910,2,0,0,0,0,0,0,0,0,142990,3,0,0,0,0,0,0,0,0
458,2017-04-13,21:06:10,0,sn1705,XSGE,142920,142240,142950,386,55053280,12312,12282,149940,132970,141460,142360,0,142240,0,0,0,2017-04-14,75970000,142920,1,0,0,0,0,0,0,0,0,142940,1,0,0,0,0,0,0,0,0
459,2017-04-13,21:06:10,500,sn1705,XSGE,142920,142240,142950,386,55053280,12312,12282,149940,132970,141460,142360,0,142240,0,0,0,2017-04-14,75970500,142750,1,0,0,0,0,0,0,0,0,142980,1,0,0,0,0,0,0,0,0
460,2017-04-13,21:06:11,0,sn1705,XSGE,142920,142240,142950,386,55053280,12312,12282,149940,132970,141460,142360,0,142240,0,0,0,2017-04-14,75971000,142800,1,0,0,0,0,0,0,0,0,142970,3,0,0,0,0,0,0,0,0
461,2017-04-13,21:06:11,500,sn1705,XSGE,142920,142240,142950,386,55053280,12312,12282,149940,132970,141460,142360,0,142240,0,0,0,2017-04-14,75971500,142820,1,0,0,0,0,0,0,0,0,142970,3,0,0,0,0,0,0,0,0
462,2017-04-13,21:06:12,0,sn1705,XSGE,142920,142240,142950,386,55053280,12312,12282,149940,132970,141460,142360,0,142240,0,0,0,2017-04-14,75972000,142940,1,0,0,0,0,0,0,0,0,142960,1,0,0,0,0,0,0,0,0
463,2017-04-13,21:06:12,500,sn1705,XSGE,142930,142240,142950,388,55339140,12310,12282,149940,132970,141460,142360,0,142240,0,0,0,2017-04-14,75972500,142830,2,0,0,0,0,0,0,0,0,142950,2,0,0,0,0,0,0,0,0
464,2017-04-13,21:06:13,0,sn1705,XSGE,142930,142240,142950,388,55339140,12310,12282,149940,132970,141460,142360,0,142240,0,0,0,2017-04-14,75973000,142830,1,0,0,0,0,0,0,0,0,142940,2,0,0,0,0,0,0,0,0
465,2017-04-13,21:06:13,500,sn1705,XSGE,142930,142240,142950,388,55339140,12310,12282,149940,132970,141460,142360,0,142240,0,0,0,2017-04-14,75973500,142810,1,0,0,0,0,0,0,0,0,142940,2,0,0,0,0,0,0,0,0
466,2017-04-13,21:06:14,0,sn1705,XSGE,142940,142240,142950,390,55625020,12310,12282,149940,132970,141460,142360,0,142240,0,0,0,2017-04-14,75974000,142840,1,0,0,0,0,0,0,0,0,142940,1,0,0,0,0,0,0,0,0
467,2017-04-13,21:06:14,500,sn1705,XSGE,142940,142240,142950,392,55910900,12312,12282,149940,132970,141460,142360,0,142240,0,0,0,2017-04-14,75974500,142850,1,0,0,0,0,0,0,0,0,142970,1,0,0,0,0,0,0,0,0
468,2017-04-13,21:06:15,0,sn1705,XSGE,142940,142240,142950,392,55910900,12312,12282,149940,132970,141460,142360,0,142240,0,0,0,2017-04-14,75975000,142870,2,0,0,0,0,0,0,0,0,142950,1,0,0,0,0,0,0,0,0
469,2017-04-13,21:06:15,500,sn1705,XSGE,142940,142240,142950,392,55910900,12312,12282,149940,132970,141460,142360,0,142240,0,0,0,2017-04-14,75975500,142880,1,0,0,0,0,0,0,0,0,142950,1,0,0,0,0,0,0,0,0
470,2017-04-13,21:06:16,500,sn1705,XSGE,142940,142240,142950,394,56196780,12312,12282,149940,132970,141460,142360,0,142240,0,0,0,2017-04-14,75976500,142880,1,0,0,0,0,0,0,0,0,142950,1,0,0,0,0,0,0,0,0
471,2017-04-13,21:06:17,0,sn1705,XSGE,142940,142240,142950,394,56196780,12312,12282,149940,132970,141460,142360,0,142240,0,0,0,2017-04-14,75977000,142880,1,0,0,0,0,0,0,0,0,142940,1,0,0,0,0,0,0,0,0
472,2017-04-13,21:06:19,0,sn1705,XSGE,142940,142240,142950,394,56196780,12312,12282,149940,132970,141460,142360,0,142240,0,0,0,2017-04-14,75979000,142880,1,0,0,0,0,0,0,0,0,142940,1,0,0,0,0,0,0,0,0
473,2017-04-13,21:06:19,500,sn1705,XSGE,142940,142240,142950,394,56196780,12312,12282,149940,132970,141460,142360,0,142240,0,0,0,2017-04-14,75979500,142900,2,0,0,0,0,0,0,0,0,142940,1,0,0,0,0,0,0,0,0
474,2017-04-13,21:06:20,0,sn1705,XSGE,142940,142240,142950,394,56196780,12312,12282,149940,132970,141460,142360,0,142240,0,0,0,2017-04-14,75980000,142880,1,0,0,0,0,0,0,0,0,142940,1,0,0,0,0,0,0,0,0
475,2017-04-13,21:06:20,500,sn1705,XSGE,142940,142240,142950,394,56196780,12312,12282,149940,132970,141460,142360,0,142240,0,0,0,2017-04-14,75980500,142900,2,0,0,0,0,0,0,0,0,142940,1,0,0,0,0,0,0,0,0
476,2017-04-13,21:06:21,0,sn1705,XSGE,142940,142240,142950,394,56196780,12312,12282,149940,132970,141460,142360,0,142240,0,0,0,2017-04-14,75981000,142880,1,0,0,0,0,0,0,0,0,142940,1,0,0,0,0,0,0,0,0
477,2017-04-13,21:06:21,500,sn1705,XSGE,142940,142240,142950,394,56196780,12312,12282,149940,132970,141460,142360,0,142240,0,0,0,2017-04-14,75981500,142900,2,0,0,0,0,0,0,0,0,142940,1,0,0,0,0,0,0,0,0
478,2017-04-13,21:06:22,0,sn1705,XSGE,142940,142240,142950,394,56196780,12312,12282,149940,132970,141460,142360,0,142240,0,0,0,2017-04-14,75982000,142880,1,0,0,0,0,0,0,0,0,142940,1,0,0,0,0,0,0,0,0
479,2017-04-13,21:06:22,500,sn1705,XSGE,142940,142240,142950,394,56196780,12312,12282,149940,132970,141460,142360,0,142240,0,0,0,2017-04-14,75982500,142900,2,0,0,0,0,0,0,0,0,142940,1,0,0,0,0,0,0,0,0
480,2017-04-13,21:06:23,0,sn1705,XSGE,142940,142240,142950,394,56196780,12312,12282,149940,132970,141460,142360,0,142240,0,0,0,2017-04-14,75983000,142880,1,0,0,0,0,0,0,0,0,142940,1,0,0,0,0,0,0,0,0
481,2017-04-13,21:06:24,0,sn1705,XSGE,142940,142240,142950,394,56196780,12312,12282,149940,132970,141460,142360,0,142240,0,0,0,2017-04-14,75984000,142890,1,0,0,0,0,0,0,0,0,142940,1,0,0,0,0,0,0,0,0
482,2017-04-13,21:06:24,500,sn1705,XSGE,142940,142240,142950,394,56196780,12312,12282,149940,132970,141460,142360,0,142240,0,0,0,2017-04-14,75984500,142900,1,0,0,0,0,0,0,0,0,142940,1,0,0,0,0,0,0,0,0
483,2017-04-13,21:06:25,0,sn1705,XSGE,142940,142240,142950,394,56196780,12312,12282,149940,132970,141460,142360,0,142240,0,0,0,2017-04-14,75985000,142920,2,0,0,0,0,0,0,0,0,142940,1,0,0,0,0,0,0,0,0
484,2017-04-13,21:06:25,500,sn1705,XSGE,142940,142240,142950,394,56196780,12312,12282,149940,132970,141460,142360,0,142240,0,0,0,2017-04-14,75985500,142900,1,0,0,0,0,0,0,0,0,142940,1,0,0,0,0,0,0,0,0
485,2017-04-13,21:06:26,0,sn1705,XSGE,142940,142240,142950,394,56196780,12312,12282,149940,132970,141460,142360,0,142240,0,0,0,2017-04-14,75986000,142900,1,0,0,0,0,0,0,0,0,142940,1,0,0,0,0,0,0,0,0
486,2017-04-13,21:06:26,500,sn1705,XSGE,142900,142240,142950,396,56482580,12310,12282,149940,132970,141460,142360,0,142240,0,0,0,2017-04-14,75986500,142900,2,0,0,0,0,0,0,0,0,142920,1,0,0,0,0,0,0,0,0
487,2017-04-13,21:06:27,0,sn1705,XSGE,142900,142240,142950,396,56482580,12310,12282,149940,132970,141460,142360,0,142240,0,0,0,2017-04-14,75987000,142900,2,0,0,0,0,0,0,0,0,142920,1,0,0,0,0,0,0,0,0
488,2017-04-13,21:06:28,0,sn1705,XSGE,142900,142240,142950,396,56482580,12310,12282,149940,132970,141460,142360,0,142240,0,0,0,2017-04-14,75988000,142900,2,0,0,0,0,0,0,0,0,142920,1,0,0,0,0,0,0,0,0
489,2017-04-13,21:06:32,500,sn1705,XSGE,142900,142240,142950,400,57054180,12310,12282,149940,132970,141460,142360,0,142240,0,0,0,2017-04-14,75992500,142750,1,0,0,0,0,0,0,0,0,142920,1,0,0,0,0,0,0,0,0
490,2017-04-13,21:06:33,0,sn1705,XSGE,142900,142240,142950,400,57054180,12310,12282,149940,132970,141460,142360,0,142240,0,0,0,2017-04-14,75993000,142780,1,0,0,0,0,0,0,0,0,142900,1,0,0,0,0,0,0,0,0
491,2017-04-13,21:06:33,500,sn1705,XSGE,142900,142240,142950,400,57054180,12310,12282,149940,132970,141460,142360,0,142240,0,0,0,2017-04-14,75993500,142750,1,0,0,0,0,0,0,0,0,142910,2,0,0,0,0,0,0,0,0
492,2017-04-13,21:06:34,0,sn1705,XSGE,142900,142240,142950,400,57054180,12310,12282,149940,132970,141460,142360,0,142240,0,0,0,2017-04-14,75994000,142760,1,0,0,0,0,0,0,0,0,142890,2,0,0,0,0,0,0,0,0
493,2017-04-13,21:06:34,500,sn1705,XSGE,142900,142240,142950,400,57054180,12310,12282,149940,132970,141460,142360,0,142240,0,0,0,2017-04-14,75994500,142760,1,0,0,0,0,0,0,0,0,142910,1,0,0,0,0,0,0,0,0
494,2017-04-13,21:06:35,0,sn1705,XSGE,142900,142240,142950,400,57054180,12310,12282,149940,132970,141460,142360,0,142240,0,0,0,2017-04-14,75995000,142770,1,0,0,0,0,0,0,0,0,142890,2,0,0,0,0,0,0,0,0
495,2017-04-13,21:06:35,500,sn1705,XSGE,142900,142240,142950,400,57054180,12310,12282,149940,132970,141460,142360,0,142240,0,0,0,2017-04-14,75995500,142770,1,0,0,0,0,0,0,0,0,142900,3,0,0,0,0,0,0,0,0
496,2017-04-13,21:06:36,0,sn1705,XSGE,142900,142240,142950,400,57054180,12310,12282,149940,132970,141460,142360,0,142240,0,0,0,2017-04-14,75996000,142770,1,0,0,0,0,0,0,0,0,142880,2,0,0,0,0,0,0,0,0
497,2017-04-13,21:06:36,500,sn1705,XSGE,142900,142240,142950,400,57054180,12310,12282,149940,132970,141460,142360,0,142240,0,0,0,2017-04-14,75996500,142770,1,0,0,0,0,0,0,0,0,142870,1,0,0,0,0,0,0,0,0
498,2017-04-13,21:06:37,0,sn1705,XSGE,142900,142240,142950,400,57054180,12310,12282,149940,132970,141460,142360,0,142240,0,0,0,2017-04-14,75997000,142770,1,0,0,0,0,0,0,0,0,142850,2,0,0,0,0,0,0,0,0
499,2017-04-13,21:06:37,500,sn1705,XSGE,142900,142240,142950,400,57054180,12310,12282,149940,132970,141460,142360,0,142240,0,0,0,2017-04-14,75997500,142770,1,0,0,0,0,0,0,0,0,142840,1,0,0,0,0,0,0,0,0
500,2017-04-13,21:06:38,0,sn1705,XSGE,142900,142240,142950,400,57054180,12310,12282,149940,132970,141460,142360,0,142240,0,0,0,2017-04-14,75998000,142770,1,0,0,0,0,0,0,0,0,142840,1,0,0,0,0,0,0,0,0
501,2017-04-13,21:06:39,0,sn1705,XSGE,142770,142240,142950,402,57339720,12312,12282,149940,132970,141460,142360,0,142240,0,0,0,2017-04-14,75999000,142750,1,0,0,0,0,0,0,0,0,142840,1,0,0,0,0,0,0,0,0
502,2017-04-13,21:06:41,0,sn1705,XSGE,142770,142240,142950,402,57339720,12312,12282,149940,132970,141460,142360,0,142240,0,0,0,2017-04-14,76001000,142750,1,0,0,0,0,0,0,0,0,142770,1,0,0,0,0,0,0,0,0
503,2017-04-13,21:06:41,500,sn1705,XSGE,142770,142240,142950,406,57910800,12312,12282,149940,132970,141460,142360,0,142240,0,0,0,2017-04-14,76001500,142770,3,0,0,0,0,0,0,0,0,142840,1,0,0,0,0,0,0,0,0
