,dataDate,dataTime,dataMillisec,instrumentID,exchangeCD,lastPrice,lowPrice,highPrice,volume,value,openInterest,preOpenInterest,upperLimitPrice,lowerLimitPrice,preSettlementPrice,prevClosePrice,settlementPrice,openPrice,closePrice,preDelta,currDelta,clearingDay,milliSecOffset,bidPrice1,bidVolume1,bidPrice2,bidVolume2,bidPrice3,bidVolume3,bidPrice4,bidVolume4,bidPrice5,bidVolume5,askPrice1,askVolume1,askPrice2,askVolume2,askPrice3,askVolume3,askPrice4,askVolume4,askPrice5,askVolume5
0,2017-04-14,00:00:00,0,TF1706,CCFX,99.05,0.0,0.0,0,0,18906,18906,0.0,0.0,98.99,99.05,0.0,0.0,0.0,0,0,2017-04-14,0,0.0,0,0,0,0,0,0,0,0,0,0.0,0,0,0,0,0,0,0,0,0
1,2017-04-14,07:02:46,400,TF1706,CCFX,99.05,0.0,0.0,0,0,18906,18906,100.175,97.805,98.99,99.05,0.0,0.0,0.0,0,0,2017-04-14,25366400,0.0,0,0,0,0,0,0,0,0,0,0.0,0,0,0,0,0,0,0,0,0
2,2017-04-14,09:14:00,400,TF1706,CCFX,99.05,99.05,99.05,1,990500,18906,18906,100.175,97.805,98.99,99.05,0.0,99.05,0.0,0,0,2017-04-14,33240400,99.005,10,0,0,0,0,0,0,0,0,99.07,1,0,0,0,0,0,0,0,0
3,2017-04-14,09:15:00,400,TF1706,CCFX,99.05,99.05,99.07,3,2971700,18907,18906,100.175,97.805,98.99,99.05,0.0,99.05,0.0,0,0,2017-04-14,33300400,99.005,11,0,0,0,0,0,0,0,0,99.05,2,0,0,0,0,0,0,0,0
4,2017-04-14,09:15:00,900,TF1706,CCFX,99.05,99.05,99.07,3,2971700,18907,18906,100.175,97.805,98.99,99.05,0.0,99.05,0.0,0,0,2017-04-14,33300900,99.02,3,0,0,0,0,0,0,0,0,99.05,2,0,0,0,0,0,0,0,0
5,2017-04-14,09:15:01,400,TF1706,CCFX,99.05,99.05,99.07,3,2971700,18907,18906,100.175,97.805,98.99,99.05,0.0,99.05,0.0,0,0,2017-04-14,33301400,99.025,1,0,0,0,0,0,0,0,0,99.045,1,0,0,0,0,0,0,0,0
6,2017-04-14,09:15:01,900,TF1706,CCFX,99.045,99.045,99.07,4,3962150,18908,18906,100.175,97.805,98.99,99.05,0.0,99.05,0.0,0,0,2017-04-14,33301900,99.03,2,0,0,0,0,0,0,0,0,99.045,2,0,0,0,0,0,0,0,0
7,2017-04-14,09:15:02,400,TF1706,CCFX,99.025,99.025,99.07,17,16836300,18905,18906,100.175,97.805,98.99,99.05,0.0,99.05,0.0,0,0,2017-04-14,33302400,99.045,1,0,0,0,0,0,0,0,0,99.065,1,0,0,0,0,0,0,0,0
8,2017-04-14,09:15:02,900,TF1706,CCFX,99.025,99.025,99.07,17,16836300,18905,18906,100.175,97.805,98.99,99.05,0.0,99.05,0.0,0,0,2017-04-14,33302900,99.045,1,0,0,0,0,0,0,0,0,99.05,1,0,0,0,0,0,0,0,0
9,2017-04-14,09:15:03,400,TF1706,CCFX,99.045,99.025,99.07,18,17826750,18906,18906,100.175,97.805,98.99,99.05,0.0,99.05,0.0,0,0,2017-04-14,33303400,99.03,1,0,0,0,0,0,0,0,0,99.045,2,0,0,0,0,0,0,0,0
10,2017-04-14,09:15:03,900,TF1706,CCFX,99.045,99.025,99.07,18,17826750,18906,18906,100.175,97.805,98.99,99.05,0.0,99.05,0.0,0,0,2017-04-14,33303900,99.035,1,0,0,0,0,0,0,0,0,99.04,1,0,0,0,0,0,0,0,0
11,2017-04-14,09:15:04,400,TF1706,CCFX,99.045,99.025,99.07,18,17826750,18906,18906,100.175,97.805,98.99,99.05,0.0,99.05,0.0,0,0,2017-04-14,33304400,99.035,1,0,0,0,0,0,0,0,0,99.04,1,0,0,0,0,0,0,0,0
12,2017-04-14,09:15:04,900,TF1706,CCFX,99.035,99.025,99.07,19,18817100,18906,18906,100.175,97.805,98.99,99.05,0.0,99.05,0.0,0,0,2017-04-14,33304900,99.03,5,0,0,0,0,0,0,0,0,99.04,1,0,0,0,0,0,0,0,0
13,2017-04-14,09:15:05,400,TF1706,CCFX,99.04,99.025,99.07,22,21788100,18905,18906,100.175,97.805,98.99,99.05,0.0,99.05,0.0,0,0,2017-04-14,33305400,99.04,3,0,0,0,0,0,0,0,0,99.05,1,0,0,0,0,0,0,0,0
14,2017-04-14,09:15:05,900,TF1706,CCFX,99.04,99.025,99.07,25,24759300,18908,18906,100.175,97.805,98.99,99.05,0.0,99.05,0.0,0,0,2017-04-14,33305900,99.01,1,0,0,0,0,0,0,0,0,99.035,1,0,0,0,0,0,0,0,0
15,2017-04-14,09:15:06,400,TF1706,CCFX,99.04,99.025,99.07,25,24759300,18908,18906,100.175,97.805,98.99,99.05,0.0,99.05,0.0,0,0,2017-04-14,33306400,99.015,1,0,0,0,0,0,0,0,0,99.03,1,0,0,0,0,0,0,0,0
16,2017-04-14,09:15:06,900,TF1706,CCFX,99.04,99.025,99.07,25,24759300,18908,18906,100.175,97.805,98.99,99.05,0.0,99.05,0.0,0,0,2017-04-14,33306900,99.01,6,0,0,0,0,0,0,0,0,99.025,1,0,0,0,0,0,0,0,0
17,2017-04-14,09:15:07,400,TF1706,CCFX,99.04,99.025,99.07,25,24759300,18908,18906,100.175,97.805,98.99,99.05,0.0,99.05,0.0,0,0,2017-04-14,33307400,99.01,6,0,0,0,0,0,0,0,0,99.025,1,0,0,0,0,0,0,0,0
18,2017-04-14,09:15:07,900,TF1706,CCFX,99.04,99.025,99.07,25,24759300,18908,18906,100.175,97.805,98.99,99.05,0.0,99.05,0.0,0,0,2017-04-14,33307900,99.01,8,0,0,0,0,0,0,0,0,99.025,1,0,0,0,0,0,0,0,0
19,2017-04-14,09:15:08,400,TF1706,CCFX,99.04,99.025,99.07,25,24759300,18908,18906,100.175,97.805,98.99,99.05,0.0,99.05,0.0,0,0,2017-04-14,33308400,99.015,1,0,0,0,0,0,0,0,0,99.025,1,0,0,0,0,0,0,0,0
20,2017-04-14,09:15:08,900,TF1706,CCFX,99.04,99.025,99.07,25,24759300,18908,18906,100.175,97.805,98.99,99.05,0.0,99.05,0.0,0,0,2017-04-14,33308900,99.015,1,0,0,0,0,0,0,0,0,99.025,1,0,0,0,0,0,0,0,0
21,2017-04-14,09:15:09,400,TF1706,CCFX,99.04,99.025,99.07,25,24759300,18908,18906,100.175,97.805,98.99,99.05,0.0,99.05,0.0,0,0,2017-04-14,33309400,99.015,3,0,0,0,0,0,0,0,0,99.025,1,0,0,0,0,0,0,0,0
22,2017-04-14,09:15:09,900,TF1706,CCFX,99.025,99.025,99.07,26,25749550,18907,18906,100.175,97.805,98.99,99.05,0.0,99.05,0.0,0,0,2017-04-14,33309900,99.03,2,0,0,0,0,0,0,0,0,99.035,2,0,0,0,0,0,0,0,0
23,2017-04-14,09:15:10,400,TF1706,CCFX,99.03,99.025,99.07,34,33671950,18901,18906,100.175,97.805,98.99,99.05,0.0,99.05,0.0,0,0,2017-04-14,33310400,99.025,2,0,0,0,0,0,0,0,0,99.03,3,0,0,0,0,0,0,0,0
24,2017-04-14,09:15:10,900,TF1706,CCFX,99.025,99.025,99.07,37,36642700,18904,18906,100.175,97.805,98.99,99.05,0.0,99.05,0.0,0,0,2017-04-14,33310900,99.015,3,0,0,0,0,0,0,0,0,99.03,1,0,0,0,0,0,0,0,0
25,2017-04-14,09:15:11,400,TF1706,CCFX,99.015,99.015,99.07,39,38623050,18904,18906,100.175,97.805,98.99,99.05,0.0,99.05,0.0,0,0,2017-04-14,33311400,99.01,8,0,0,0,0,0,0,0,0,99.015,8,0,0,0,0,0,0,0,0
26,2017-04-14,09:15:11,900,TF1706,CCFX,99.03,99.015,99.07,49,48524700,18901,18906,100.175,97.805,98.99,99.05,0.0,99.05,0.0,0,0,2017-04-14,33311900,99.02,1,0,0,0,0,0,0,0,0,99.035,1,0,0,0,0,0,0,0,0
27,2017-04-14,09:15:12,400,TF1706,CCFX,99.03,99.015,99.07,49,48524700,18901,18906,100.175,97.805,98.99,99.05,0.0,99.05,0.0,0,0,2017-04-14,33312400,99.02,1,0,0,0,0,0,0,0,0,99.03,2,0,0,0,0,0,0,0,0
28,2017-04-14,09:15:12,900,TF1706,CCFX,99.03,99.015,99.07,50,49515000,18900,18906,100.175,97.805,98.99,99.05,0.0,99.05,0.0,0,0,2017-04-14,33312900,99.025,2,0,0,0,0,0,0,0,0,99.03,2,0,0,0,0,0,0,0,0
29,2017-04-14,09:15:13,400,TF1706,CCFX,99.025,99.015,99.07,52,51495500,18898,18906,100.175,97.805,98.99,99.05,0.0,99.05,0.0,0,0,2017-04-14,33313400,99.015,2,0,0,0,0,0,0,0,0,99.025,9,0,0,0,0,0,0,0,0
30,2017-04-14,09:15:13,900,TF1706,CCFX,99.025,99.015,99.07,52,51495500,18898,18906,100.175,97.805,98.99,99.05,0.0,99.05,0.0,0,0,2017-04-14,33313900,99.015,3,0,0,0,0,0,0,0,0,99.025,6,0,0,0,0,0,0,0,0
31,2017-04-14,09:15:14,400,TF1706,CCFX,99.025,99.015,99.07,52,51495500,18898,18906,100.175,97.805,98.99,99.05,0.0,99.05,0.0,0,0,2017-04-14,33314400,99.015,3,0,0,0,0,0,0,0,0,99.02,2,0,0,0,0,0,0,0,0
32,2017-04-14,09:15:14,900,TF1706,CCFX,99.02,99.015,99.07,54,53475900,18898,18906,100.175,97.805,98.99,99.05,0.0,99.05,0.0,0,0,2017-04-14,33314900,99.02,2,0,0,0,0,0,0,0,0,99.03,2,0,0,0,0,0,0,0,0
33,2017-04-14,09:15:15,400,TF1706,CCFX,99.03,99.015,99.07,55,54466200,18898,18906,100.175,97.805,98.99,99.05,0.0,99.05,0.0,0,0,2017-04-14,33315400,99.02,3,0,0,0,0,0,0,0,0,99.03,1,0,0,0,0,0,0,0,0
34,2017-04-14,09:15:15,900,TF1706,CCFX,99.03,99.015,99.07,55,54466200,18898,18906,100.175,97.805,98.99,99.05,0.0,99.05,0.0,0,0,2017-04-14,33315900,99.025,1,0,0,0,0,0,0,0,0,99.03,1,0,0,0,0,0,0,0,0
35,2017-04-14,09:15:16,400,TF1706,CCFX,99.03,99.015,99.07,56,55456500,18897,18906,100.175,97.805,98.99,99.05,0.0,99.05,0.0,0,0,2017-04-14,33316400,99.025,1,0,0,0,0,0,0,0,0,99.035,1,0,0,0,0,0,0,0,0
36,2017-04-14,09:15:16,900,TF1706,CCFX,99.03,99.015,99.07,56,55456500,18897,18906,100.175,97.805,98.99,99.05,0.0,99.05,0.0,0,0,2017-04-14,33316900,99.025,1,0,0,0,0,0,0,0,0,99.035,1,0,0,0,0,0,0,0,0
37,2017-04-14,09:15:17,400,TF1706,CCFX,99.03,99.015,99.07,56,55456500,18897,18906,100.175,97.805,98.99,99.05,0.0,99.05,0.0,0,0,2017-04-14,33317400,99.025,1,0,0,0,0,0,0,0,0,99.035,1,0,0,0,0,0,0,0,0
38,2017-04-14,09:15:17,900,TF1706,CCFX,99.03,99.015,99.07,56,55456500,18897,18906,100.175,97.805,98.99,99.05,0.0,99.05,0.0,0,0,2017-04-14,33317900,99.025,6,0,0,0,0,0,0,0,0,99.035,1,0,0,0,0,0,0,0,0
39,2017-04-14,09:15:18,400,TF1706,CCFX,99.025,99.015,99.07,57,56446750,18897,18906,100.175,97.805,98.99,99.05,0.0,99.05,0.0,0,0,2017-04-14,33318400,99.025,6,0,0,0,0,0,0,0,0,99.03,1,0,0,0,0,0,0,0,0
40,2017-04-14,09:15:18,900,TF1706,CCFX,99.025,99.015,99.07,57,56446750,18897,18906,100.175,97.805,98.99,99.05,0.0,99.05,0.0,0,0,2017-04-14,33318900,99.025,6,0,0,0,0,0,0,0,0,99.03,6,0,0,0,0,0,0,0,0
41,2017-04-14,09:15:19,400,TF1706,CCFX,99.025,99.015,99.07,57,56446750,18897,18906,100.175,97.805,98.99,99.05,0.0,99.05,0.0,0,0,2017-04-14,33319400,99.025,5,0,0,0,0,0,0,0,0,99.03,6,0,0,0,0,0,0,0,0
42,2017-04-14,09:15:20,400,TF1706,CCFX,99.025,99.015,99.07,57,56446750,18897,18906,100.175,97.805,98.99,99.05,0.0,99.05,0.0,0,0,2017-04-14,33320400,99.025,5,0,0,0,0,0,0,0,0,99.03,6,0,0,0,0,0,0,0,0
43,2017-04-14,09:15:20,900,TF1706,CCFX,99.025,99.015,99.07,69,68329750,18890,18906,100.175,97.805,98.99,99.05,0.0,99.05,0.0,0,0,2017-04-14,33320900,99.02,2,0,0,0,0,0,0,0,0,99.025,3,0,0,0,0,0,0,0,0
44,2017-04-14,09:15:21,400,TF1706,CCFX,99.02,99.015,99.07,71,70310150,18891,18906,100.175,97.805,98.99,99.05,0.0,99.05,0.0,0,0,2017-04-14,33321400,99.015,4,0,0,0,0,0,0,0,0,99.02,2,0,0,0,0,0,0,0,0
45,2017-04-14,09:15:21,900,TF1706,CCFX,99.02,99.015,99.07,73,72290550,18891,18906,100.175,97.805,98.99,99.05,0.0,99.05,0.0,0,0,2017-04-14,33321900,99.02,4,0,0,0,0,0,0,0,0,99.03,6,0,0,0,0,0,0,0,0
46,2017-04-14,09:15:22,400,TF1706,CCFX,99.02,99.015,99.07,73,72290550,18891,18906,100.175,97.805,98.99,99.05,0.0,99.05,0.0,0,0,2017-04-14,33322400,99.02,4,0,0,0,0,0,0,0,0,99.03,6,0,0,0,0,0,0,0,0
47,2017-04-14,09:15:23,900,TF1706,CCFX,99.02,99.015,99.07,73,72290550,18891,18906,100.175,97.805,98.99,99.05,0.0,99.05,0.0,0,0,2017-04-14,33323900,99.02,4,0,0,0,0,0,0,0,0,99.03,1,0,0,0,0,0,0,0,0
48,2017-04-14,09:15:24,400,TF1706,CCFX,99.03,99.015,99.07,74,73280850,18891,18906,100.175,97.805,98.99,99.05,0.0,99.05,0.0,0,0,2017-04-14,33324400,99.02,4,0,0,0,0,0,0,0,0,99.035,2,0,0,0,0,0,0,0,0
49,2017-04-14,09:15:24,900,TF1706,CCFX,99.03,99.015,99.07,74,73280850,18891,18906,100.175,97.805,98.99,99.05,0.0,99.05,0.0,0,0,2017-04-14,33324900,99.015,3,0,0,0,0,0,0,0,0,99.035,2,0,0,0,0,0,0,0,0
50,2017-04-14,09:15:25,400,TF1706,CCFX,99.03,99.015,99.07,74,73280850,18891,18906,100.175,97.805,98.99,99.05,0.0,99.05,0.0,0,0,2017-04-14,33325400,99.025,2,0,0,0,0,0,0,0,0,99.03,5,0,0,0,0,0,0,0,0
51,2017-04-14,09:15:25,900,TF1706,CCFX,99.03,99.015,99.07,79,78232350,18887,18906,100.175,97.805,98.99,99.05,0.0,99.05,0.0,0,0,2017-04-14,33325900,99.025,2,0,0,0,0,0,0,0,0,99.035,2,0,0,0,0,0,0,0,0
52,2017-04-14,09:15:26,400,TF1706,CCFX,99.03,99.015,99.07,79,78232350,18887,18906,100.175,97.805,98.99,99.05,0.0,99.05,0.0,0,0,2017-04-14,33326400,99.025,2,0,0,0,0,0,0,0,0,99.035,2,0,0,0,0,0,0,0,0
53,2017-04-14,09:15:26,900,TF1706,CCFX,99.03,99.015,99.07,79,78232350,18887,18906,100.175,97.805,98.99,99.05,0.0,99.05,0.0,0,0,2017-04-14,33326900,99.025,3,0,0,0,0,0,0,0,0,99.035,3,0,0,0,0,0,0,0,0
54,2017-04-14,09:15:27,400,TF1706,CCFX,99.03,99.015,99.07,79,78232350,18887,18906,100.175,97.805,98.99,99.05,0.0,99.05,0.0,0,0,2017-04-14,33327400,99.025,1,0,0,0,0,0,0,0,0,99.035,3,0,0,0,0,0,0,0,0
55,2017-04-14,09:15:28,400,TF1706,CCFX,99.03,99.015,99.07,79,78232350,18887,18906,100.175,97.805,98.99,99.05,0.0,99.05,0.0,0,0,2017-04-14,33328400,99.025,1,0,0,0,0,0,0,0,0,99.035,3,0,0,0,0,0,0,0,0
56,2017-04-14,09:15:29,900,TF1706,CCFX,99.03,99.015,99.07,79,78232350,18887,18906,100.175,97.805,98.99,99.05,0.0,99.05,0.0,0,0,2017-04-14,33329900,99.025,1,0,0,0,0,0,0,0,0,99.035,3,0,0,0,0,0,0,0,0
57,2017-04-14,09:15:31,400,TF1706,CCFX,99.03,99.015,99.07,79,78232350,18887,18906,100.175,97.805,98.99,99.05,0.0,99.05,0.0,0,0,2017-04-14,33331400,99.025,1,0,0,0,0,0,0,0,0,99.035,3,0,0,0,0,0,0,0,0
58,2017-04-14,09:15:32,900,TF1706,CCFX,99.03,99.015,99.07,79,78232350,18887,18906,100.175,97.805,98.99,99.05,0.0,99.05,0.0,0,0,2017-04-14,33332900,99.025,1,0,0,0,0,0,0,0,0,99.035,2,0,0,0,0,0,0,0,0
59,2017-04-14,09:15:33,400,TF1706,CCFX,99.03,99.015,99.07,79,78232350,18887,18906,100.175,97.805,98.99,99.05,0.0,99.05,0.0,0,0,2017-04-14,33333400,99.025,1,0,0,0,0,0,0,0,0,99.035,2,0,0,0,0,0,0,0,0
60,2017-04-14,09:15:34,900,TF1706,CCFX,99.03,99.015,99.07,79,78232350,18887,18906,100.175,97.805,98.99,99.05,0.0,99.05,0.0,0,0,2017-04-14,33334900,99.025,1,0,0,0,0,0,0,0,0,99.035,2,0,0,0,0,0,0,0,0
61,2017-04-14,09:15:36,900,TF1706,CCFX,99.03,99.015,99.07,79,78232350,18887,18906,100.175,97.805,98.99,99.05,0.0,99.05,0.0,0,0,2017-04-14,33336900,99.025,1,0,0,0,0,0,0,0,0,99.035,2,0,0,0,0,0,0,0,0
62,2017-04-14,09:15:40,400,TF1706,CCFX,99.03,99.015,99.07,79,78232350,18887,18906,100.175,97.805,98.99,99.05,0.0,99.05,0.0,0,0,2017-04-14,33340400,99.025,1,0,0,0,0,0,0,0,0,99.035,2,0,0,0,0,0,0,0,0
63,2017-04-14,09:15:40,900,TF1706,CCFX,99.03,99.015,99.07,81,80212950,18885,18906,100.175,97.805,98.99,99.05,0.0,99.05,0.0,0,0,2017-04-14,33340900,99.025,1,0,0,0,0,0,0,0,0,99.035,2,0,0,0,0,0,0,0,0
64,2017-04-14,09:15:41,400,TF1706,CCFX,99.03,99.015,99.07,81,80212950,18885,18906,100.175,97.805,98.99,99.05,0.0,99.05,0.0,0,0,2017-04-14,33341400,99.025,1,0,0,0,0,0,0,0,0,99.035,2,0,0,0,0,0,0,0,0
65,2017-04-14,09:15:41,900,TF1706,CCFX,99.03,99.015,99.07,81,80212950,18885,18906,100.175,97.805,98.99,99.05,0.0,99.05,0.0,0,0,2017-04-14,33341900,99.03,1,0,0,0,0,0,0,0,0,99.035,2,0,0,0,0,0,0,0,0
66,2017-04-14,09:15:42,400,TF1706,CCFX,99.035,99.015,99.07,82,81203300,18884,18906,100.175,97.805,98.99,99.05,0.0,99.05,0.0,0,0,2017-04-14,33342400,99.03,1,0,0,0,0,0,0,0,0,99.035,1,0,0,0,0,0,0,0,0
67,2017-04-14,09:15:42,900,TF1706,CCFX,99.035,99.015,99.07,82,81203300,18884,18906,100.175,97.805,98.99,99.05,0.0,99.05,0.0,0,0,2017-04-14,33342900,99.03,1,0,0,0,0,0,0,0,0,99.035,1,0,0,0,0,0,0,0,0
68,2017-04-14,09:15:45,400,TF1706,CCFX,99.035,99.015,99.07,82,81203300,18884,18906,100.175,97.805,98.99,99.05,0.0,99.05,0.0,0,0,2017-04-14,33345400,99.03,1,0,0,0,0,0,0,0,0,99.035,1,0,0,0,0,0,0,0,0
69,2017-04-14,09:15:45,900,TF1706,CCFX,99.03,99.015,99.07,83,82193600,18883,18906,100.175,97.805,98.99,99.05,0.0,99.05,0.0,0,0,2017-04-14,33345900,99.025,1,0,0,0,0,0,0,0,0,99.03,1,0,0,0,0,0,0,0,0
70,2017-04-14,09:15:46,400,TF1706,CCFX,99.025,99.015,99.07,85,84174150,18881,18906,100.175,97.805,98.99,99.05,0.0,99.05,0.0,0,0,2017-04-14,33346400,99.015,12,0,0,0,0,0,0,0,0,99.035,1,0,0,0,0,0,0,0,0
71,2017-04-14,09:15:46,900,TF1706,CCFX,99.025,99.015,99.07,85,84174150,18881,18906,100.175,97.805,98.99,99.05,0.0,99.05,0.0,0,0,2017-04-14,33346900,99.015,12,0,0,0,0,0,0,0,0,99.035,1,0,0,0,0,0,0,0,0
72,2017-04-14,09:15:47,400,TF1706,CCFX,99.025,99.015,99.07,85,84174150,18881,18906,100.175,97.805,98.99,99.05,0.0,99.05,0.0,0,0,2017-04-14,33347400,99.02,2,0,0,0,0,0,0,0,0,99.035,1,0,0,0,0,0,0,0,0
73,2017-04-14,09:15:47,900,TF1706,CCFX,99.02,99.015,99.07,86,85164350,18881,18906,100.175,97.805,98.99,99.05,0.0,99.05,0.0,0,0,2017-04-14,33347900,99.02,3,0,0,0,0,0,0,0,0,99.035,1,0,0,0,0,0,0,0,0
74,2017-04-14,09:15:48,400,TF1706,CCFX,99.02,99.015,99.07,86,85164350,18881,18906,100.175,97.805,98.99,99.05,0.0,99.05,0.0,0,0,2017-04-14,33348400,99.02,3,0,0,0,0,0,0,0,0,99.035,1,0,0,0,0,0,0,0,0
75,2017-04-14,09:15:48,900,TF1706,CCFX,99.02,99.015,99.07,86,85164350,18881,18906,100.175,97.805,98.99,99.05,0.0,99.05,0.0,0,0,2017-04-14,33348900,99.02,3,0,0,0,0,0,0,0,0,99.035,1,0,0,0,0,0,0,0,0
76,2017-04-14,09:15:49,900,TF1706,CCFX,99.02,99.015,99.07,86,85164350,18881,18906,100.175,97.805,98.99,99.05,0.0,99.05,0.0,0,0,2017-04-14,33349900,99.02,3,0,0,0,0,0,0,0,0,99.035,1,0,0,0,0,0,0,0,0
77,2017-04-14,09:15:50,900,TF1706,CCFX,99.02,99.015,99.07,86,85164350,18881,18906,100.175,97.805,98.99,99.05,0.0,99.05,0.0,0,0,2017-04-14,33350900,99.02,4,0,0,0,0,0,0,0,0,99.035,2,0,0,0,0,0,0,0,0
78,2017-04-14,09:15:51,900,TF1706,CCFX,99.02,99.015,99.07,86,85164350,18881,18906,100.175,97.805,98.99,99.05,0.0,99.05,0.0,0,0,2017-04-14,33351900,99.02,4,0,0,0,0,0,0,0,0,99.035,3,0,0,0,0,0,0,0,0
79,2017-04-14,09:15:53,900,TF1706,CCFX,99.02,99.015,99.07,86,85164350,18881,18906,100.175,97.805,98.99,99.05,0.0,99.05,0.0,0,0,2017-04-14,33353900,99.02,4,0,0,0,0,0,0,0,0,99.035,3,0,0,0,0,0,0,0,0
80,2017-04-14,09:15:54,400,TF1706,CCFX,99.02,99.015,99.07,86,85164350,18881,18906,100.175,97.805,98.99,99.05,0.0,99.05,0.0,0,0,2017-04-14,33354400,99.02,4,0,0,0,0,0,0,0,0,99.03,1,0,0,0,0,0,0,0,0
81,2017-04-14,09:15:54,900,TF1706,CCFX,99.02,99.015,99.07,86,85164350,18881,18906,100.175,97.805,98.99,99.05,0.0,99.05,0.0,0,0,2017-04-14,33354900,99.02,4,0,0,0,0,0,0,0,0,99.03,2,0,0,0,0,0,0,0,0
82,2017-04-14,09:15:55,400,TF1706,CCFX,99.02,99.015,99.07,86,85164350,18881,18906,100.175,97.805,98.99,99.05,0.0,99.05,0.0,0,0,2017-04-14,33355400,99.02,5,0,0,0,0,0,0,0,0,99.03,2,0,0,0,0,0,0,0,0
83,2017-04-14,09:15:55,900,TF1706,CCFX,99.02,99.015,99.07,86,85164350,18881,18906,100.175,97.805,98.99,99.05,0.0,99.05,0.0,0,0,2017-04-14,33355900,99.02,5,0,0,0,0,0,0,0,0,99.03,6,0,0,0,0,0,0,0,0
84,2017-04-14,09:15:56,400,TF1706,CCFX,99.02,99.015,99.07,86,85164350,18881,18906,100.175,97.805,98.99,99.05,0.0,99.05,0.0,0,0,2017-04-14,33356400,99.02,5,0,0,0,0,0,0,0,0,99.03,3,0,0,0,0,0,0,0,0
85,2017-04-14,09:15:56,900,TF1706,CCFX,99.02,99.015,99.07,86,85164350,18881,18906,100.175,97.805,98.99,99.05,0.0,99.05,0.0,0,0,2017-04-14,33356900,99.02,7,0,0,0,0,0,0,0,0,99.03,6,0,0,0,0,0,0,0,0
86,2017-04-14,09:15:58,400,TF1706,CCFX,99.02,99.015,99.07,87,86154550,18882,18906,100.175,97.805,98.99,99.05,0.0,99.05,0.0,0,0,2017-04-14,33358400,99.02,6,0,0,0,0,0,0,0,0,99.03,6,0,0,0,0,0,0,0,0
87,2017-04-14,09:15:58,900,TF1706,CCFX,99.02,99.015,99.07,88,87144750,18881,18906,100.175,97.805,98.99,99.05,0.0,99.05,0.0,0,0,2017-04-14,33358900,99.02,5,0,0,0,0,0,0,0,0,99.025,2,0,0,0,0,0,0,0,0
88,2017-04-14,09:16:00,400,TF1706,CCFX,99.02,99.015,99.07,88,87144750,18881,18906,100.175,97.805,98.99,99.05,0.0,99.05,0.0,0,0,2017-04-14,33360400,99.02,4,0,0,0,0,0,0,0,0,99.025,2,0,0,0,0,0,0,0,0
89,2017-04-14,09:16:04,400,TF1706,CCFX,99.025,99.015,99.07,90,89125250,18880,18906,100.175,97.805,98.99,99.05,0.0,99.05,0.0,0,0,2017-04-14,33364400,99.02,2,0,0,0,0,0,0,0,0,99.03,6,0,0,0,0,0,0,0,0
90,2017-04-14,09:16:04,900,TF1706,CCFX,99.025,99.015,99.07,90,89125250,18880,18906,100.175,97.805,98.99,99.05,0.0,99.05,0.0,0,0,2017-04-14,33364900,99.02,2,0,0,0,0,0,0,0,0,99.03,6,0,0,0,0,0,0,0,0
91,2017-04-14,09:16:05,400,TF1706,CCFX,99.02,99.015,99.07,91,90115450,18879,18906,100.175,97.805,98.99,99.05,0.0,99.05,0.0,0,0,2017-04-14,33365400,99.02,7,0,0,0,0,0,0,0,0,99.025,1,0,0,0,0,0,0,0,0
92,2017-04-14,09:16:05,900,TF1706,CCFX,99.02,99.015,99.07,91,90115450,18879,18906,100.175,97.805,98.99,99.05,0.0,99.05,0.0,0,0,2017-04-14,33365900,99.02,7,0,0,0,0,0,0,0,0,99.025,1,0,0,0,0,0,0,0,0
93,2017-04-14,09:16:06,900,TF1706,CCFX,99.02,99.015,99.07,91,90115450,18879,18906,100.175,97.805,98.99,99.05,0.0,99.05,0.0,0,0,2017-04-14,33366900,99.02,7,0,0,0,0,0,0,0,0,99.025,1,0,0,0,0,0,0,0,0
94,2017-04-14,09:16:09,400,TF1706,CCFX,99.025,99.015,99.07,92,91105700,18880,18906,100.175,97.805,98.99,99.05,0.0,99.05,0.0,0,0,2017-04-14,33369400,99.02,7,0,0,0,0,0,0,0,0,99.03,4,0,0,0,0,0,0,0,0
95,2017-04-14,09:16:09,900,TF1706,CCFX,99.025,99.015,99.07,92,91105700,18880,18906,100.175,97.805,98.99,99.05,0.0,99.05,0.0,0,0,2017-04-14,33369900,99.02,8,0,0,0,0,0,0,0,0,99.03,4,0,0,0,0,0,0,0,0
96,2017-04-14,09:16:10,400,TF1706,CCFX,99.025,99.015,99.07,92,91105700,18880,18906,100.175,97.805,98.99,99.05,0.0,99.05,0.0,0,0,2017-04-14,33370400,99.02,8,0,0,0,0,0,0,0,0,99.03,4,0,0,0,0,0,0,0,0
97,2017-04-14,09:16:11,400,TF1706,CCFX,99.03,99.015,99.07,96,95066900,18876,18906,100.175,97.805,98.99,99.05,0.0,99.05,0.0,0,0,2017-04-14,33371400,99.03,5,0,0,0,0,0,0,0,0,99.035,2,0,0,0,0,0,0,0,0
98,2017-04-14,09:16:11,900,TF1706,CCFX,99.03,99.015,99.07,102,101008900,18874,18906,100.175,97.805,98.99,99.05,0.0,99.05,0.0,0,0,2017-04-14,33371900,99.03,2,0,0,0,0,0,0,0,0,99.05,1,0,0,0,0,0,0,0,0
99,2017-04-14,09:16:12,400,TF1706,CCFX,99.03,99.015,99.07,102,101008900,18874,18906,100.175,97.805,98.99,99.05,0.0,99.05,0.0,0,0,2017-04-14,33372400,99.035,1,0,0,0,0,0,0,0,0,99.045,2,0,0,0,0,0,0,0,0
100,2017-04-14,09:16:12,900,TF1706,CCFX,99.035,99.015,99.07,103,101999250,18875,18906,100.175,97.805,98.99,99.05,0.0,99.05,0.0,0,0,2017-04-14,33372900,99.03,2,0,0,0,0,0,0,0,0,99.035,1,0,0,0,0,0,0,0,0
101,2017-04-14,09:16:13,400,TF1706,CCFX,99.035,99.015,99.07,104,102989600,18876,18906,100.175,97.805,98.99,99.05,0.0,99.05,0.0,0,0,2017-04-14,33373400,99.03,1,0,0,0,0,0,0,0,0,99.04,3,0,0,0,0,0,0,0,0
102,2017-04-14,09:16:14,400,TF1706,CCFX,99.035,99.015,99.07,104,102989600,18876,18906,100.175,97.805,98.99,99.05,0.0,99.05,0.0,0,0,2017-04-14,33374400,99.03,1,0,0,0,0,0,0,0,0,99.04,3,0,0,0,0,0,0,0,0
103,2017-04-14,09:16:15,400,TF1706,CCFX,99.035,99.015,99.07,104,102989600,18876,18906,100.175,97.805,98.99,99.05,0.0,99.05,0.0,0,0,2017-04-14,33375400,99.03,1,0,0,0,0,0,0,0,0,99.045,1,0,0,0,0,0,0,0,0
104,2017-04-14,09:16:15,900,TF1706,CCFX,99.035,99.015,99.07,104,102989600,18876,18906,100.175,97.805,98.99,99.05,0.0,99.05,0.0,0,0,2017-04-14,33375900,99.03,1,0,0,0,0,0,0,0,0,99.04,4,0,0,0,0,0,0,0,0
105,2017-04-14,09:16:16,400,TF1706,CCFX,99.03,99.015,99.07,105,103979900,18875,18906,100.175,97.805,98.99,99.05,0.0,99.05,0.0,0,0,2017-04-14,33376400,99.02,7,0,0,0,0,0,0,0,0,99.04,4,0,0,0,0,0,0,0,0
106,2017-04-14,09:16:16,900,TF1706,CCFX,99.03,99.015,99.07,105,103979900,18875,18906,100.175,97.805,98.99,99.05,0.0,99.05,0.0,0,0,2017-04-14,33376900,99.025,1,0,0,0,0,0,0,0,0,99.04,4,0,0,0,0,0,0,0,0
107,2017-04-14,09:16:17,400,TF1706,CCFX,99.03,99.015,99.07,105,103979900,18875,18906,100.175,97.805,98.99,99.05,0.0,99.05,0.0,0,0,2017-04-14,33377400,99.03,2,0,0,0,0,0,0,0,0,99.04,4,0,0,0,0,0,0,0,0
108,2017-04-14,09:16:17,900,TF1706,CCFX,99.03,99.015,99.07,105,103979900,18875,18906,100.175,97.805,98.99,99.05,0.0,99.05,0.0,0,0,2017-04-14,33377900,99.03,2,0,0,0,0,0,0,0,0,99.04,4,0,0,0,0,0,0,0,0
109,2017-04-14,09:16:18,400,TF1706,CCFX,99.03,99.015,99.07,105,103979900,18875,18906,100.175,97.805,98.99,99.05,0.0,99.05,0.0,0,0,2017-04-14,33378400,99.03,3,0,0,0,0,0,0,0,0,99.04,4,0,0,0,0,0,0,0,0
110,2017-04-14,09:16:18,900,TF1706,CCFX,99.03,99.015,99.07,105,103979900,18875,18906,100.175,97.805,98.99,99.05,0.0,99.05,0.0,0,0,2017-04-14,33378900,99.03,3,0,0,0,0,0,0,0,0,99.04,4,0,0,0,0,0,0,0,0
111,2017-04-14,09:16:19,900,TF1706,CCFX,99.03,99.015,99.07,105,103979900,18875,18906,100.175,97.805,98.99,99.05,0.0,99.05,0.0,0,0,2017-04-14,33379900,99.03,1,0,0,0,0,0,0,0,0,99.04,4,0,0,0,0,0,0,0,0
112,2017-04-14,09:16:20,400,TF1706,CCFX,99.03,99.015,99.07,106,104970200,18875,18906,100.175,97.805,98.99,99.05,0.0,99.05,0.0,0,0,2017-04-14,33380400,99.025,2,0,0,0,0,0,0,0,0,99.04,4,0,0,0,0,0,0,0,0
113,2017-04-14,09:16:20,900,TF1706,CCFX,99.03,99.015,99.07,106,104970200,18875,18906,100.175,97.805,98.99,99.05,0.0,99.05,0.0,0,0,2017-04-14,33380900,99.025,2,0,0,0,0,0,0,0,0,99.03,3,0,0,0,0,0,0,0,0
114,2017-04-14,09:16:21,400,TF1706,CCFX,99.025,99.015,99.07,109,107940950,18877,18906,100.175,97.805,98.99,99.05,0.0,99.05,0.0,0,0,2017-04-14,33381400,99.02,9,0,0,0,0,0,0,0,0,99.03,3,0,0,0,0,0,0,0,0
115,2017-04-14,09:16:21,900,TF1706,CCFX,99.025,99.015,99.07,109,107940950,18877,18906,100.175,97.805,98.99,99.05,0.0,99.05,0.0,0,0,2017-04-14,33381900,99.02,9,0,0,0,0,0,0,0,0,99.03,4,0,0,0,0,0,0,0,0
116,2017-04-14,09:16:22,400,TF1706,CCFX,99.025,99.015,99.07,109,107940950,18877,18906,100.175,97.805,98.99,99.05,0.0,99.05,0.0,0,0,2017-04-14,33382400,99.02,8,0,0,0,0,0,0,0,0,99.03,4,0,0,0,0,0,0,0,0
117,2017-04-14,09:16:22,900,TF1706,CCFX,99.02,99.015,99.07,115,113882150,18871,18906,100.175,97.805,98.99,99.05,0.0,99.05,0.0,0,0,2017-04-14,33382900,99.02,2,0,0,0,0,0,0,0,0,99.03,2,0,0,0,0,0,0,0,0
118,2017-04-14,09:16:23,400,TF1706,CCFX,99.02,99.015,99.07,115,113882150,18871,18906,100.175,97.805,98.99,99.05,0.0,99.05,0.0,0,0,2017-04-14,33383400,99.02,2,0,0,0,0,0,0,0,0,99.025,1,0,0,0,0,0,0,0,0
119,2017-04-14,09:16:23,900,TF1706,CCFX,99.02,99.015,99.07,117,115862550,18869,18906,100.175,97.805,98.99,99.05,0.0,99.05,0.0,0,0,2017-04-14,33383900,99.015,2,0,0,0,0,0,0,0,0,99.02,1,0,0,0,0,0,0,0,0
120,2017-04-14,09:16:24,400,TF1706,CCFX,99.015,99.015,99.07,118,116852700,18868,18906,100.175,97.805,98.99,99.05,0.0,99.05,0.0,0,0,2017-04-14,33384400,99.015,1,0,0,0,0,0,0,0,0,99.025,1,0,0,0,0,0,0,0,0
121,2017-04-14,09:16:24,900,TF1706,CCFX,99.015,99.015,99.07,118,116852700,18868,18906,100.175,97.805,98.99,99.05,0.0,99.05,0.0,0,0,2017-04-14,33384900,99.015,1,0,0,0,0,0,0,0,0,99.02,1,0,0,0,0,0,0,0,0
122,2017-04-14,09:16:25,400,TF1706,CCFX,99.015,99.015,99.07,119,117842850,18868,18906,100.175,97.805,98.99,99.05,0.0,99.05,0.0,0,0,2017-04-14,33385400,99.005,4,0,0,0,0,0,0,0,0,99.02,1,0,0,0,0,0,0,0,0
123,2017-04-14,09:16:25,900,TF1706,CCFX,99.015,99.015,99.07,119,117842850,18868,18906,100.175,97.805,98.99,99.05,0.0,99.05,0.0,0,0,2017-04-14,33385900,99.005,4,0,0,0,0,0,0,0,0,99.02,1,0,0,0,0,0,0,0,0
124,2017-04-14,09:16:26,400,TF1706,CCFX,99.015,99.015,99.07,119,117842850,18868,18906,100.175,97.805,98.99,99.05,0.0,99.05,0.0,0,0,2017-04-14,33386400,99.015,2,0,0,0,0,0,0,0,0,99.02,1,0,0,0,0,0,0,0,0
125,2017-04-14,09:16:26,900,TF1706,CCFX,99.015,99.015,99.07,119,117842850,18868,18906,100.175,97.805,98.99,99.05,0.0,99.05,0.0,0,0,2017-04-14,33386900,99.015,2,0,0,0,0,0,0,0,0,99.02,1,0,0,0,0,0,0,0,0
126,2017-04-14,09:16:27,400,TF1706,CCFX,99.015,99.015,99.07,119,117842850,18868,18906,100.175,97.805,98.99,99.05,0.0,99.05,0.0,0,0,2017-04-14,33387400,99.015,2,0,0,0,0,0,0,0,0,99.02,1,0,0,0,0,0,0,0,0
127,2017-04-14,09:16:29,900,TF1706,CCFX,99.02,99.015,99.07,120,118833050,18868,18906,100.175,97.805,98.99,99.05,0.0,99.05,0.0,0,0,2017-04-14,33389900,99.02,1,0,0,0,0,0,0,0,0,99.025,1,0,0,0,0,0,0,0,0
128,2017-04-14,09:16:30,400,TF1706,CCFX,99.02,99.015,99.07,120,118833050,18868,18906,100.175,97.805,98.99,99.05,0.0,99.05,0.0,0,0,2017-04-14,33390400,99.02,1,0,0,0,0,0,0,0,0,99.025,2,0,0,0,0,0,0,0,0
129,2017-04-14,09:16:30,900,TF1706,CCFX,99.02,99.015,99.07,121,119823250,18867,18906,100.175,97.805,98.99,99.05,0.0,99.05,0.0,0,0,2017-04-14,33390900,99.015,2,0,0,0,0,0,0,0,0,99.02,1,0,0,0,0,0,0,0,0
130,2017-04-14,09:16:31,400,TF1706,CCFX,99.01,99.01,99.07,125,123783750,18864,18906,100.175,97.805,98.99,99.05,0.0,99.05,0.0,0,0,2017-04-14,33391400,99.005,4,0,0,0,0,0,0,0,0,99.01,5,0,0,0,0,0,0,0,0
131,2017-04-14,09:16:31,900,TF1706,CCFX,99.01,99.01,99.07,130,128734250,18864,18906,100.175,97.805,98.99,99.05,0.0,99.05,0.0,0,0,2017-04-14,33391900,99.01,7,0,0,0,0,0,0,0,0,99.02,1,0,0,0,0,0,0,0,0
132,2017-04-14,09:16:32,400,TF1706,CCFX,99.01,99.01,99.07,130,128734250,18864,18906,100.175,97.805,98.99,99.05,0.0,99.05,0.0,0,0,2017-04-14,33392400,99.01,9,0,0,0,0,0,0,0,0,99.02,1,0,0,0,0,0,0,0,0
133,2017-04-14,09:16:32,900,TF1706,CCFX,99.01,99.01,99.07,130,128734250,18864,18906,100.175,97.805,98.99,99.05,0.0,99.05,0.0,0,0,2017-04-14,33392900,99.01,9,0,0,0,0,0,0,0,0,99.02,1,0,0,0,0,0,0,0,0
134,2017-04-14,09:16:33,400,TF1706,CCFX,99.01,99.01,99.07,130,128734250,18864,18906,100.175,97.805,98.99,99.05,0.0,99.05,0.0,0,0,2017-04-14,33393400,99.01,10,0,0,0,0,0,0,0,0,99.02,1,0,0,0,0,0,0,0,0
135,2017-04-14,09:16:33,900,TF1706,CCFX,99.01,99.01,99.07,130,128734250,18864,18906,100.175,97.805,98.99,99.05,0.0,99.05,0.0,0,0,2017-04-14,33393900,99.01,8,0,0,0,0,0,0,0,0,99.02,1,0,0,0,0,0,0,0,0
136,2017-04-14,09:16:35,400,TF1706,CCFX,99.02,99.01,99.07,131,129724450,18863,18906,100.175,97.805,98.99,99.05,0.0,99.05,0.0,0,0,2017-04-14,33395400,99.01,8,0,0,0,0,0,0,0,0,99.025,4,0,0,0,0,0,0,0,0
137,2017-04-14,09:16:35,900,TF1706,CCFX,99.02,99.01,99.07,131,129724450,18863,18906,100.175,97.805,98.99,99.05,0.0,99.05,0.0,0,0,2017-04-14,33395900,99.02,1,0,0,0,0,0,0,0,0,99.025,4,0,0,0,0,0,0,0,0
138,2017-04-14,09:16:36,400,TF1706,CCFX,99.02,99.01,99.07,131,129724450,18863,18906,100.175,97.805,98.99,99.05,0.0,99.05,0.0,0,0,2017-04-14,33396400,99.02,1,0,0,0,0,0,0,0,0,99.025,4,0,0,0,0,0,0,0,0
139,2017-04-14,09:16:36,900,TF1706,CCFX,99.02,99.01,99.07,131,129724450,18863,18906,100.175,97.805,98.99,99.05,0.0,99.05,0.0,0,0,2017-04-14,33396900,99.02,1,0,0,0,0,0,0,0,0,99.025,4,0,0,0,0,0,0,0,0
140,2017-04-14,09:16:37,400,TF1706,CCFX,99.02,99.01,99.07,132,130714650,18863,18906,100.175,97.805,98.99,99.05,0.0,99.05,0.0,0,0,2017-04-14,33397400,99.015,1,0,0,0,0,0,0,0,0,99.025,4,0,0,0,0,0,0,0,0
141,2017-04-14,09:16:37,900,TF1706,CCFX,99.02,99.01,99.07,132,130714650,18863,18906,100.175,97.805,98.99,99.05,0.0,99.05,0.0,0,0,2017-04-14,33397900,99.015,2,0,0,0,0,0,0,0,0,99.02,1,0,0,0,0,0,0,0,0
142,2017-04-14,09:16:38,400,TF1706,CCFX,99.02,99.01,99.07,132,130714650,18863,18906,100.175,97.805,98.99,99.05,0.0,99.05,0.0,0,0,2017-04-14,33398400,99.015,3,0,0,0,0,0,0,0,0,99.02,1,0,0,0,0,0,0,0,0
143,2017-04-14,09:16:40,900,TF1706,CCFX,99.02,99.01,99.07,133,131704850,18862,18906,100.175,97.805,98.99,99.05,0.0,99.05,0.0,0,0,2017-04-14,33400900,99.02,4,0,0,0,0,0,0,0,0,99.025,4,0,0,0,0,0,0,0,0
144,2017-04-14,09:16:41,400,TF1706,CCFX,99.02,99.01,99.07,133,131704850,18862,18906,100.175,97.805,98.99,99.05,0.0,99.05,0.0,0,0,2017-04-14,33401400,99.02,4,0,0,0,0,0,0,0,0,99.025,4,0,0,0,0,0,0,0,0
145,2017-04-14,09:16:42,400,TF1706,CCFX,99.02,99.01,99.07,133,131704850,18862,18906,100.175,97.805,98.99,99.05,0.0,99.05,0.0,0,0,2017-04-14,33402400,99.02,6,0,0,0,0,0,0,0,0,99.025,4,0,0,0,0,0,0,0,0
146,2017-04-14,09:16:43,900,TF1706,CCFX,99.02,99.01,99.07,133,131704850,18862,18906,100.175,97.805,98.99,99.05,0.0,99.05,0.0,0,0,2017-04-14,33403900,99.02,6,0,0,0,0,0,0,0,0,99.025,4,0,0,0,0,0,0,0,0
147,2017-04-14,09:16:45,900,TF1706,CCFX,99.02,99.01,99.07,133,131704850,18862,18906,100.175,97.805,98.99,99.05,0.0,99.05,0.0,0,0,2017-04-14,33405900,99.02,6,0,0,0,0,0,0,0,0,99.025,4,0,0,0,0,0,0,0,0
148,2017-04-14,09:16:46,400,TF1706,CCFX,99.02,99.01,99.07,133,131704850,18862,18906,100.175,97.805,98.99,99.05,0.0,99.05,0.0,0,0,2017-04-14,33406400,99.02,6,0,0,0,0,0,0,0,0,99.025,3,0,0,0,0,0,0,0,0
149,2017-04-14,09:16:46,900,TF1706,CCFX,99.02,99.01,99.07,133,131704850,18862,18906,100.175,97.805,98.99,99.05,0.0,99.05,0.0,0,0,2017-04-14,33406900,99.02,6,0,0,0,0,0,0,0,0,99.025,2,0,0,0,0,0,0,0,0
150,2017-04-14,09:16:47,400,TF1706,CCFX,99.025,99.01,99.07,135,133685350,18860,18906,100.175,97.805,98.99,99.05,0.0,99.05,0.0,0,0,2017-04-14,33407400,99.02,6,0,0,0,0,0,0,0,0,99.03,1,0,0,0,0,0,0,0,0
151,2017-04-14,09:16:47,900,TF1706,CCFX,99.025,99.01,99.07,135,133685350,18860,18906,100.175,97.805,98.99,99.05,0.0,99.05,0.0,0,0,2017-04-14,33407900,99.02,6,0,0,0,0,0,0,0,0,99.03,1,0,0,0,0,0,0,0,0
152,2017-04-14,09:16:48,400,TF1706,CCFX,99.025,99.01,99.07,135,133685350,18860,18906,100.175,97.805,98.99,99.05,0.0,99.05,0.0,0,0,2017-04-14,33408400,99.02,7,0,0,0,0,0,0,0,0,99.03,1,0,0,0,0,0,0,0,0
153,2017-04-14,09:16:48,900,TF1706,CCFX,99.025,99.01,99.07,135,133685350,18860,18906,100.175,97.805,98.99,99.05,0.0,99.05,0.0,0,0,2017-04-14,33408900,99.02,7,0,0,0,0,0,0,0,0,99.03,1,0,0,0,0,0,0,0,0
154,2017-04-14,09:16:52,400,TF1706,CCFX,99.03,99.01,99.07,136,134675650,18859,18906,100.175,97.805,98.99,99.05,0.0,99.05,0.0,0,0,2017-04-14,33412400,99.02,7,0,0,0,0,0,0,0,0,99.035,2,0,0,0,0,0,0,0,0
155,2017-04-14,09:16:52,900,TF1706,CCFX,99.03,99.01,99.07,136,134675650,18859,18906,100.175,97.805,98.99,99.05,0.0,99.05,0.0,0,0,2017-04-14,33412900,99.02,7,0,0,0,0,0,0,0,0,99.035,2,0,0,0,0,0,0,0,0
156,2017-04-14,09:16:53,400,TF1706,CCFX,99.03,99.01,99.07,136,134675650,18859,18906,100.175,97.805,98.99,99.05,0.0,99.05,0.0,0,0,2017-04-14,33413400,99.02,7,0,0,0,0,0,0,0,0,99.03,2,0,0,0,0,0,0,0,0
157,2017-04-14,09:16:53,900,TF1706,CCFX,99.03,99.01,99.07,138,136656250,18859,18906,100.175,97.805,98.99,99.05,0.0,99.05,0.0,0,0,2017-04-14,33413900,99.02,9,0,0,0,0,0,0,0,0,99.035,2,0,0,0,0,0,0,0,0
158,2017-04-14,09:16:54,400,TF1706,CCFX,99.03,99.01,99.07,138,136656250,18859,18906,100.175,97.805,98.99,99.05,0.0,99.05,0.0,0,0,2017-04-14,33414400,99.02,9,0,0,0,0,0,0,0,0,99.035,2,0,0,0,0,0,0,0,0
159,2017-04-14,09:16:54,900,TF1706,CCFX,99.035,99.01,99.07,140,138636950,18860,18906,100.175,97.805,98.99,99.05,0.0,99.05,0.0,0,0,2017-04-14,33414900,99.025,4,0,0,0,0,0,0,0,0,99.04,1,0,0,0,0,0,0,0,0
160,2017-04-14,09:16:55,400,TF1706,CCFX,99.035,99.01,99.07,140,138636950,18860,18906,100.175,97.805,98.99,99.05,0.0,99.05,0.0,0,0,2017-04-14,33415400,99.03,1,0,0,0,0,0,0,0,0,99.04,1,0,0,0,0,0,0,0,0
161,2017-04-14,09:16:55,900,TF1706,CCFX,99.035,99.01,99.07,140,138636950,18860,18906,100.175,97.805,98.99,99.05,0.0,99.05,0.0,0,0,2017-04-14,33415900,99.03,1,0,0,0,0,0,0,0,0,99.04,2,0,0,0,0,0,0,0,0
162,2017-04-14,09:16:56,400,TF1706,CCFX,99.035,99.01,99.07,140,138636950,18860,18906,100.175,97.805,98.99,99.05,0.0,99.05,0.0,0,0,2017-04-14,33416400,99.03,2,0,0,0,0,0,0,0,0,99.04,2,0,0,0,0,0,0,0,0
163,2017-04-14,09:16:58,400,TF1706,CCFX,99.035,99.01,99.07,140,138636950,18860,18906,100.175,97.805,98.99,99.05,0.0,99.05,0.0,0,0,2017-04-14,33418400,99.03,2,0,0,0,0,0,0,0,0,99.04,2,0,0,0,0,0,0,0,0
164,2017-04-14,09:16:58,900,TF1706,CCFX,99.035,99.01,99.07,140,138636950,18860,18906,100.175,97.805,98.99,99.05,0.0,99.05,0.0,0,0,2017-04-14,33418900,99.03,2,0,0,0,0,0,0,0,0,99.035,1,0,0,0,0,0,0,0,0
165,2017-04-14,09:16:59,400,TF1706,CCFX,99.035,99.01,99.07,140,138636950,18860,18906,100.175,97.805,98.99,99.05,0.0,99.05,0.0,0,0,2017-04-14,33419400,99.03,2,0,0,0,0,0,0,0,0,99.035,1,0,0,0,0,0,0,0,0
166,2017-04-14,09:16:59,900,TF1706,CCFX,99.035,99.01,99.07,141,139627300,18860,18906,100.175,97.805,98.99,99.05,0.0,99.05,0.0,0,0,2017-04-14,33419900,99.035,1,0,0,0,0,0,0,0,0,99.04,2,0,0,0,0,0,0,0,0
167,2017-04-14,09:17:00,400,TF1706,CCFX,99.04,99.01,99.07,142,140617700,18861,18906,100.175,97.805,98.99,99.05,0.0,99.05,0.0,0,0,2017-04-14,33420400,99.035,1,0,0,0,0,0,0,0,0,99.04,1,0,0,0,0,0,0,0,0
168,2017-04-14,09:17:00,900,TF1706,CCFX,99.04,99.01,99.07,145,143588800,18860,18906,100.175,97.805,98.99,99.05,0.0,99.05,0.0,0,0,2017-04-14,33420900,99.03,2,0,0,0,0,0,0,0,0,99.045,1,0,0,0,0,0,0,0,0
169,2017-04-14,09:17:01,400,TF1706,CCFX,99.04,99.01,99.07,145,143588800,18860,18906,100.175,97.805,98.99,99.05,0.0,99.05,0.0,0,0,2017-04-14,33421400,99.03,2,0,0,0,0,0,0,0,0,99.045,1,0,0,0,0,0,0,0,0
170,2017-04-14,09:17:01,900,TF1706,CCFX,99.04,99.01,99.07,145,143588800,18860,18906,100.175,97.805,98.99,99.05,0.0,99.05,0.0,0,0,2017-04-14,33421900,99.03,3,0,0,0,0,0,0,0,0,99.04,2,0,0,0,0,0,0,0,0
171,2017-04-14,09:17:02,400,TF1706,CCFX,99.04,99.01,99.07,145,143588800,18860,18906,100.175,97.805,98.99,99.05,0.0,99.05,0.0,0,0,2017-04-14,33422400,99.035,2,0,0,0,0,0,0,0,0,99.045,1,0,0,0,0,0,0,0,0
172,2017-04-14,09:17:02,900,TF1706,CCFX,99.04,99.01,99.07,145,143588800,18860,18906,100.175,97.805,98.99,99.05,0.0,99.05,0.0,0,0,2017-04-14,33422900,99.04,2,0,0,0,0,0,0,0,0,99.045,1,0,0,0,0,0,0,0,0
173,2017-04-14,09:17:03,400,TF1706,CCFX,99.05,99.01,99.07,147,145569750,18860,18906,100.175,97.805,98.99,99.05,0.0,99.05,0.0,0,0,2017-04-14,33423400,99.05,1,0,0,0,0,0,0,0,0,99.065,3,0,0,0,0,0,0,0,0
174,2017-04-14,09:17:03,900,TF1706,CCFX,99.05,99.01,99.07,148,146560250,18861,18906,100.175,97.805,98.99,99.05,0.0,99.05,0.0,0,0,2017-04-14,33423900,99.045,1,0,0,0,0,0,0,0,0,99.06,1,0,0,0,0,0,0,0,0
175,2017-04-14,09:17:04,400,TF1706,CCFX,99.05,99.01,99.07,148,146560250,18861,18906,100.175,97.805,98.99,99.05,0.0,99.05,0.0,0,0,2017-04-14,33424400,99.05,2,0,0,0,0,0,0,0,0,99.055,2,0,0,0,0,0,0,0,0
176,2017-04-14,09:17:04,900,TF1706,CCFX,99.05,99.01,99.07,148,146560250,18861,18906,100.175,97.805,98.99,99.05,0.0,99.05,0.0,0,0,2017-04-14,33424900,99.05,2,0,0,0,0,0,0,0,0,99.055,2,0,0,0,0,0,0,0,0
177,2017-04-14,09:17:05,400,TF1706,CCFX,99.05,99.01,99.07,148,146560250,18861,18906,100.175,97.805,98.99,99.05,0.0,99.05,0.0,0,0,2017-04-14,33425400,99.05,2,0,0,0,0,0,0,0,0,99.055,2,0,0,0,0,0,0,0,0
178,2017-04-14,09:17:05,900,TF1706,CCFX,99.05,99.01,99.07,148,146560250,18861,18906,100.175,97.805,98.99,99.05,0.0,99.05,0.0,0,0,2017-04-14,33425900,99.05,2,0,0,0,0,0,0,0,0,99.055,2,0,0,0,0,0,0,0,0
179,2017-04-14,09:17:06,400,TF1706,CCFX,99.05,99.01,99.07,148,146560250,18861,18906,100.175,97.805,98.99,99.05,0.0,99.05,0.0,0,0,2017-04-14,33426400,99.05,1,0,0,0,0,0,0,0,0,99.055,2,0,0,0,0,0,0,0,0
180,2017-04-14,09:17:06,900,TF1706,CCFX,99.05,99.01,99.07,149,147550750,18860,18906,100.175,97.805,98.99,99.05,0.0,99.05,0.0,0,0,2017-04-14,33426900,99.045,1,0,0,0,0,0,0,0,0,99.05,3,0,0,0,0,0,0,0,0
181,2017-04-14,09:17:07,400,TF1706,CCFX,99.045,99.01,99.07,150,148541200,18860,18906,100.175,97.805,98.99,99.05,0.0,99.05,0.0,0,0,2017-04-14,33427400,99.04,1,0,0,0,0,0,0,0,0,99.045,5,0,0,0,0,0,0,0,0
182,2017-04-14,09:17:07,900,TF1706,CCFX,99.045,99.01,99.07,150,148541200,18860,18906,100.175,97.805,98.99,99.05,0.0,99.05,0.0,0,0,2017-04-14,33427900,99.04,1,0,0,0,0,0,0,0,0,99.045,5,0,0,0,0,0,0,0,0
183,2017-04-14,09:17:08,400,TF1706,CCFX,99.045,99.01,99.07,150,148541200,18860,18906,100.175,97.805,98.99,99.05,0.0,99.05,0.0,0,0,2017-04-14,33428400,99.04,1,0,0,0,0,0,0,0,0,99.045,5,0,0,0,0,0,0,0,0
184,2017-04-14,09:17:08,900,TF1706,CCFX,99.045,99.01,99.07,152,150522100,18860,18906,100.175,97.805,98.99,99.05,0.0,99.05,0.0,0,0,2017-04-14,33428900,99.04,1,0,0,0,0,0,0,0,0,99.045,3,0,0,0,0,0,0,0,0
185,2017-04-14,09:17:09,400,TF1706,CCFX,99.045,99.01,99.07,152,150522100,18860,18906,100.175,97.805,98.99,99.05,0.0,99.05,0.0,0,0,2017-04-14,33429400,99.04,1,0,0,0,0,0,0,0,0,99.05,2,0,0,0,0,0,0,0,0
186,2017-04-14,09:17:09,900,TF1706,CCFX,99.055,99.01,99.07,156,154484200,18859,18906,100.175,97.805,98.99,99.05,0.0,99.05,0.0,0,0,2017-04-14,33429900,99.055,6,0,0,0,0,0,0,0,0,99.06,2,0,0,0,0,0,0,0,0
187,2017-04-14,09:17:10,400,TF1706,CCFX,99.055,99.01,99.07,162,160427500,18857,18906,100.175,97.805,98.99,99.05,0.0,99.05,0.0,0,0,2017-04-14,33430400,99.045,2,0,0,0,0,0,0,0,0,99.055,5,0,0,0,0,0,0,0,0
188,2017-04-14,09:17:10,900,TF1706,CCFX,99.055,99.01,99.07,162,160427500,18857,18906,100.175,97.805,98.99,99.05,0.0,99.05,0.0,0,0,2017-04-14,33430900,99.045,3,0,0,0,0,0,0,0,0,99.055,2,0,0,0,0,0,0,0,0
189,2017-04-14,09:17:11,400,TF1706,CCFX,99.055,99.01,99.07,162,160427500,18857,18906,100.175,97.805,98.99,99.05,0.0,99.05,0.0,0,0,2017-04-14,33431400,99.045,3,0,0,0,0,0,0,0,0,99.055,2,0,0,0,0,0,0,0,0
190,2017-04-14,09:17:11,900,TF1706,CCFX,99.055,99.01,99.07,162,160427500,18857,18906,100.175,97.805,98.99,99.05,0.0,99.05,0.0,0,0,2017-04-14,33431900,99.05,8,0,0,0,0,0,0,0,0,99.055,2,0,0,0,0,0,0,0,0
191,2017-04-14,09:17:12,400,TF1706,CCFX,99.055,99.01,99.07,162,160427500,18857,18906,100.175,97.805,98.99,99.05,0.0,99.05,0.0,0,0,2017-04-14,33432400,99.05,1,0,0,0,0,0,0,0,0,99.06,2,0,0,0,0,0,0,0,0
192,2017-04-14,09:17:12,900,TF1706,CCFX,99.055,99.01,99.07,162,160427500,18857,18906,100.175,97.805,98.99,99.05,0.0,99.05,0.0,0,0,2017-04-14,33432900,99.05,1,0,0,0,0,0,0,0,0,99.06,2,0,0,0,0,0,0,0,0
193,2017-04-14,09:17:13,900,TF1706,CCFX,99.06,99.01,99.07,163,161418100,18856,18906,100.175,97.805,98.99,99.05,0.0,99.05,0.0,0,0,2017-04-14,33433900,99.05,1,0,0,0,0,0,0,0,0,99.06,1,0,0,0,0,0,0,0,0
194,2017-04-14,09:17:14,400,TF1706,CCFX,99.06,99.01,99.07,164,162408700,18856,18906,100.175,97.805,98.99,99.05,0.0,99.05,0.0,0,0,2017-04-14,33434400,99.055,3,0,0,0,0,0,0,0,0,99.065,2,0,0,0,0,0,0,0,0
195,2017-04-14,09:17:14,900,TF1706,CCFX,99.065,99.01,99.07,165,163399350,18855,18906,100.175,97.805,98.99,99.05,0.0,99.05,0.0,0,0,2017-04-14,33434900,99.055,3,0,0,0,0,0,0,0,0,99.065,1,0,0,0,0,0,0,0,0
196,2017-04-14,09:17:15,400,TF1706,CCFX,99.065,99.01,99.07,165,163399350,18855,18906,100.175,97.805,98.99,99.05,0.0,99.05,0.0,0,0,2017-04-14,33435400,99.055,4,0,0,0,0,0,0,0,0,99.065,1,0,0,0,0,0,0,0,0
197,2017-04-14,09:17:15,900,TF1706,CCFX,99.065,99.01,99.07,166,164390000,18855,18906,100.175,97.805,98.99,99.05,0.0,99.05,0.0,0,0,2017-04-14,33435900,99.06,1,0,0,0,0,0,0,0,0,99.07,3,0,0,0,0,0,0,0,0
198,2017-04-14,09:17:16,400,TF1706,CCFX,99.065,99.01,99.07,166,164390000,18855,18906,100.175,97.805,98.99,99.05,0.0,99.05,0.0,0,0,2017-04-14,33436400,99.06,1,0,0,0,0,0,0,0,0,99.07,3,0,0,0,0,0,0,0,0
199,2017-04-14,09:17:16,900,TF1706,CCFX,99.055,99.01,99.07,171,169342850,18855,18906,100.175,97.805,98.99,99.05,0.0,99.05,0.0,0,0,2017-04-14,33436900,99.05,1,0,0,0,0,0,0,0,0,99.055,2,0,0,0,0,0,0,0,0
200,2017-04-14,09:17:17,400,TF1706,CCFX,99.055,99.01,99.07,172,170333400,18856,18906,100.175,97.805,98.99,99.05,0.0,99.05,0.0,0,0,2017-04-14,33437400,99.05,2,0,0,0,0,0,0,0,0,99.06,3,0,0,0,0,0,0,0,0
201,2017-04-14,09:17:17,900,TF1706,CCFX,99.055,99.01,99.07,172,170333400,18856,18906,100.175,97.805,98.99,99.05,0.0,99.05,0.0,0,0,2017-04-14,33437900,99.05,2,0,0,0,0,0,0,0,0,99.06,1,0,0,0,0,0,0,0,0
202,2017-04-14,09:17:18,400,TF1706,CCFX,99.055,99.01,99.07,172,170333400,18856,18906,100.175,97.805,98.99,99.05,0.0,99.05,0.0,0,0,2017-04-14,33438400,99.05,2,0,0,0,0,0,0,0,0,99.06,2,0,0,0,0,0,0,0,0
203,2017-04-14,09:17:18,900,TF1706,CCFX,99.05,99.01,99.07,173,171323900,18855,18906,100.175,97.805,98.99,99.05,0.0,99.05,0.0,0,0,2017-04-14,33438900,99.05,1,0,0,0,0,0,0,0,0,99.06,2,0,0,0,0,0,0,0,0
204,2017-04-14,09:17:19,900,TF1706,CCFX,99.05,99.01,99.07,173,171323900,18855,18906,100.175,97.805,98.99,99.05,0.0,99.05,0.0,0,0,2017-04-14,33439900,99.05,1,0,0,0,0,0,0,0,0,99.06,2,0,0,0,0,0,0,0,0
205,2017-04-14,09:17:20,400,TF1706,CCFX,99.05,99.01,99.07,173,171323900,18855,18906,100.175,97.805,98.99,99.05,0.0,99.05,0.0,0,0,2017-04-14,33440400,99.05,1,0,0,0,0,0,0,0,0,99.06,1,0,0,0,0,0,0,0,0
206,2017-04-14,09:17:22,400,TF1706,CCFX,99.05,99.01,99.07,173,171323900,18855,18906,100.175,97.805,98.99,99.05,0.0,99.05,0.0,0,0,2017-04-14,33442400,99.05,11,0,0,0,0,0,0,0,0,99.06,1,0,0,0,0,0,0,0,0
207,2017-04-14,09:17:24,900,TF1706,CCFX,99.05,99.01,99.07,173,171323900,18855,18906,100.175,97.805,98.99,99.05,0.0,99.05,0.0,0,0,2017-04-14,33444900,99.05,11,0,0,0,0,0,0,0,0,99.06,1,0,0,0,0,0,0,0,0
208,2017-04-14,09:17:26,400,TF1706,CCFX,99.06,99.01,99.07,174,172314500,18854,18906,100.175,97.805,98.99,99.05,0.0,99.05,0.0,0,0,2017-04-14,33446400,99.05,11,0,0,0,0,0,0,0,0,99.065,1,0,0,0,0,0,0,0,0
209,2017-04-14,09:17:26,900,TF1706,CCFX,99.06,99.01,99.07,174,172314500,18854,18906,100.175,97.805,98.99,99.05,0.0,99.05,0.0,0,0,2017-04-14,33446900,99.055,1,0,0,0,0,0,0,0,0,99.065,1,0,0,0,0,0,0,0,0
210,2017-04-14,09:17:27,400,TF1706,CCFX,99.06,99.01,99.07,174,172314500,18854,18906,100.175,97.805,98.99,99.05,0.0,99.05,0.0,0,0,2017-04-14,33447400,99.055,1,0,0,0,0,0,0,0,0,99.06,1,0,0,0,0,0,0,0,0
211,2017-04-14,09:17:27,900,TF1706,CCFX,99.055,99.01,99.07,175,173305050,18853,18906,100.175,97.805,98.99,99.05,0.0,99.05,0.0,0,0,2017-04-14,33447900,99.05,11,0,0,0,0,0,0,0,0,99.055,1,0,0,0,0,0,0,0,0
212,2017-04-14,09:17:28,400,TF1706,CCFX,99.055,99.01,99.07,175,173305050,18853,18906,100.175,97.805,98.99,99.05,0.0,99.05,0.0,0,0,2017-04-14,33448400,99.05,11,0,0,0,0,0,0,0,0,99.055,1,0,0,0,0,0,0,0,0
213,2017-04-14,09:17:28,900,TF1706,CCFX,99.055,99.01,99.07,175,173305050,18853,18906,100.175,97.805,98.99,99.05,0.0,99.05,0.0,0,0,2017-04-14,33448900,99.05,11,0,0,0,0,0,0,0,0,99.055,1,0,0,0,0,0,0,0,0
214,2017-04-14,09:17:31,400,TF1706,CCFX,99.055,99.01,99.07,176,174295600,18853,18906,100.175,97.805,98.99,99.05,0.0,99.05,0.0,0,0,2017-04-14,33451400,99.05,11,0,0,0,0,0,0,0,0,99.06,6,0,0,0,0,0,0,0,0
215,2017-04-14,09:17:32,900,TF1706,CCFX,99.05,99.01,99.07,177,175286100,18853,18906,100.175,97.805,98.99,99.05,0.0,99.05,0.0,0,0,2017-04-14,33452900,99.05,10,0,0,0,0,0,0,0,0,99.06,6,0,0,0,0,0,0,0,0
216,2017-04-14,09:17:35,900,TF1706,CCFX,99.05,99.01,99.07,177,175286100,18853,18906,100.175,97.805,98.99,99.05,0.0,99.05,0.0,0,0,2017-04-14,33455900,99.05,10,0,0,0,0,0,0,0,0,99.06,6,0,0,0,0,0,0,0,0
217,2017-04-14,09:17:37,400,TF1706,CCFX,99.05,99.01,99.07,177,175286100,18853,18906,100.175,97.805,98.99,99.05,0.0,99.05,0.0,0,0,2017-04-14,33457400,99.05,10,0,0,0,0,0,0,0,0,99.06,6,0,0,0,0,0,0,0,0
218,2017-04-14,09:17:37,900,TF1706,CCFX,99.05,99.01,99.07,178,176276600,18852,18906,100.175,97.805,98.99,99.05,0.0,99.05,0.0,0,0,2017-04-14,33457900,99.05,9,0,0,0,0,0,0,0,0,99.06,6,0,0,0,0,0,0,0,0
219,2017-04-14,09:17:38,400,TF1706,CCFX,99.05,99.01,99.07,178,176276600,18852,18906,100.175,97.805,98.99,99.05,0.0,99.05,0.0,0,0,2017-04-14,33458400,99.05,10,0,0,0,0,0,0,0,0,99.06,6,0,0,0,0,0,0,0,0
220,2017-04-14,09:17:40,400,TF1706,CCFX,99.06,99.01,99.07,182,180239000,18852,18906,100.175,97.805,98.99,99.05,0.0,99.05,0.0,0,0,2017-04-14,33460400,99.055,1,0,0,0,0,0,0,0,0,99.06,3,0,0,0,0,0,0,0,0
221,2017-04-14,09:17:42,400,TF1706,CCFX,99.06,99.01,99.07,182,180239000,18852,18906,100.175,97.805,98.99,99.05,0.0,99.05,0.0,0,0,2017-04-14,33462400,99.055,2,0,0,0,0,0,0,0,0,99.06,3,0,0,0,0,0,0,0,0
222,2017-04-14,09:17:42,900,TF1706,CCFX,99.06,99.01,99.07,182,180239000,18852,18906,100.175,97.805,98.99,99.05,0.0,99.05,0.0,0,0,2017-04-14,33462900,99.055,2,0,0,0,0,0,0,0,0,99.06,3,0,0,0,0,0,0,0,0
223,2017-04-14,09:17:47,900,TF1706,CCFX,99.06,99.01,99.07,185,183210800,18855,18906,100.175,97.805,98.99,99.05,0.0,99.05,0.0,0,0,2017-04-14,33467900,99.06,17,0,0,0,0,0,0,0,0,99.065,1,0,0,0,0,0,0,0,0
224,2017-04-14,09:17:48,400,TF1706,CCFX,99.06,99.01,99.07,185,183210800,18855,18906,100.175,97.805,98.99,99.05,0.0,99.05,0.0,0,0,2017-04-14,33468400,99.06,17,0,0,0,0,0,0,0,0,99.065,1,0,0,0,0,0,0,0,0
225,2017-04-14,09:17:48,900,TF1706,CCFX,99.06,99.01,99.07,186,184201400,18855,18906,100.175,97.805,98.99,99.05,0.0,99.05,0.0,0,0,2017-04-14,33468900,99.06,16,0,0,0,0,0,0,0,0,99.065,3,0,0,0,0,0,0,0,0
226,2017-04-14,09:17:49,400,TF1706,CCFX,99.06,99.01,99.07,186,184201400,18855,18906,100.175,97.805,98.99,99.05,0.0,99.05,0.0,0,0,2017-04-14,33469400,99.06,16,0,0,0,0,0,0,0,0,99.065,3,0,0,0,0,0,0,0,0
227,2017-04-14,09:17:49,900,TF1706,CCFX,99.06,99.01,99.07,186,184201400,18855,18906,100.175,97.805,98.99,99.05,0.0,99.05,0.0,0,0,2017-04-14,33469900,99.06,16,0,0,0,0,0,0,0,0,99.065,3,0,0,0,0,0,0,0,0
228,2017-04-14,09:17:50,400,TF1706,CCFX,99.06,99.01,99.07,187,185192000,18855,18906,100.175,97.805,98.99,99.05,0.0,99.05,0.0,0,0,2017-04-14,33470400,99.06,15,0,0,0,0,0,0,0,0,99.065,3,0,0,0,0,0,0,0,0
229,2017-04-14,09:17:52,400,TF1706,CCFX,99.065,99.01,99.07,189,187173300,18853,18906,100.175,97.805,98.99,99.05,0.0,99.05,0.0,0,0,2017-04-14,33472400,99.06,15,0,0,0,0,0,0,0,0,99.065,1,0,0,0,0,0,0,0,0
230,2017-04-14,09:17:52,900,TF1706,CCFX,99.065,99.01,99.07,190,188163950,18852,18906,100.175,97.805,98.99,99.05,0.0,99.05,0.0,0,0,2017-04-14,33472900,99.06,15,0,0,0,0,0,0,0,0,99.07,8,0,0,0,0,0,0,0,0
231,2017-04-14,09:17:53,400,TF1706,CCFX,99.065,99.01,99.07,190,188163950,18852,18906,100.175,97.805,98.99,99.05,0.0,99.05,0.0,0,0,2017-04-14,33473400,99.06,15,0,0,0,0,0,0,0,0,99.07,5,0,0,0,0,0,0,0,0
232,2017-04-14,09:17:53,900,TF1706,CCFX,99.065,99.01,99.07,190,188163950,18852,18906,100.175,97.805,98.99,99.05,0.0,99.05,0.0,0,0,2017-04-14,33473900,99.065,1,0,0,0,0,0,0,0,0,99.07,5,0,0,0,0,0,0,0,0
233,2017-04-14,09:17:54,400,TF1706,CCFX,99.065,99.01,99.07,190,188163950,18852,18906,100.175,97.805,98.99,99.05,0.0,99.05,0.0,0,0,2017-04-14,33474400,99.065,1,0,0,0,0,0,0,0,0,99.07,5,0,0,0,0,0,0,0,0
234,2017-04-14,09:17:54,900,TF1706,CCFX,99.07,99.01,99.07,195,193117450,18851,18906,100.175,97.805,98.99,99.05,0.0,99.05,0.0,0,0,2017-04-14,33474900,99.07,3,0,0,0,0,0,0,0,0,99.075,2,0,0,0,0,0,0,0,0
235,2017-04-14,09:17:55,400,TF1706,CCFX,99.07,99.01,99.07,195,193117450,18851,18906,100.175,97.805,98.99,99.05,0.0,99.05,0.0,0,0,2017-04-14,33475400,99.07,2,0,0,0,0,0,0,0,0,99.075,2,0,0,0,0,0,0,0,0
236,2017-04-14,09:17:55,900,TF1706,CCFX,99.07,99.01,99.07,196,194108150,18850,18906,100.175,97.805,98.99,99.05,0.0,99.05,0.0,0,0,2017-04-14,33475900,99.07,1,0,0,0,0,0,0,0,0,99.075,2,0,0,0,0,0,0,0,0
237,2017-04-14,09:17:56,400,TF1706,CCFX,99.07,99.01,99.07,196,194108150,18850,18906,100.175,97.805,98.99,99.05,0.0,99.05,0.0,0,0,2017-04-14,33476400,99.07,1,0,0,0,0,0,0,0,0,99.075,3,0,0,0,0,0,0,0,0
238,2017-04-14,09:17:56,900,TF1706,CCFX,99.07,99.01,99.07,196,194108150,18850,18906,100.175,97.805,98.99,99.05,0.0,99.05,0.0,0,0,2017-04-14,33476900,99.065,2,0,0,0,0,0,0,0,0,99.075,3,0,0,0,0,0,0,0,0
239,2017-04-14,09:17:57,400,TF1706,CCFX,99.07,99.01,99.07,196,194108150,18850,18906,100.175,97.805,98.99,99.05,0.0,99.05,0.0,0,0,2017-04-14,33477400,99.065,2,0,0,0,0,0,0,0,0,99.07,2,0,0,0,0,0,0,0,0
240,2017-04-14,09:17:57,900,TF1706,CCFX,99.08,99.01,99.08,202,200052600,18846,18906,100.175,97.805,98.99,99.05,0.0,99.05,0.0,0,0,2017-04-14,33477900,99.065,2,0,0,0,0,0,0,0,0,99.08,6,0,0,0,0,0,0,0,0
241,2017-04-14,09:17:58,400,TF1706,CCFX,99.08,99.01,99.08,202,200052600,18846,18906,100.175,97.805,98.99,99.05,0.0,99.05,0.0,0,0,2017-04-14,33478400,99.065,2,0,0,0,0,0,0,0,0,99.075,1,0,0,0,0,0,0,0,0
242,2017-04-14,09:17:58,900,TF1706,CCFX,99.08,99.01,99.08,202,200052600,18846,18906,100.175,97.805,98.99,99.05,0.0,99.05,0.0,0,0,2017-04-14,33478900,99.065,3,0,0,0,0,0,0,0,0,99.075,2,0,0,0,0,0,0,0,0
243,2017-04-14,09:17:59,400,TF1706,CCFX,99.08,99.01,99.08,202,200052600,18846,18906,100.175,97.805,98.99,99.05,0.0,99.05,0.0,0,0,2017-04-14,33479400,99.065,3,0,0,0,0,0,0,0,0,99.075,2,0,0,0,0,0,0,0,0
244,2017-04-14,09:17:59,900,TF1706,CCFX,99.08,99.01,99.08,202,200052600,18846,18906,100.175,97.805,98.99,99.05,0.0,99.05,0.0,0,0,2017-04-14,33479900,99.065,3,0,0,0,0,0,0,0,0,99.07,8,0,0,0,0,0,0,0,0
245,2017-04-14,09:18:00,400,TF1706,CCFX,99.08,99.01,99.08,204,202034200,18844,18906,100.175,97.805,98.99,99.05,0.0,99.05,0.0,0,0,2017-04-14,33480400,99.065,3,0,0,0,0,0,0,0,0,99.08,4,0,0,0,0,0,0,0,0
246,2017-04-14,09:18:00,900,TF1706,CCFX,99.08,99.01,99.08,205,203025000,18843,18906,100.175,97.805,98.99,99.05,0.0,99.05,0.0,0,0,2017-04-14,33480900,99.07,1,0,0,0,0,0,0,0,0,99.08,9,0,0,0,0,0,0,0,0
247,2017-04-14,09:18:01,400,TF1706,CCFX,99.08,99.01,99.08,207,205006600,18841,18906,100.175,97.805,98.99,99.05,0.0,99.05,0.0,0,0,2017-04-14,33481400,99.07,2,0,0,0,0,0,0,0,0,99.08,7,0,0,0,0,0,0,0,0
248,2017-04-14,09:18:01,900,TF1706,CCFX,99.08,99.01,99.08,207,205006600,18841,18906,100.175,97.805,98.99,99.05,0.0,99.05,0.0,0,0,2017-04-14,33481900,99.07,2,0,0,0,0,0,0,0,0,99.08,1,0,0,0,0,0,0,0,0
249,2017-04-14,09:18:02,900,TF1706,CCFX,99.08,99.01,99.08,208,205997400,18841,18906,100.175,97.805,98.99,99.05,0.0,99.05,0.0,0,0,2017-04-14,33482900,99.07,2,0,0,0,0,0,0,0,0,99.08,6,0,0,0,0,0,0,0,0
250,2017-04-14,09:18:03,400,TF1706,CCFX,99.08,99.01,99.08,208,205997400,18841,18906,100.175,97.805,98.99,99.05,0.0,99.05,0.0,0,0,2017-04-14,33483400,99.075,2,0,0,0,0,0,0,0,0,99.085,1,0,0,0,0,0,0,0,0
251,2017-04-14,09:18:03,900,TF1706,CCFX,99.075,99.01,99.08,209,206988150,18840,18906,100.175,97.805,98.99,99.05,0.0,99.05,0.0,0,0,2017-04-14,33483900,99.075,2,0,0,0,0,0,0,0,0,99.085,3,0,0,0,0,0,0,0,0
252,2017-04-14,09:18:04,400,TF1706,CCFX,99.075,99.01,99.08,209,206988150,18840,18906,100.175,97.805,98.99,99.05,0.0,99.05,0.0,0,0,2017-04-14,33484400,99.075,2,0,0,0,0,0,0,0,0,99.08,3,0,0,0,0,0,0,0,0
253,2017-04-14,09:18:04,900,TF1706,CCFX,99.08,99.01,99.08,211,208969750,18841,18906,100.175,97.805,98.99,99.05,0.0,99.05,0.0,0,0,2017-04-14,33484900,99.075,4,0,0,0,0,0,0,0,0,99.08,2,0,0,0,0,0,0,0,0
254,2017-04-14,09:18:05,400,TF1706,CCFX,99.08,99.01,99.08,213,210951350,18842,18906,100.175,97.805,98.99,99.05,0.0,99.05,0.0,0,0,2017-04-14,33485400,99.075,4,0,0,0,0,0,0,0,0,99.085,1,0,0,0,0,0,0,0,0
255,2017-04-14,09:18:05,900,TF1706,CCFX,99.08,99.01,99.08,213,210951350,18842,18906,100.175,97.805,98.99,99.05,0.0,99.05,0.0,0,0,2017-04-14,33485900,99.075,4,0,0,0,0,0,0,0,0,99.085,1,0,0,0,0,0,0,0,0
256,2017-04-14,09:18:06,400,TF1706,CCFX,99.08,99.01,99.08,213,210951350,18842,18906,100.175,97.805,98.99,99.05,0.0,99.05,0.0,0,0,2017-04-14,33486400,99.075,4,0,0,0,0,0,0,0,0,99.085,1,0,0,0,0,0,0,0,0
257,2017-04-14,09:18:07,900,TF1706,CCFX,99.085,99.01,99.085,214,211942200,18841,18906,100.175,97.805,98.99,99.05,0.0,99.05,0.0,0,0,2017-04-14,33487900,99.075,4,0,0,0,0,0,0,0,0,99.09,6,0,0,0,0,0,0,0,0
258,2017-04-14,09:18:08,400,TF1706,CCFX,99.09,99.01,99.09,215,212933100,18840,18906,100.175,97.805,98.99,99.05,0.0,99.05,0.0,0,0,2017-04-14,33488400,99.075,4,0,0,0,0,0,0,0,0,99.09,3,0,0,0,0,0,0,0,0
259,2017-04-14,09:18:08,900,TF1706,CCFX,99.09,99.01,99.09,215,212933100,18840,18906,100.175,97.805,98.99,99.05,0.0,99.05,0.0,0,0,2017-04-14,33488900,99.075,4,0,0,0,0,0,0,0,0,99.09,9,0,0,0,0,0,0,0,0
260,2017-04-14,09:18:09,400,TF1706,CCFX,99.09,99.01,99.09,215,212933100,18840,18906,100.175,97.805,98.99,99.05,0.0,99.05,0.0,0,0,2017-04-14,33489400,99.075,4,0,0,0,0,0,0,0,0,99.085,1,0,0,0,0,0,0,0,0
261,2017-04-14,09:18:10,400,TF1706,CCFX,99.075,99.01,99.09,216,213923850,18841,18906,100.175,97.805,98.99,99.05,0.0,99.05,0.0,0,0,2017-04-14,33490400,99.075,3,0,0,0,0,0,0,0,0,99.085,1,0,0,0,0,0,0,0,0
262,2017-04-14,09:18:10,900,TF1706,CCFX,99.085,99.01,99.09,218,215905550,18842,18906,100.175,97.805,98.99,99.05,0.0,99.05,0.0,0,0,2017-04-14,33490900,99.075,3,0,0,0,0,0,0,0,0,99.09,2,0,0,0,0,0,0,0,0
263,2017-04-14,09:18:11,400,TF1706,CCFX,99.085,99.01,99.09,218,215905550,18842,18906,100.175,97.805,98.99,99.05,0.0,99.05,0.0,0,0,2017-04-14,33491400,99.08,1,0,0,0,0,0,0,0,0,99.09,3,0,0,0,0,0,0,0,0
264,2017-04-14,09:18:11,900,TF1706,CCFX,99.09,99.01,99.09,220,217887350,18842,18906,100.175,97.805,98.99,99.05,0.0,99.05,0.0,0,0,2017-04-14,33491900,99.085,11,0,0,0,0,0,0,0,0,99.09,1,0,0,0,0,0,0,0,0
265,2017-04-14,09:18:12,400,TF1706,CCFX,99.09,99.01,99.09,221,218878250,18842,18906,100.175,97.805,98.99,99.05,0.0,99.05,0.0,0,0,2017-04-14,33492400,99.09,8,0,0,0,0,0,0,0,0,99.095,2,0,0,0,0,0,0,0,0
266,2017-04-14,09:18:12,900,TF1706,CCFX,99.095,99.01,99.095,223,220860150,18844,18906,100.175,97.805,98.99,99.05,0.0,99.05,0.0,0,0,2017-04-14,33492900,99.09,2,0,0,0,0,0,0,0,0,99.1,4,0,0,0,0,0,0,0,0
267,2017-04-14,09:18:13,400,TF1706,CCFX,99.1,99.01,99.1,224,221851150,18845,18906,100.175,97.805,98.99,99.05,0.0,99.05,0.0,0,0,2017-04-14,33493400,99.085,3,0,0,0,0,0,0,0,0,99.1,3,0,0,0,0,0,0,0,0
268,2017-04-14,09:18:13,900,TF1706,CCFX,99.1,99.01,99.1,225,222842150,18844,18906,100.175,97.805,98.99,99.05,0.0,99.05,0.0,0,0,2017-04-14,33493900,99.095,1,0,0,0,0,0,0,0,0,99.1,2,0,0,0,0,0,0,0,0
269,2017-04-14,09:18:14,400,TF1706,CCFX,99.09,99.01,99.1,227,224824000,18845,18906,100.175,97.805,98.99,99.05,0.0,99.05,0.0,0,0,2017-04-14,33494400,99.085,3,0,0,0,0,0,0,0,0,99.09,3,0,0,0,0,0,0,0,0
270,2017-04-14,09:18:14,900,TF1706,CCFX,99.09,99.01,99.1,230,227796700,18848,18906,100.175,97.805,98.99,99.05,0.0,99.05,0.0,0,0,2017-04-14,33494900,99.09,4,0,0,0,0,0,0,0,0,99.1,2,0,0,0,0,0,0,0,0
271,2017-04-14,09:18:15,400,TF1706,CCFX,99.085,99.01,99.1,231,228787550,18849,18906,100.175,97.805,98.99,99.05,0.0,99.05,0.0,0,0,2017-04-14,33495400,99.085,2,0,0,0,0,0,0,0,0,99.1,2,0,0,0,0,0,0,0,0
272,2017-04-14,09:18:15,900,TF1706,CCFX,99.085,99.01,99.1,231,228787550,18849,18906,100.175,97.805,98.99,99.05,0.0,99.05,0.0,0,0,2017-04-14,33495900,99.09,1,0,0,0,0,0,0,0,0,99.1,2,0,0,0,0,0,0,0,0
273,2017-04-14,09:18:16,400,TF1706,CCFX,99.085,99.01,99.1,231,228787550,18849,18906,100.175,97.805,98.99,99.05,0.0,99.05,0.0,0,0,2017-04-14,33496400,99.09,1,0,0,0,0,0,0,0,0,99.1,2,0,0,0,0,0,0,0,0
274,2017-04-14,09:18:17,400,TF1706,CCFX,99.09,99.01,99.1,232,229778450,18849,18906,100.175,97.805,98.99,99.05,0.0,99.05,0.0,0,0,2017-04-14,33497400,99.085,2,0,0,0,0,0,0,0,0,99.095,1,0,0,0,0,0,0,0,0
275,2017-04-14,09:18:17,900,TF1706,CCFX,99.09,99.01,99.1,232,229778450,18849,18906,100.175,97.805,98.99,99.05,0.0,99.05,0.0,0,0,2017-04-14,33497900,99.09,1,0,0,0,0,0,0,0,0,99.1,2,0,0,0,0,0,0,0,0
276,2017-04-14,09:18:18,400,TF1706,CCFX,99.09,99.01,99.1,232,229778450,18849,18906,100.175,97.805,98.99,99.05,0.0,99.05,0.0,0,0,2017-04-14,33498400,99.09,1,0,0,0,0,0,0,0,0,99.1,2,0,0,0,0,0,0,0,0
277,2017-04-14,09:18:18,900,TF1706,CCFX,99.09,99.01,99.1,232,229778450,18849,18906,100.175,97.805,98.99,99.05,0.0,99.05,0.0,0,0,2017-04-14,33498900,99.09,1,0,0,0,0,0,0,0,0,99.095,1,0,0,0,0,0,0,0,0
278,2017-04-14,09:18:19,400,TF1706,CCFX,99.095,99.01,99.1,233,230769400,18849,18906,100.175,97.805,98.99,99.05,0.0,99.05,0.0,0,0,2017-04-14,33499400,99.09,1,0,0,0,0,0,0,0,0,99.1,2,0,0,0,0,0,0,0,0
279,2017-04-14,09:18:19,900,TF1706,CCFX,99.095,99.01,99.1,233,230769400,18849,18906,100.175,97.805,98.99,99.05,0.0,99.05,0.0,0,0,2017-04-14,33499900,99.09,1,0,0,0,0,0,0,0,0,99.1,2,0,0,0,0,0,0,0,0
280,2017-04-14,09:18:20,400,TF1706,CCFX,99.095,99.01,99.1,233,230769400,18849,18906,100.175,97.805,98.99,99.05,0.0,99.05,0.0,0,0,2017-04-14,33500400,99.09,1,0,0,0,0,0,0,0,0,99.1,2,0,0,0,0,0,0,0,0
281,2017-04-14,09:18:21,900,TF1706,CCFX,99.095,99.01,99.1,233,230769400,18849,18906,100.175,97.805,98.99,99.05,0.0,99.05,0.0,0,0,2017-04-14,33501900,99.095,2,0,0,0,0,0,0,0,0,99.1,2,0,0,0,0,0,0,0,0
282,2017-04-14,09:18:22,400,TF1706,CCFX,99.1,99.01,99.1,237,234733250,18847,18906,100.175,97.805,98.99,99.05,0.0,99.05,0.0,0,0,2017-04-14,33502400,99.09,1,0,0,0,0,0,0,0,0,99.1,1,0,0,0,0,0,0,0,0
283,2017-04-14,09:18:22,900,TF1706,CCFX,99.1,99.01,99.1,237,234733250,18847,18906,100.175,97.805,98.99,99.05,0.0,99.05,0.0,0,0,2017-04-14,33502900,99.09,1,0,0,0,0,0,0,0,0,99.1,1,0,0,0,0,0,0,0,0
284,2017-04-14,09:18:23,400,TF1706,CCFX,99.1,99.01,99.1,237,234733250,18847,18906,100.175,97.805,98.99,99.05,0.0,99.05,0.0,0,0,2017-04-14,33503400,99.095,1,0,0,0,0,0,0,0,0,99.1,1,0,0,0,0,0,0,0,0
285,2017-04-14,09:18:23,900,TF1706,CCFX,99.095,99.01,99.1,238,235724200,18847,18906,100.175,97.805,98.99,99.05,0.0,99.05,0.0,0,0,2017-04-14,33503900,99.09,1,0,0,0,0,0,0,0,0,99.095,1,0,0,0,0,0,0,0,0
286,2017-04-14,09:18:24,400,TF1706,CCFX,99.095,99.01,99.1,238,235724200,18847,18906,100.175,97.805,98.99,99.05,0.0,99.05,0.0,0,0,2017-04-14,33504400,99.08,4,0,0,0,0,0,0,0,0,99.1,1,0,0,0,0,0,0,0,0
287,2017-04-14,09:18:24,900,TF1706,CCFX,99.095,99.01,99.1,238,235724200,18847,18906,100.175,97.805,98.99,99.05,0.0,99.05,0.0,0,0,2017-04-14,33504900,99.085,1,0,0,0,0,0,0,0,0,99.095,1,0,0,0,0,0,0,0,0
288,2017-04-14,09:18:25,400,TF1706,CCFX,99.095,99.01,99.1,238,235724200,18847,18906,100.175,97.805,98.99,99.05,0.0,99.05,0.0,0,0,2017-04-14,33505400,99.085,1,0,0,0,0,0,0,0,0,99.095,3,0,0,0,0,0,0,0,0
289,2017-04-14,09:18:25,900,TF1706,CCFX,99.095,99.01,99.1,238,235724200,18847,18906,100.175,97.805,98.99,99.05,0.0,99.05,0.0,0,0,2017-04-14,33505900,99.085,1,0,0,0,0,0,0,0,0,99.095,2,0,0,0,0,0,0,0,0
290,2017-04-14,09:18:26,400,TF1706,CCFX,99.085,99.01,99.1,239,236715050,18847,18906,100.175,97.805,98.99,99.05,0.0,99.05,0.0,0,0,2017-04-14,33506400,99.08,4,0,0,0,0,0,0,0,0,99.095,2,0,0,0,0,0,0,0,0
291,2017-04-14,09:18:26,900,TF1706,CCFX,99.085,99.01,99.1,239,236715050,18847,18906,100.175,97.805,98.99,99.05,0.0,99.05,0.0,0,0,2017-04-14,33506900,99.085,1,0,0,0,0,0,0,0,0,99.095,2,0,0,0,0,0,0,0,0
292,2017-04-14,09:18:27,400,TF1706,CCFX,99.085,99.01,99.1,239,236715050,18847,18906,100.175,97.805,98.99,99.05,0.0,99.05,0.0,0,0,2017-04-14,33507400,99.085,1,0,0,0,0,0,0,0,0,99.09,1,0,0,0,0,0,0,0,0
293,2017-04-14,09:18:27,900,TF1706,CCFX,99.09,99.01,99.1,240,237705950,18846,18906,100.175,97.805,98.99,99.05,0.0,99.05,0.0,0,0,2017-04-14,33507900,99.09,6,0,0,0,0,0,0,0,0,99.095,2,0,0,0,0,0,0,0,0
294,2017-04-14,09:18:28,400,TF1706,CCFX,99.095,99.01,99.1,242,239687850,18846,18906,100.175,97.805,98.99,99.05,0.0,99.05,0.0,0,0,2017-04-14,33508400,99.095,2,0,0,0,0,0,0,0,0,99.1,2,0,0,0,0,0,0,0,0
295,2017-04-14,09:18:28,900,TF1706,CCFX,99.095,99.01,99.1,245,242660800,18848,18906,100.175,97.805,98.99,99.05,0.0,99.05,0.0,0,0,2017-04-14,33508900,99.09,1,0,0,0,0,0,0,0,0,99.115,1,0,0,0,0,0,0,0,0
296,2017-04-14,09:18:29,400,TF1706,CCFX,99.095,99.01,99.1,245,242660800,18848,18906,100.175,97.805,98.99,99.05,0.0,99.05,0.0,0,0,2017-04-14,33509400,99.095,2,0,0,0,0,0,0,0,0,99.1,7,0,0,0,0,0,0,0,0
297,2017-04-14,09:18:29,900,TF1706,CCFX,99.095,99.01,99.1,247,244642700,18847,18906,100.175,97.805,98.99,99.05,0.0,99.05,0.0,0,0,2017-04-14,33509900,99.09,1,0,0,0,0,0,0,0,0,99.095,2,0,0,0,0,0,0,0,0
298,2017-04-14,09:18:30,400,TF1706,CCFX,99.095,99.01,99.1,247,244642700,18847,18906,100.175,97.805,98.99,99.05,0.0,99.05,0.0,0,0,2017-04-14,33510400,99.09,1,0,0,0,0,0,0,0,0,99.095,3,0,0,0,0,0,0,0,0
299,2017-04-14,09:18:30,900,TF1706,CCFX,99.095,99.01,99.1,247,244642700,18847,18906,100.175,97.805,98.99,99.05,0.0,99.05,0.0,0,0,2017-04-14,33510900,99.09,1,0,0,0,0,0,0,0,0,99.095,3,0,0,0,0,0,0,0,0
300,2017-04-14,09:18:31,400,TF1706,CCFX,99.095,99.01,99.1,248,245633650,18847,18906,100.175,97.805,98.99,99.05,0.0,99.05,0.0,0,0,2017-04-14,33511400,99.09,1,0,0,0,0,0,0,0,0,99.095,2,0,0,0,0,0,0,0,0
301,2017-04-14,09:18:31,900,TF1706,CCFX,99.095,99.01,99.1,248,245633650,18847,18906,100.175,97.805,98.99,99.05,0.0,99.05,0.0,0,0,2017-04-14,33511900,99.09,1,0,0,0,0,0,0,0,0,99.095,2,0,0,0,0,0,0,0,0
302,2017-04-14,09:18:32,400,TF1706,CCFX,99.095,99.01,99.1,248,245633650,18847,18906,100.175,97.805,98.99,99.05,0.0,99.05,0.0,0,0,2017-04-14,33512400,99.09,1,0,0,0,0,0,0,0,0,99.095,2,0,0,0,0,0,0,0,0
303,2017-04-14,09:18:32,900,TF1706,CCFX,99.095,99.01,99.1,248,245633650,18847,18906,100.175,97.805,98.99,99.05,0.0,99.05,0.0,0,0,2017-04-14,33512900,99.09,1,0,0,0,0,0,0,0,0,99.095,2,0,0,0,0,0,0,0,0
304,2017-04-14,09:18:33,400,TF1706,CCFX,99.095,99.01,99.1,248,245633650,18847,18906,100.175,97.805,98.99,99.05,0.0,99.05,0.0,0,0,2017-04-14,33513400,99.09,1,0,0,0,0,0,0,0,0,99.095,2,0,0,0,0,0,0,0,0
305,2017-04-14,09:18:33,900,TF1706,CCFX,99.095,99.01,99.1,248,245633650,18847,18906,100.175,97.805,98.99,99.05,0.0,99.05,0.0,0,0,2017-04-14,33513900,99.09,1,0,0,0,0,0,0,0,0,99.095,2,0,0,0,0,0,0,0,0
306,2017-04-14,09:18:34,400,TF1706,CCFX,99.095,99.01,99.1,250,247615500,18846,18906,100.175,97.805,98.99,99.05,0.0,99.05,0.0,0,0,2017-04-14,33514400,99.085,1,0,0,0,0,0,0,0,0,99.095,1,0,0,0,0,0,0,0,0
307,2017-04-14,09:18:34,900,TF1706,CCFX,99.095,99.01,99.1,250,247615500,18846,18906,100.175,97.805,98.99,99.05,0.0,99.05,0.0,0,0,2017-04-14,33514900,99.085,1,0,0,0,0,0,0,0,0,99.09,1,0,0,0,0,0,0,0,0
308,2017-04-14,09:18:35,400,TF1706,CCFX,99.085,99.01,99.1,251,248606350,18845,18906,100.175,97.805,98.99,99.05,0.0,99.05,0.0,0,0,2017-04-14,33515400,99.09,5,0,0,0,0,0,0,0,0,99.095,2,0,0,0,0,0,0,0,0
309,2017-04-14,09:18:35,900,TF1706,CCFX,99.09,99.01,99.1,253,250588150,18844,18906,100.175,97.805,98.99,99.05,0.0,99.05,0.0,0,0,2017-04-14,33515900,99.09,3,0,0,0,0,0,0,0,0,99.095,2,0,0,0,0,0,0,0,0
310,2017-04-14,09:18:36,400,TF1706,CCFX,99.09,99.01,99.1,253,250588150,18844,18906,100.175,97.805,98.99,99.05,0.0,99.05,0.0,0,0,2017-04-14,33516400,99.09,3,0,0,0,0,0,0,0,0,99.095,2,0,0,0,0,0,0,0,0
311,2017-04-14,09:18:37,900,TF1706,CCFX,99.09,99.01,99.1,253,250588150,18844,18906,100.175,97.805,98.99,99.05,0.0,99.05,0.0,0,0,2017-04-14,33517900,99.09,3,0,0,0,0,0,0,0,0,99.095,2,0,0,0,0,0,0,0,0
312,2017-04-14,09:18:38,400,TF1706,CCFX,99.09,99.01,99.1,253,250588150,18844,18906,100.175,97.805,98.99,99.05,0.0,99.05,0.0,0,0,2017-04-14,33518400,99.09,13,0,0,0,0,0,0,0,0,99.095,2,0,0,0,0,0,0,0,0
313,2017-04-14,09:18:38,900,TF1706,CCFX,99.09,99.01,99.1,253,250588150,18844,18906,100.175,97.805,98.99,99.05,0.0,99.05,0.0,0,0,2017-04-14,33518900,99.09,13,0,0,0,0,0,0,0,0,99.095,1,0,0,0,0,0,0,0,0
314,2017-04-14,09:18:39,400,TF1706,CCFX,99.09,99.01,99.1,256,253560850,18841,18906,100.175,97.805,98.99,99.05,0.0,99.05,0.0,0,0,2017-04-14,33519400,99.09,10,0,0,0,0,0,0,0,0,99.095,1,0,0,0,0,0,0,0,0
315,2017-04-14,09:18:39,900,TF1706,CCFX,99.095,99.01,99.1,257,254551800,18840,18906,100.175,97.805,98.99,99.05,0.0,99.05,0.0,0,0,2017-04-14,33519900,99.095,5,0,0,0,0,0,0,0,0,99.1,3,0,0,0,0,0,0,0,0
316,2017-04-14,09:18:40,400,TF1706,CCFX,99.095,99.01,99.1,262,259506550,18835,18906,100.175,97.805,98.99,99.05,0.0,99.05,0.0,0,0,2017-04-14,33520400,99.09,10,0,0,0,0,0,0,0,0,99.095,1,0,0,0,0,0,0,0,0
317,2017-04-14,09:18:40,900,TF1706,CCFX,99.095,99.01,99.1,262,259506550,18835,18906,100.175,97.805,98.99,99.05,0.0,99.05,0.0,0,0,2017-04-14,33520900,99.09,10,0,0,0,0,0,0,0,0,99.1,3,0,0,0,0,0,0,0,0
318,2017-04-14,09:18:41,400,TF1706,CCFX,99.095,99.01,99.1,262,259506550,18835,18906,100.175,97.805,98.99,99.05,0.0,99.05,0.0,0,0,2017-04-14,33521400,99.09,10,0,0,0,0,0,0,0,0,99.095,1,0,0,0,0,0,0,0,0
319,2017-04-14,09:18:42,400,TF1706,CCFX,99.095,99.01,99.1,262,259506550,18835,18906,100.175,97.805,98.99,99.05,0.0,99.05,0.0,0,0,2017-04-14,33522400,99.09,10,0,0,0,0,0,0,0,0,99.095,1,0,0,0,0,0,0,0,0
320,2017-04-14,09:18:43,400,TF1706,CCFX,99.095,99.01,99.1,262,259506550,18835,18906,100.175,97.805,98.99,99.05,0.0,99.05,0.0,0,0,2017-04-14,33523400,99.09,10,0,0,0,0,0,0,0,0,99.095,1,0,0,0,0,0,0,0,0
321,2017-04-14,09:18:44,900,TF1706,CCFX,99.095,99.01,99.1,262,259506550,18835,18906,100.175,97.805,98.99,99.05,0.0,99.05,0.0,0,0,2017-04-14,33524900,99.09,10,0,0,0,0,0,0,0,0,99.095,1,0,0,0,0,0,0,0,0
322,2017-04-14,09:18:46,400,TF1706,CCFX,99.095,99.01,99.1,262,259506550,18835,18906,100.175,97.805,98.99,99.05,0.0,99.05,0.0,0,0,2017-04-14,33526400,99.09,20,0,0,0,0,0,0,0,0,99.095,1,0,0,0,0,0,0,0,0
323,2017-04-14,09:18:46,900,TF1706,CCFX,99.095,99.01,99.1,263,260497500,18834,18906,100.175,97.805,98.99,99.05,0.0,99.05,0.0,0,0,2017-04-14,33526900,99.09,20,0,0,0,0,0,0,0,0,99.1,6,0,0,0,0,0,0,0,0
324,2017-04-14,09:18:47,400,TF1706,CCFX,99.095,99.01,99.1,263,260497500,18834,18906,100.175,97.805,98.99,99.05,0.0,99.05,0.0,0,0,2017-04-14,33527400,99.09,20,0,0,0,0,0,0,0,0,99.1,9,0,0,0,0,0,0,0,0
325,2017-04-14,09:18:47,900,TF1706,CCFX,99.095,99.01,99.1,263,260497500,18834,18906,100.175,97.805,98.99,99.05,0.0,99.05,0.0,0,0,2017-04-14,33527900,99.095,1,0,0,0,0,0,0,0,0,99.1,9,0,0,0,0,0,0,0,0
326,2017-04-14,09:18:48,400,TF1706,CCFX,99.095,99.01,99.1,263,260497500,18834,18906,100.175,97.805,98.99,99.05,0.0,99.05,0.0,0,0,2017-04-14,33528400,99.095,2,0,0,0,0,0,0,0,0,99.1,10,0,0,0,0,0,0,0,0
327,2017-04-14,09:18:48,900,TF1706,CCFX,99.095,99.01,99.1,263,260497500,18834,18906,100.175,97.805,98.99,99.05,0.0,99.05,0.0,0,0,2017-04-14,33528900,99.095,2,0,0,0,0,0,0,0,0,99.1,10,0,0,0,0,0,0,0,0
328,2017-04-14,09:18:49,900,TF1706,CCFX,99.095,99.01,99.1,263,260497500,18834,18906,100.175,97.805,98.99,99.05,0.0,99.05,0.0,0,0,2017-04-14,33529900,99.095,2,0,0,0,0,0,0,0,0,99.1,10,0,0,0,0,0,0,0,0
329,2017-04-14,09:18:51,400,TF1706,CCFX,99.09,99.01,99.1,267,264461200,18836,18906,100.175,97.805,98.99,99.05,0.0,99.05,0.0,0,0,2017-04-14,33531400,99.09,18,0,0,0,0,0,0,0,0,99.095,2,0,0,0,0,0,0,0,0
330,2017-04-14,09:18:52,400,TF1706,CCFX,99.095,99.01,99.1,269,266443100,18836,18906,100.175,97.805,98.99,99.05,0.0,99.05,0.0,0,0,2017-04-14,33532400,99.095,9,0,0,0,0,0,0,0,0,99.1,17,0,0,0,0,0,0,0,0
331,2017-04-14,09:18:52,900,TF1706,CCFX,99.095,99.01,99.1,274,271397850,18831,18906,100.175,97.805,98.99,99.05,0.0,99.05,0.0,0,0,2017-04-14,33532900,99.095,4,0,0,0,0,0,0,0,0,99.1,17,0,0,0,0,0,0,0,0
332,2017-04-14,09:18:53,400,TF1706,CCFX,99.095,99.01,99.1,274,271397850,18831,18906,100.175,97.805,98.99,99.05,0.0,99.05,0.0,0,0,2017-04-14,33533400,99.095,5,0,0,0,0,0,0,0,0,99.1,11,0,0,0,0,0,0,0,0
333,2017-04-14,09:18:53,900,TF1706,CCFX,99.095,99.01,99.1,275,272388800,18831,18906,100.175,97.805,98.99,99.05,0.0,99.05,0.0,0,0,2017-04-14,33533900,99.095,4,0,0,0,0,0,0,0,0,99.1,9,0,0,0,0,0,0,0,0
334,2017-04-14,09:18:54,400,TF1706,CCFX,99.095,99.01,99.1,275,272388800,18831,18906,100.175,97.805,98.99,99.05,0.0,99.05,0.0,0,0,2017-04-14,33534400,99.095,4,0,0,0,0,0,0,0,0,99.1,7,0,0,0,0,0,0,0,0
335,2017-04-14,09:18:54,900,TF1706,CCFX,99.095,99.01,99.1,275,272388800,18831,18906,100.175,97.805,98.99,99.05,0.0,99.05,0.0,0,0,2017-04-14,33534900,99.095,4,0,0,0,0,0,0,0,0,99.1,7,0,0,0,0,0,0,0,0
336,2017-04-14,09:18:55,400,TF1706,CCFX,99.095,99.01,99.1,276,273379750,18831,18906,100.175,97.805,98.99,99.05,0.0,99.05,0.0,0,0,2017-04-14,33535400,99.095,3,0,0,0,0,0,0,0,0,99.1,7,0,0,0,0,0,0,0,0
337,2017-04-14,09:18:56,400,TF1706,CCFX,99.095,99.01,99.1,277,274370700,18830,18906,100.175,97.805,98.99,99.05,0.0,99.05,0.0,0,0,2017-04-14,33536400,99.095,2,0,0,0,0,0,0,0,0,99.1,7,0,0,0,0,0,0,0,0
338,2017-04-14,09:18:58,900,TF1706,CCFX,99.095,99.01,99.1,277,274370700,18830,18906,100.175,97.805,98.99,99.05,0.0,99.05,0.0,0,0,2017-04-14,33538900,99.095,2,0,0,0,0,0,0,0,0,99.1,4,0,0,0,0,0,0,0,0
339,2017-04-14,09:18:59,900,TF1706,CCFX,99.095,99.01,99.1,277,274370700,18830,18906,100.175,97.805,98.99,99.05,0.0,99.05,0.0,0,0,2017-04-14,33539900,99.095,2,0,0,0,0,0,0,0,0,99.1,10,0,0,0,0,0,0,0,0
340,2017-04-14,09:19:00,400,TF1706,CCFX,99.095,99.01,99.1,277,274370700,18830,18906,100.175,97.805,98.99,99.05,0.0,99.05,0.0,0,0,2017-04-14,33540400,99.095,2,0,0,0,0,0,0,0,0,99.1,16,0,0,0,0,0,0,0,0
341,2017-04-14,09:19:01,900,TF1706,CCFX,99.095,99.01,99.1,277,274370700,18830,18906,100.175,97.805,98.99,99.05,0.0,99.05,0.0,0,0,2017-04-14,33541900,99.095,2,0,0,0,0,0,0,0,0,99.1,10,0,0,0,0,0,0,0,0
342,2017-04-14,09:19:02,400,TF1706,CCFX,99.095,99.01,99.1,277,274370700,18830,18906,100.175,97.805,98.99,99.05,0.0,99.05,0.0,0,0,2017-04-14,33542400,99.095,1,0,0,0,0,0,0,0,0,99.1,7,0,0,0,0,0,0,0,0
343,2017-04-14,09:19:02,900,TF1706,CCFX,99.095,99.01,99.1,277,274370700,18830,18906,100.175,97.805,98.99,99.05,0.0,99.05,0.0,0,0,2017-04-14,33542900,99.095,1,0,0,0,0,0,0,0,0,99.1,7,0,0,0,0,0,0,0,0
344,2017-04-14,09:19:03,400,TF1706,CCFX,99.095,99.01,99.1,277,274370700,18830,18906,100.175,97.805,98.99,99.05,0.0,99.05,0.0,0,0,2017-04-14,33543400,99.095,1,0,0,0,0,0,0,0,0,99.1,7,0,0,0,0,0,0,0,0
345,2017-04-14,09:19:03,900,TF1706,CCFX,99.095,99.01,99.1,277,274370700,18830,18906,100.175,97.805,98.99,99.05,0.0,99.05,0.0,0,0,2017-04-14,33543900,99.095,1,0,0,0,0,0,0,0,0,99.1,4,0,0,0,0,0,0,0,0
346,2017-04-14,09:19:04,400,TF1706,CCFX,99.095,99.01,99.1,278,275361650,18830,18906,100.175,97.805,98.99,99.05,0.0,99.05,0.0,0,0,2017-04-14,33544400,99.09,19,0,0,0,0,0,0,0,0,99.1,16,0,0,0,0,0,0,0,0
347,2017-04-14,09:19:05,900,TF1706,CCFX,99.1,99.01,99.1,285,282298050,18827,18906,100.175,97.805,98.99,99.05,0.0,99.05,0.0,0,0,2017-04-14,33545900,99.09,13,0,0,0,0,0,0,0,0,99.1,19,0,0,0,0,0,0,0,0
348,2017-04-14,09:19:06,400,TF1706,CCFX,99.09,99.01,99.1,293,290225250,18827,18906,100.175,97.805,98.99,99.05,0.0,99.05,0.0,0,0,2017-04-14,33546400,99.09,5,0,0,0,0,0,0,0,0,99.095,1,0,0,0,0,0,0,0,0
349,2017-04-14,09:19:06,900,TF1706,CCFX,99.09,99.01,99.1,298,295179750,18822,18906,100.175,97.805,98.99,99.05,0.0,99.05,0.0,0,0,2017-04-14,33546900,99.085,2,0,0,0,0,0,0,0,0,99.09,1,0,0,0,0,0,0,0,0
350,2017-04-14,09:19:07,400,TF1706,CCFX,99.09,99.01,99.1,298,295179750,18822,18906,100.175,97.805,98.99,99.05,0.0,99.05,0.0,0,0,2017-04-14,33547400,99.085,2,0,0,0,0,0,0,0,0,99.09,2,0,0,0,0,0,0,0,0
351,2017-04-14,09:19:07,900,TF1706,CCFX,99.09,99.01,99.1,300,297161550,18822,18906,100.175,97.805,98.99,99.05,0.0,99.05,0.0,0,0,2017-04-14,33547900,99.09,2,0,0,0,0,0,0,0,0,99.095,3,0,0,0,0,0,0,0,0
352,2017-04-14,09:19:08,400,TF1706,CCFX,99.09,99.01,99.1,300,297161550,18822,18906,100.175,97.805,98.99,99.05,0.0,99.05,0.0,0,0,2017-04-14,33548400,99.085,2,0,0,0,0,0,0,0,0,99.095,3,0,0,0,0,0,0,0,0
353,2017-04-14,09:19:08,900,TF1706,CCFX,99.09,99.01,99.1,300,297161550,18822,18906,100.175,97.805,98.99,99.05,0.0,99.05,0.0,0,0,2017-04-14,33548900,99.085,2,0,0,0,0,0,0,0,0,99.09,6,0,0,0,0,0,0,0,0
354,2017-04-14,09:19:09,400,TF1706,CCFX,99.09,99.01,99.1,302,299143350,18824,18906,100.175,97.805,98.99,99.05,0.0,99.05,0.0,0,0,2017-04-14,33549400,99.085,2,0,0,0,0,0,0,0,0,99.09,5,0,0,0,0,0,0,0,0
355,2017-04-14,09:19:10,400,TF1706,CCFX,99.09,99.01,99.1,303,300134250,18823,18906,100.175,97.805,98.99,99.05,0.0,99.05,0.0,0,0,2017-04-14,33550400,99.085,2,0,0,0,0,0,0,0,0,99.09,1,0,0,0,0,0,0,0,0
356,2017-04-14,09:19:10,900,TF1706,CCFX,99.09,99.01,99.1,303,300134250,18823,18906,100.175,97.805,98.99,99.05,0.0,99.05,0.0,0,0,2017-04-14,33550900,99.085,2,0,0,0,0,0,0,0,0,99.09,8,0,0,0,0,0,0,0,0
357,2017-04-14,09:19:11,400,TF1706,CCFX,99.085,99.01,99.1,305,302115950,18824,18906,100.175,97.805,98.99,99.05,0.0,99.05,0.0,0,0,2017-04-14,33551400,99.08,4,0,0,0,0,0,0,0,0,99.09,8,0,0,0,0,0,0,0,0
358,2017-04-14,09:19:11,900,TF1706,CCFX,99.085,99.01,99.1,305,302115950,18824,18906,100.175,97.805,98.99,99.05,0.0,99.05,0.0,0,0,2017-04-14,33551900,99.08,4,0,0,0,0,0,0,0,0,99.085,1,0,0,0,0,0,0,0,0
359,2017-04-14,09:19:12,400,TF1706,CCFX,99.085,99.01,99.1,305,302115950,18824,18906,100.175,97.805,98.99,99.05,0.0,99.05,0.0,0,0,2017-04-14,33552400,99.08,4,0,0,0,0,0,0,0,0,99.085,1,0,0,0,0,0,0,0,0
360,2017-04-14,09:19:12,900,TF1706,CCFX,99.085,99.01,99.1,305,302115950,18824,18906,100.175,97.805,98.99,99.05,0.0,99.05,0.0,0,0,2017-04-14,33552900,99.08,4,0,0,0,0,0,0,0,0,99.085,2,0,0,0,0,0,0,0,0
361,2017-04-14,09:19:13,400,TF1706,CCFX,99.085,99.01,99.1,305,302115950,18824,18906,100.175,97.805,98.99,99.05,0.0,99.05,0.0,0,0,2017-04-14,33553400,99.08,4,0,0,0,0,0,0,0,0,99.085,2,0,0,0,0,0,0,0,0
362,2017-04-14,09:19:13,900,TF1706,CCFX,99.085,99.01,99.1,305,302115950,18824,18906,100.175,97.805,98.99,99.05,0.0,99.05,0.0,0,0,2017-04-14,33553900,99.08,4,0,0,0,0,0,0,0,0,99.085,2,0,0,0,0,0,0,0,0
363,2017-04-14,09:19:14,400,TF1706,CCFX,99.085,99.01,99.1,305,302115950,18824,18906,100.175,97.805,98.99,99.05,0.0,99.05,0.0,0,0,2017-04-14,33554400,99.08,4,0,0,0,0,0,0,0,0,99.085,2,0,0,0,0,0,0,0,0
364,2017-04-14,09:19:14,900,TF1706,CCFX,99.08,99.01,99.1,306,303106750,18823,18906,100.175,97.805,98.99,99.05,0.0,99.05,0.0,0,0,2017-04-14,33554900,99.08,3,0,0,0,0,0,0,0,0,99.085,2,0,0,0,0,0,0,0,0
365,2017-04-14,09:19:15,400,TF1706,CCFX,99.085,99.01,99.1,308,305088400,18822,18906,100.175,97.805,98.99,99.05,0.0,99.05,0.0,0,0,2017-04-14,33555400,99.08,2,0,0,0,0,0,0,0,0,99.09,9,0,0,0,0,0,0,0,0
366,2017-04-14,09:19:15,900,TF1706,CCFX,99.08,99.01,99.1,310,307070000,18821,18906,100.175,97.805,98.99,99.05,0.0,99.05,0.0,0,0,2017-04-14,33555900,99.075,2,0,0,0,0,0,0,0,0,99.085,1,0,0,0,0,0,0,0,0
367,2017-04-14,09:19:16,400,TF1706,CCFX,99.08,99.01,99.1,310,307070000,18821,18906,100.175,97.805,98.99,99.05,0.0,99.05,0.0,0,0,2017-04-14,33556400,99.075,2,0,0,0,0,0,0,0,0,99.08,1,0,0,0,0,0,0,0,0
368,2017-04-14,09:19:16,900,TF1706,CCFX,99.08,99.01,99.1,310,307070000,18821,18906,100.175,97.805,98.99,99.05,0.0,99.05,0.0,0,0,2017-04-14,33556900,99.075,2,0,0,0,0,0,0,0,0,99.08,1,0,0,0,0,0,0,0,0
369,2017-04-14,09:19:17,400,TF1706,CCFX,99.08,99.01,99.1,311,308060800,18820,18906,100.175,97.805,98.99,99.05,0.0,99.05,0.0,0,0,2017-04-14,33557400,99.08,6,0,0,0,0,0,0,0,0,99.085,1,0,0,0,0,0,0,0,0
370,2017-04-14,09:19:17,900,TF1706,CCFX,99.08,99.01,99.1,311,308060800,18820,18906,100.175,97.805,98.99,99.05,0.0,99.05,0.0,0,0,2017-04-14,33557900,99.08,7,0,0,0,0,0,0,0,0,99.085,3,0,0,0,0,0,0,0,0
371,2017-04-14,09:19:18,400,TF1706,CCFX,99.085,99.01,99.1,312,309051650,18819,18906,100.175,97.805,98.99,99.05,0.0,99.05,0.0,0,0,2017-04-14,33558400,99.08,7,0,0,0,0,0,0,0,0,99.085,2,0,0,0,0,0,0,0,0
372,2017-04-14,09:19:18,900,TF1706,CCFX,99.085,99.01,99.1,314,311033350,18818,18906,100.175,97.805,98.99,99.05,0.0,99.05,0.0,0,0,2017-04-14,33558900,99.08,7,0,0,0,0,0,0,0,0,99.085,1,0,0,0,0,0,0,0,0
373,2017-04-14,09:19:19,400,TF1706,CCFX,99.085,99.01,99.1,315,312024200,18819,18906,100.175,97.805,98.99,99.05,0.0,99.05,0.0,0,0,2017-04-14,33559400,99.08,3,0,0,0,0,0,0,0,0,99.095,5,0,0,0,0,0,0,0,0
374,2017-04-14,09:19:19,900,TF1706,CCFX,99.085,99.01,99.1,315,312024200,18819,18906,100.175,97.805,98.99,99.05,0.0,99.05,0.0,0,0,2017-04-14,33559900,99.08,3,0,0,0,0,0,0,0,0,99.09,6,0,0,0,0,0,0,0,0
375,2017-04-14,09:19:20,400,TF1706,CCFX,99.085,99.01,99.1,315,312024200,18819,18906,100.175,97.805,98.99,99.05,0.0,99.05,0.0,0,0,2017-04-14,33560400,99.08,3,0,0,0,0,0,0,0,0,99.085,1,0,0,0,0,0,0,0,0
376,2017-04-14,09:19:20,900,TF1706,CCFX,99.085,99.01,99.1,315,312024200,18819,18906,100.175,97.805,98.99,99.05,0.0,99.05,0.0,0,0,2017-04-14,33560900,99.08,3,0,0,0,0,0,0,0,0,99.085,1,0,0,0,0,0,0,0,0
377,2017-04-14,09:19:21,400,TF1706,CCFX,99.08,99.01,99.1,316,313015000,18819,18906,100.175,97.805,98.99,99.05,0.0,99.05,0.0,0,0,2017-04-14,33561400,99.08,2,0,0,0,0,0,0,0,0,99.085,2,0,0,0,0,0,0,0,0
378,2017-04-14,09:19:23,900,TF1706,CCFX,99.08,99.01,99.1,316,313015000,18819,18906,100.175,97.805,98.99,99.05,0.0,99.05,0.0,0,0,2017-04-14,33563900,99.08,2,0,0,0,0,0,0,0,0,99.085,2,0,0,0,0,0,0,0,0
379,2017-04-14,09:19:24,900,TF1706,CCFX,99.08,99.01,99.1,319,315987450,18819,18906,100.175,97.805,98.99,99.05,0.0,99.05,0.0,0,0,2017-04-14,33564900,99.075,2,0,0,0,0,0,0,0,0,99.08,8,0,0,0,0,0,0,0,0
380,2017-04-14,09:19:25,400,TF1706,CCFX,99.08,99.01,99.1,319,315987450,18819,18906,100.175,97.805,98.99,99.05,0.0,99.05,0.0,0,0,2017-04-14,33565400,99.075,1,0,0,0,0,0,0,0,0,99.08,12,0,0,0,0,0,0,0,0
381,2017-04-14,09:19:25,900,TF1706,CCFX,99.08,99.01,99.1,319,315987450,18819,18906,100.175,97.805,98.99,99.05,0.0,99.05,0.0,0,0,2017-04-14,33565900,99.07,1,0,0,0,0,0,0,0,0,99.08,12,0,0,0,0,0,0,0,0
382,2017-04-14,09:19:26,400,TF1706,CCFX,99.08,99.01,99.1,319,315987450,18819,18906,100.175,97.805,98.99,99.05,0.0,99.05,0.0,0,0,2017-04-14,33566400,99.07,1,0,0,0,0,0,0,0,0,99.08,10,0,0,0,0,0,0,0,0
383,2017-04-14,09:19:26,900,TF1706,CCFX,99.075,99.01,99.1,320,316978200,18819,18906,100.175,97.805,98.99,99.05,0.0,99.05,0.0,0,0,2017-04-14,33566900,99.075,1,0,0,0,0,0,0,0,0,99.08,11,0,0,0,0,0,0,0,0
384,2017-04-14,09:19:27,400,TF1706,CCFX,99.075,99.01,99.1,320,316978200,18819,18906,100.175,97.805,98.99,99.05,0.0,99.05,0.0,0,0,2017-04-14,33567400,99.075,1,0,0,0,0,0,0,0,0,99.08,11,0,0,0,0,0,0,0,0
385,2017-04-14,09:19:28,900,TF1706,CCFX,99.075,99.01,99.1,320,316978200,18819,18906,100.175,97.805,98.99,99.05,0.0,99.05,0.0,0,0,2017-04-14,33568900,99.07,1,0,0,0,0,0,0,0,0,99.08,10,0,0,0,0,0,0,0,0
386,2017-04-14,09:19:29,400,TF1706,CCFX,99.08,99.01,99.1,321,317969000,18819,18906,100.175,97.805,98.99,99.05,0.0,99.05,0.0,0,0,2017-04-14,33569400,99.075,3,0,0,0,0,0,0,0,0,99.08,9,0,0,0,0,0,0,0,0
387,2017-04-14,09:19:30,900,TF1706,CCFX,99.08,99.01,99.1,321,317969000,18819,18906,100.175,97.805,98.99,99.05,0.0,99.05,0.0,0,0,2017-04-14,33570900,99.075,1,0,0,0,0,0,0,0,0,99.08,9,0,0,0,0,0,0,0,0
388,2017-04-14,09:19:31,400,TF1706,CCFX,99.08,99.01,99.1,323,319950550,18820,18906,100.175,97.805,98.99,99.05,0.0,99.05,0.0,0,0,2017-04-14,33571400,99.07,1,0,0,0,0,0,0,0,0,99.08,8,0,0,0,0,0,0,0,0
389,2017-04-14,09:19:32,400,TF1706,CCFX,99.08,99.01,99.1,323,319950550,18820,18906,100.175,97.805,98.99,99.05,0.0,99.05,0.0,0,0,2017-04-14,33572400,99.075,2,0,0,0,0,0,0,0,0,99.08,8,0,0,0,0,0,0,0,0
390,2017-04-14,09:19:32,900,TF1706,CCFX,99.08,99.01,99.1,323,319950550,18820,18906,100.175,97.805,98.99,99.05,0.0,99.05,0.0,0,0,2017-04-14,33572900,99.075,1,0,0,0,0,0,0,0,0,99.08,8,0,0,0,0,0,0,0,0
391,2017-04-14,09:19:35,400,TF1706,CCFX,99.08,99.01,99.1,323,319950550,18820,18906,100.175,97.805,98.99,99.05,0.0,99.05,0.0,0,0,2017-04-14,33575400,99.075,1,0,0,0,0,0,0,0,0,99.08,6,0,0,0,0,0,0,0,0
392,2017-04-14,09:19:37,900,TF1706,CCFX,99.075,99.01,99.1,324,320941300,18821,18906,100.175,97.805,98.99,99.05,0.0,99.05,0.0,0,0,2017-04-14,33577900,99.07,1,0,0,0,0,0,0,0,0,99.08,6,0,0,0,0,0,0,0,0
393,2017-04-14,09:19:38,900,TF1706,CCFX,99.075,99.01,99.1,324,320941300,18821,18906,100.175,97.805,98.99,99.05,0.0,99.05,0.0,0,0,2017-04-14,33578900,99.075,4,0,0,0,0,0,0,0,0,99.08,6,0,0,0,0,0,0,0,0
394,2017-04-14,09:19:39,400,TF1706,CCFX,99.075,99.01,99.1,324,320941300,18821,18906,100.175,97.805,98.99,99.05,0.0,99.05,0.0,0,0,2017-04-14,33579400,99.075,3,0,0,0,0,0,0,0,0,99.08,6,0,0,0,0,0,0,0,0
395,2017-04-14,09:19:39,900,TF1706,CCFX,99.075,99.01,99.1,324,320941300,18821,18906,100.175,97.805,98.99,99.05,0.0,99.05,0.0,0,0,2017-04-14,33579900,99.075,1,0,0,0,0,0,0,0,0,99.08,6,0,0,0,0,0,0,0,0
396,2017-04-14,09:19:41,900,TF1706,CCFX,99.08,99.01,99.1,329,325895300,18821,18906,100.175,97.805,98.99,99.05,0.0,99.05,0.0,0,0,2017-04-14,33581900,99.075,1,0,0,0,0,0,0,0,0,99.08,1,0,0,0,0,0,0,0,0
397,2017-04-14,09:19:42,900,TF1706,CCFX,99.08,99.01,99.1,329,325895300,18821,18906,100.175,97.805,98.99,99.05,0.0,99.05,0.0,0,0,2017-04-14,33582900,99.075,1,0,0,0,0,0,0,0,0,99.08,2,0,0,0,0,0,0,0,0
398,2017-04-14,09:19:44,900,TF1706,CCFX,99.08,99.01,99.1,329,325895300,18821,18906,100.175,97.805,98.99,99.05,0.0,99.05,0.0,0,0,2017-04-14,33584900,99.075,1,0,0,0,0,0,0,0,0,99.08,2,0,0,0,0,0,0,0,0
399,2017-04-14,09:19:46,400,TF1706,CCFX,99.08,99.01,99.1,329,325895300,18821,18906,100.175,97.805,98.99,99.05,0.0,99.05,0.0,0,0,2017-04-14,33586400,99.075,1,0,0,0,0,0,0,0,0,99.08,2,0,0,0,0,0,0,0,0
400,2017-04-14,09:19:46,900,TF1706,CCFX,99.08,99.01,99.1,331,327876900,18820,18906,100.175,97.805,98.99,99.05,0.0,99.05,0.0,0,0,2017-04-14,33586900,99.08,1,0,0,0,0,0,0,0,0,99.085,1,0,0,0,0,0,0,0,0
401,2017-04-14,09:19:47,400,TF1706,CCFX,99.065,99.01,99.1,336,332830450,18818,18906,100.175,97.805,98.99,99.05,0.0,99.05,0.0,0,0,2017-04-14,33587400,99.06,1,0,0,0,0,0,0,0,0,99.08,1,0,0,0,0,0,0,0,0
402,2017-04-14,09:19:47,900,TF1706,CCFX,99.065,99.01,99.1,336,332830450,18818,18906,100.175,97.805,98.99,99.05,0.0,99.05,0.0,0,0,2017-04-14,33587900,99.065,1,0,0,0,0,0,0,0,0,99.075,2,0,0,0,0,0,0,0,0
403,2017-04-14,09:19:48,400,TF1706,CCFX,99.065,99.01,99.1,336,332830450,18818,18906,100.175,97.805,98.99,99.05,0.0,99.05,0.0,0,0,2017-04-14,33588400,99.07,2,0,0,0,0,0,0,0,0,99.075,1,0,0,0,0,0,0,0,0
404,2017-04-14,09:19:51,900,TF1706,CCFX,99.075,99.01,99.1,337,333821200,18818,18906,100.175,97.805,98.99,99.05,0.0,99.05,0.0,0,0,2017-04-14,33591900,99.07,3,0,0,0,0,0,0,0,0,99.08,3,0,0,0,0,0,0,0,0
405,2017-04-14,09:19:52,400,TF1706,CCFX,99.075,99.01,99.1,337,333821200,18818,18906,100.175,97.805,98.99,99.05,0.0,99.05,0.0,0,0,2017-04-14,33592400,99.07,3,0,0,0,0,0,0,0,0,99.08,3,0,0,0,0,0,0,0,0
406,2017-04-14,09:19:53,400,TF1706,CCFX,99.07,99.01,99.1,338,334811900,18818,18906,100.175,97.805,98.99,99.05,0.0,99.05,0.0,0,0,2017-04-14,33593400,99.07,2,0,0,0,0,0,0,0,0,99.075,1,0,0,0,0,0,0,0,0
407,2017-04-14,09:19:53,900,TF1706,CCFX,99.07,99.01,99.1,338,334811900,18818,18906,100.175,97.805,98.99,99.05,0.0,99.05,0.0,0,0,2017-04-14,33593900,99.07,2,0,0,0,0,0,0,0,0,99.075,3,0,0,0,0,0,0,0,0
408,2017-04-14,09:19:54,400,TF1706,CCFX,99.07,99.01,99.1,339,335802600,18818,18906,100.175,97.805,98.99,99.05,0.0,99.05,0.0,0,0,2017-04-14,33594400,99.07,1,0,0,0,0,0,0,0,0,99.075,2,0,0,0,0,0,0,0,0
409,2017-04-14,09:19:54,900,TF1706,CCFX,99.07,99.01,99.1,340,336793300,18819,18906,100.175,97.805,98.99,99.05,0.0,99.05,0.0,0,0,2017-04-14,33594900,99.06,2,0,0,0,0,0,0,0,0,99.075,2,0,0,0,0,0,0,0,0
410,2017-04-14,09:19:55,400,TF1706,CCFX,99.07,99.01,99.1,340,336793300,18819,18906,100.175,97.805,98.99,99.05,0.0,99.05,0.0,0,0,2017-04-14,33595400,99.065,1,0,0,0,0,0,0,0,0,99.075,2,0,0,0,0,0,0,0,0
411,2017-04-14,09:19:55,900,TF1706,CCFX,99.07,99.01,99.1,340,336793300,18819,18906,100.175,97.805,98.99,99.05,0.0,99.05,0.0,0,0,2017-04-14,33595900,99.06,2,0,0,0,0,0,0,0,0,99.065,1,0,0,0,0,0,0,0,0
412,2017-04-14,09:19:56,400,TF1706,CCFX,99.065,99.01,99.1,341,337783950,18818,18906,100.175,97.805,98.99,99.05,0.0,99.05,0.0,0,0,2017-04-14,33596400,99.065,5,0,0,0,0,0,0,0,0,99.075,2,0,0,0,0,0,0,0,0
413,2017-04-14,09:19:56,900,TF1706,CCFX,99.065,99.01,99.1,343,339765250,18820,18906,100.175,97.805,98.99,99.05,0.0,99.05,0.0,0,0,2017-04-14,33596900,99.065,6,0,0,0,0,0,0,0,0,99.075,2,0,0,0,0,0,0,0,0
414,2017-04-14,09:19:57,400,TF1706,CCFX,99.065,99.01,99.1,343,339765250,18820,18906,100.175,97.805,98.99,99.05,0.0,99.05,0.0,0,0,2017-04-14,33597400,99.07,4,0,0,0,0,0,0,0,0,99.075,2,0,0,0,0,0,0,0,0
415,2017-04-14,09:19:57,900,TF1706,CCFX,99.065,99.01,99.1,343,339765250,18820,18906,100.175,97.805,98.99,99.05,0.0,99.05,0.0,0,0,2017-04-14,33597900,99.065,3,0,0,0,0,0,0,0,0,99.075,2,0,0,0,0,0,0,0,0
416,2017-04-14,09:19:58,400,TF1706,CCFX,99.065,99.01,99.1,343,339765250,18820,18906,100.175,97.805,98.99,99.05,0.0,99.05,0.0,0,0,2017-04-14,33598400,99.07,1,0,0,0,0,0,0,0,0,99.075,2,0,0,0,0,0,0,0,0
417,2017-04-14,09:19:58,900,TF1706,CCFX,99.065,99.01,99.1,343,339765250,18820,18906,100.175,97.805,98.99,99.05,0.0,99.05,0.0,0,0,2017-04-14,33598900,99.07,1,0,0,0,0,0,0,0,0,99.075,2,0,0,0,0,0,0,0,0
418,2017-04-14,09:19:59,900,TF1706,CCFX,99.065,99.01,99.1,343,339765250,18820,18906,100.175,97.805,98.99,99.05,0.0,99.05,0.0,0,0,2017-04-14,33599900,99.07,1,0,0,0,0,0,0,0,0,99.075,2,0,0,0,0,0,0,0,0
419,2017-04-14,09:20:00,400,TF1706,CCFX,99.07,99.01,99.1,344,340755950,18820,18906,100.175,97.805,98.99,99.05,0.0,99.05,0.0,0,0,2017-04-14,33600400,99.065,3,0,0,0,0,0,0,0,0,99.075,2,0,0,0,0,0,0,0,0
420,2017-04-14,09:20:01,900,TF1706,CCFX,99.075,99.01,99.1,346,342737450,18818,18906,100.175,97.805,98.99,99.05,0.0,99.05,0.0,0,0,2017-04-14,33601900,99.07,1,0,0,0,0,0,0,0,0,99.08,1,0,0,0,0,0,0,0,0
421,2017-04-14,09:20:02,400,TF1706,CCFX,99.075,99.01,99.1,346,342737450,18818,18906,100.175,97.805,98.99,99.05,0.0,99.05,0.0,0,0,2017-04-14,33602400,99.07,2,0,0,0,0,0,0,0,0,99.075,1,0,0,0,0,0,0,0,0
422,2017-04-14,09:20:02,900,TF1706,CCFX,99.075,99.01,99.1,347,343728200,18819,18906,100.175,97.805,98.99,99.05,0.0,99.05,0.0,0,0,2017-04-14,33602900,99.075,2,0,0,0,0,0,0,0,0,99.08,1,0,0,0,0,0,0,0,0
423,2017-04-14,09:20:03,400,TF1706,CCFX,99.075,99.01,99.1,347,343728200,18819,18906,100.175,97.805,98.99,99.05,0.0,99.05,0.0,0,0,2017-04-14,33603400,99.075,2,0,0,0,0,0,0,0,0,99.08,1,0,0,0,0,0,0,0,0
424,2017-04-14,09:20:03,900,TF1706,CCFX,99.075,99.01,99.1,347,343728200,18819,18906,100.175,97.805,98.99,99.05,0.0,99.05,0.0,0,0,2017-04-14,33603900,99.075,2,0,0,0,0,0,0,0,0,99.08,1,0,0,0,0,0,0,0,0
425,2017-04-14,09:20:07,900,TF1706,CCFX,99.075,99.01,99.1,347,343728200,18819,18906,100.175,97.805,98.99,99.05,0.0,99.05,0.0,0,0,2017-04-14,33607900,99.075,2,0,0,0,0,0,0,0,0,99.08,1,0,0,0,0,0,0,0,0
426,2017-04-14,09:20:08,400,TF1706,CCFX,99.075,99.01,99.1,347,343728200,18819,18906,100.175,97.805,98.99,99.05,0.0,99.05,0.0,0,0,2017-04-14,33608400,99.07,3,0,0,0,0,0,0,0,0,99.08,2,0,0,0,0,0,0,0,0
427,2017-04-14,09:20:08,900,TF1706,CCFX,99.075,99.01,99.1,347,343728200,18819,18906,100.175,97.805,98.99,99.05,0.0,99.05,0.0,0,0,2017-04-14,33608900,99.075,1,0,0,0,0,0,0,0,0,99.08,7,0,0,0,0,0,0,0,0
428,2017-04-14,09:20:09,900,TF1706,CCFX,99.075,99.01,99.1,348,344718950,18819,18906,100.175,97.805,98.99,99.05,0.0,99.05,0.0,0,0,2017-04-14,33609900,99.07,3,0,0,0,0,0,0,0,0,99.075,1,0,0,0,0,0,0,0,0
429,2017-04-14,09:20:10,400,TF1706,CCFX,99.075,99.01,99.1,349,345709700,18820,18906,100.175,97.805,98.99,99.05,0.0,99.05,0.0,0,0,2017-04-14,33610400,99.07,3,0,0,0,0,0,0,0,0,99.08,7,0,0,0,0,0,0,0,0
430,2017-04-14,09:20:13,900,TF1706,CCFX,99.075,99.01,99.1,349,345709700,18820,18906,100.175,97.805,98.99,99.05,0.0,99.05,0.0,0,0,2017-04-14,33613900,99.07,3,0,0,0,0,0,0,0,0,99.08,7,0,0,0,0,0,0,0,0
431,2017-04-14,09:20:22,900,TF1706,CCFX,99.075,99.01,99.1,349,345709700,18820,18906,100.175,97.805,98.99,99.05,0.0,99.05,0.0,0,0,2017-04-14,33622900,99.07,3,0,0,0,0,0,0,0,0,99.08,7,0,0,0,0,0,0,0,0
432,2017-04-14,09:20:23,400,TF1706,CCFX,99.075,99.01,99.1,349,345709700,18820,18906,100.175,97.805,98.99,99.05,0.0,99.05,0.0,0,0,2017-04-14,33623400,99.07,3,0,0,0,0,0,0,0,0,99.08,8,0,0,0,0,0,0,0,0
433,2017-04-14,09:20:27,900,TF1706,CCFX,99.075,99.01,99.1,349,345709700,18820,18906,100.175,97.805,98.99,99.05,0.0,99.05,0.0,0,0,2017-04-14,33627900,99.07,3,0,0,0,0,0,0,0,0,99.08,8,0,0,0,0,0,0,0,0
434,2017-04-14,09:20:28,400,TF1706,CCFX,99.075,99.01,99.1,349,345709700,18820,18906,100.175,97.805,98.99,99.05,0.0,99.05,0.0,0,0,2017-04-14,33628400,99.07,3,0,0,0,0,0,0,0,0,99.08,8,0,0,0,0,0,0,0,0
435,2017-04-14,09:20:29,900,TF1706,CCFX,99.075,99.01,99.1,349,345709700,18820,18906,100.175,97.805,98.99,99.05,0.0,99.05,0.0,0,0,2017-04-14,33629900,99.075,1,0,0,0,0,0,0,0,0,99.08,8,0,0,0,0,0,0,0,0
436,2017-04-14,09:20:30,400,TF1706,CCFX,99.075,99.01,99.1,350,346700450,18820,18906,100.175,97.805,98.99,99.05,0.0,99.05,0.0,0,0,2017-04-14,33630400,99.07,3,0,0,0,0,0,0,0,0,99.075,2,0,0,0,0,0,0,0,0
437,2017-04-14,09:20:30,900,TF1706,CCFX,99.07,99.01,99.1,351,347691150,18819,18906,100.175,97.805,98.99,99.05,0.0,99.05,0.0,0,0,2017-04-14,33630900,99.07,2,0,0,0,0,0,0,0,0,99.075,3,0,0,0,0,0,0,0,0
438,2017-04-14,09:20:39,400,TF1706,CCFX,99.07,99.01,99.1,351,347691150,18819,18906,100.175,97.805,98.99,99.05,0.0,99.05,0.0,0,0,2017-04-14,33639400,99.07,2,0,0,0,0,0,0,0,0,99.075,4,0,0,0,0,0,0,0,0
439,2017-04-14,09:20:39,900,TF1706,CCFX,99.07,99.01,99.1,351,347691150,18819,18906,100.175,97.805,98.99,99.05,0.0,99.05,0.0,0,0,2017-04-14,33639900,99.07,2,0,0,0,0,0,0,0,0,99.075,4,0,0,0,0,0,0,0,0
440,2017-04-14,09:20:40,400,TF1706,CCFX,99.07,99.01,99.1,351,347691150,18819,18906,100.175,97.805,98.99,99.05,0.0,99.05,0.0,0,0,2017-04-14,33640400,99.07,2,0,0,0,0,0,0,0,0,99.075,2,0,0,0,0,0,0,0,0
441,2017-04-14,09:20:42,400,TF1706,CCFX,99.075,99.01,99.1,352,348681900,18819,18906,100.175,97.805,98.99,99.05,0.0,99.05,0.0,0,0,2017-04-14,33642400,99.07,2,0,0,0,0,0,0,0,0,99.075,1,0,0,0,0,0,0,0,0
442,2017-04-14,09:20:46,400,TF1706,CCFX,99.075,99.01,99.1,352,348681900,18819,18906,100.175,97.805,98.99,99.05,0.0,99.05,0.0,0,0,2017-04-14,33646400,99.07,2,0,0,0,0,0,0,0,0,99.075,1,0,0,0,0,0,0,0,0
443,2017-04-14,09:20:47,400,TF1706,CCFX,99.07,99.01,99.1,354,350663300,18819,18906,100.175,97.805,98.99,99.05,0.0,99.05,0.0,0,0,2017-04-14,33647400,99.065,3,0,0,0,0,0,0,0,0,99.07,3,0,0,0,0,0,0,0,0
444,2017-04-14,09:20:47,900,TF1706,CCFX,99.07,99.01,99.1,355,351654000,18819,18906,100.175,97.805,98.99,99.05,0.0,99.05,0.0,0,0,2017-04-14,33647900,99.065,3,0,0,0,0,0,0,0,0,99.07,2,0,0,0,0,0,0,0,0
445,2017-04-14,09:20:48,400,TF1706,CCFX,99.07,99.01,99.1,356,352644700,18818,18906,100.175,97.805,98.99,99.05,0.0,99.05,0.0,0,0,2017-04-14,33648400,99.065,3,0,0,0,0,0,0,0,0,99.07,1,0,0,0,0,0,0,0,0
446,2017-04-14,09:20:48,900,TF1706,CCFX,99.07,99.01,99.1,357,353635400,18818,18906,100.175,97.805,98.99,99.05,0.0,99.05,0.0,0,0,2017-04-14,33648900,99.065,3,0,0,0,0,0,0,0,0,99.075,1,0,0,0,0,0,0,0,0
447,2017-04-14,09:20:49,400,TF1706,CCFX,99.07,99.01,99.1,357,353635400,18818,18906,100.175,97.805,98.99,99.05,0.0,99.05,0.0,0,0,2017-04-14,33649400,99.065,3,0,0,0,0,0,0,0,0,99.075,1,0,0,0,0,0,0,0,0
448,2017-04-14,09:20:49,900,TF1706,CCFX,99.07,99.01,99.1,357,353635400,18818,18906,100.175,97.805,98.99,99.05,0.0,99.05,0.0,0,0,2017-04-14,33649900,99.07,1,0,0,0,0,0,0,0,0,99.075,2,0,0,0,0,0,0,0,0
449,2017-04-14,09:20:53,900,TF1706,CCFX,99.07,99.01,99.1,357,353635400,18818,18906,100.175,97.805,98.99,99.05,0.0,99.05,0.0,0,0,2017-04-14,33653900,99.07,1,0,0,0,0,0,0,0,0,99.075,3,0,0,0,0,0,0,0,0
450,2017-04-14,09:20:58,400,TF1706,CCFX,99.07,99.01,99.1,358,354626100,18818,18906,100.175,97.805,98.99,99.05,0.0,99.05,0.0,0,0,2017-04-14,33658400,99.065,3,0,0,0,0,0,0,0,0,99.07,3,0,0,0,0,0,0,0,0
451,2017-04-14,09:20:58,900,TF1706,CCFX,99.07,99.01,99.1,358,354626100,18818,18906,100.175,97.805,98.99,99.05,0.0,99.05,0.0,0,0,2017-04-14,33658900,99.065,3,0,0,0,0,0,0,0,0,99.07,1,0,0,0,0,0,0,0,0
452,2017-04-14,09:21:02,400,TF1706,CCFX,99.07,99.01,99.1,358,354626100,18818,18906,100.175,97.805,98.99,99.05,0.0,99.05,0.0,0,0,2017-04-14,33662400,99.065,3,0,0,0,0,0,0,0,0,99.07,1,0,0,0,0,0,0,0,0
453,2017-04-14,09:21:02,900,TF1706,CCFX,99.07,99.01,99.1,358,354626100,18818,18906,100.175,97.805,98.99,99.05,0.0,99.05,0.0,0,0,2017-04-14,33662900,99.065,3,0,0,0,0,0,0,0,0,99.07,1,0,0,0,0,0,0,0,0
454,2017-04-14,09:21:05,900,TF1706,CCFX,99.07,99.01,99.1,358,354626100,18818,18906,100.175,97.805,98.99,99.05,0.0,99.05,0.0,0,0,2017-04-14,33665900,99.065,3,0,0,0,0,0,0,0,0,99.07,1,0,0,0,0,0,0,0,0
455,2017-04-14,09:21:06,400,TF1706,CCFX,99.065,99.01,99.1,359,355616750,18817,18906,100.175,97.805,98.99,99.05,0.0,99.05,0.0,0,0,2017-04-14,33666400,99.065,2,0,0,0,0,0,0,0,0,99.07,1,0,0,0,0,0,0,0,0
456,2017-04-14,09:21:08,900,TF1706,CCFX,99.065,99.01,99.1,359,355616750,18817,18906,100.175,97.805,98.99,99.05,0.0,99.05,0.0,0,0,2017-04-14,33668900,99.065,2,0,0,0,0,0,0,0,0,99.07,2,0,0,0,0,0,0,0,0
457,2017-04-14,09:21:09,400,TF1706,CCFX,99.065,99.01,99.1,359,355616750,18817,18906,100.175,97.805,98.99,99.05,0.0,99.05,0.0,0,0,2017-04-14,33669400,99.065,2,0,0,0,0,0,0,0,0,99.07,3,0,0,0,0,0,0,0,0
458,2017-04-14,09:21:09,900,TF1706,CCFX,99.065,99.01,99.1,359,355616750,18817,18906,100.175,97.805,98.99,99.05,0.0,99.05,0.0,0,0,2017-04-14,33669900,99.065,2,0,0,0,0,0,0,0,0,99.07,4,0,0,0,0,0,0,0,0
459,2017-04-14,09:21:10,900,TF1706,CCFX,99.065,99.01,99.1,359,355616750,18817,18906,100.175,97.805,98.99,99.05,0.0,99.05,0.0,0,0,2017-04-14,33670900,99.065,2,0,0,0,0,0,0,0,0,99.07,4,0,0,0,0,0,0,0,0
460,2017-04-14,09:21:21,900,TF1706,CCFX,99.065,99.01,99.1,359,355616750,18817,18906,100.175,97.805,98.99,99.05,0.0,99.05,0.0,0,0,2017-04-14,33681900,99.065,2,0,0,0,0,0,0,0,0,99.07,4,0,0,0,0,0,0,0,0
461,2017-04-14,09:21:26,900,TF1706,CCFX,99.07,99.01,99.1,360,356607450,18818,18906,100.175,97.805,98.99,99.05,0.0,99.05,0.0,0,0,2017-04-14,33686900,99.065,2,0,0,0,0,0,0,0,0,99.07,3,0,0,0,0,0,0,0,0
462,2017-04-14,09:21:27,400,TF1706,CCFX,99.07,99.01,99.1,360,356607450,18818,18906,100.175,97.805,98.99,99.05,0.0,99.05,0.0,0,0,2017-04-14,33687400,99.065,2,0,0,0,0,0,0,0,0,99.07,2,0,0,0,0,0,0,0,0
463,2017-04-14,09:21:32,900,TF1706,CCFX,99.07,99.01,99.1,360,356607450,18818,18906,100.175,97.805,98.99,99.05,0.0,99.05,0.0,0,0,2017-04-14,33692900,99.065,2,0,0,0,0,0,0,0,0,99.07,3,0,0,0,0,0,0,0,0
464,2017-04-14,09:21:35,400,TF1706,CCFX,99.07,99.01,99.1,361,357598150,18817,18906,100.175,97.805,98.99,99.05,0.0,99.05,0.0,0,0,2017-04-14,33695400,99.065,2,0,0,0,0,0,0,0,0,99.07,2,0,0,0,0,0,0,0,0
465,2017-04-14,09:21:35,900,TF1706,CCFX,99.07,99.01,99.1,361,357598150,18817,18906,100.175,97.805,98.99,99.05,0.0,99.05,0.0,0,0,2017-04-14,33695900,99.065,2,0,0,0,0,0,0,0,0,99.07,3,0,0,0,0,0,0,0,0
466,2017-04-14,09:21:36,400,TF1706,CCFX,99.065,99.01,99.1,363,359579450,18817,18906,100.175,97.805,98.99,99.05,0.0,99.05,0.0,0,0,2017-04-14,33696400,99.06,3,0,0,0,0,0,0,0,0,99.07,3,0,0,0,0,0,0,0,0
467,2017-04-14,09:21:36,900,TF1706,CCFX,99.065,99.01,99.1,363,359579450,18817,18906,100.175,97.805,98.99,99.05,0.0,99.05,0.0,0,0,2017-04-14,33696900,99.06,3,0,0,0,0,0,0,0,0,99.07,3,0,0,0,0,0,0,0,0
468,2017-04-14,09:21:37,400,TF1706,CCFX,99.065,99.01,99.1,363,359579450,18817,18906,100.175,97.805,98.99,99.05,0.0,99.05,0.0,0,0,2017-04-14,33697400,99.06,3,0,0,0,0,0,0,0,0,99.065,1,0,0,0,0,0,0,0,0
469,2017-04-14,09:21:37,900,TF1706,CCFX,99.065,99.01,99.1,363,359579450,18817,18906,100.175,97.805,98.99,99.05,0.0,99.05,0.0,0,0,2017-04-14,33697900,99.06,3,0,0,0,0,0,0,0,0,99.065,1,0,0,0,0,0,0,0,0
470,2017-04-14,09:21:38,400,TF1706,CCFX,99.065,99.01,99.1,363,359579450,18817,18906,100.175,97.805,98.99,99.05,0.0,99.05,0.0,0,0,2017-04-14,33698400,99.06,3,0,0,0,0,0,0,0,0,99.065,2,0,0,0,0,0,0,0,0
471,2017-04-14,09:21:38,900,TF1706,CCFX,99.065,99.01,99.1,363,359579450,18817,18906,100.175,97.805,98.99,99.05,0.0,99.05,0.0,0,0,2017-04-14,33698900,99.06,3,0,0,0,0,0,0,0,0,99.065,3,0,0,0,0,0,0,0,0
472,2017-04-14,09:21:39,400,TF1706,CCFX,99.06,99.01,99.1,364,360570050,18817,18906,100.175,97.805,98.99,99.05,0.0,99.05,0.0,0,0,2017-04-14,33699400,99.06,2,0,0,0,0,0,0,0,0,99.065,3,0,0,0,0,0,0,0,0
473,2017-04-14,09:21:39,900,TF1706,CCFX,99.06,99.01,99.1,364,360570050,18817,18906,100.175,97.805,98.99,99.05,0.0,99.05,0.0,0,0,2017-04-14,33699900,99.06,2,0,0,0,0,0,0,0,0,99.065,3,0,0,0,0,0,0,0,0
474,2017-04-14,09:21:40,400,TF1706,CCFX,99.06,99.01,99.1,364,360570050,18817,18906,100.175,97.805,98.99,99.05,0.0,99.05,0.0,0,0,2017-04-14,33700400,99.06,1,0,0,0,0,0,0,0,0,99.065,3,0,0,0,0,0,0,0,0
475,2017-04-14,09:21:40,900,TF1706,CCFX,99.06,99.01,99.1,365,361560650,18817,18906,100.175,97.805,98.99,99.05,0.0,99.05,0.0,0,0,2017-04-14,33700900,99.055,2,0,0,0,0,0,0,0,0,99.065,3,0,0,0,0,0,0,0,0
476,2017-04-14,09:21:41,400,TF1706,CCFX,99.06,99.01,99.1,365,361560650,18817,18906,100.175,97.805,98.99,99.05,0.0,99.05,0.0,0,0,2017-04-14,33701400,99.055,2,0,0,0,0,0,0,0,0,99.065,3,0,0,0,0,0,0,0,0
477,2017-04-14,09:21:41,900,TF1706,CCFX,99.06,99.01,99.1,365,361560650,18817,18906,100.175,97.805,98.99,99.05,0.0,99.05,0.0,0,0,2017-04-14,33701900,99.055,2,0,0,0,0,0,0,0,0,99.065,3,0,0,0,0,0,0,0,0
478,2017-04-14,09:21:43,400,TF1706,CCFX,99.06,99.01,99.1,365,361560650,18817,18906,100.175,97.805,98.99,99.05,0.0,99.05,0.0,0,0,2017-04-14,33703400,99.06,2,0,0,0,0,0,0,0,0,99.065,3,0,0,0,0,0,0,0,0
479,2017-04-14,09:21:45,900,TF1706,CCFX,99.06,99.01,99.1,365,361560650,18817,18906,100.175,97.805,98.99,99.05,0.0,99.05,0.0,0,0,2017-04-14,33705900,99.06,2,0,0,0,0,0,0,0,0,99.065,4,0,0,0,0,0,0,0,0
480,2017-04-14,09:21:46,900,TF1706,CCFX,99.06,99.01,99.1,365,361560650,18817,18906,100.175,97.805,98.99,99.05,0.0,99.05,0.0,0,0,2017-04-14,33706900,99.055,2,0,0,0,0,0,0,0,0,99.065,4,0,0,0,0,0,0,0,0
481,2017-04-14,09:21:47,400,TF1706,CCFX,99.055,99.01,99.1,366,362551200,18816,18906,100.175,97.805,98.99,99.05,0.0,99.05,0.0,0,0,2017-04-14,33707400,99.055,1,0,0,0,0,0,0,0,0,99.065,4,0,0,0,0,0,0,0,0
482,2017-04-14,09:21:47,900,TF1706,CCFX,99.055,99.01,99.1,366,362551200,18816,18906,100.175,97.805,98.99,99.05,0.0,99.05,0.0,0,0,2017-04-14,33707900,99.055,2,0,0,0,0,0,0,0,0,99.06,1,0,0,0,0,0,0,0,0
483,2017-04-14,09:21:48,400,TF1706,CCFX,99.06,99.01,99.1,367,363541800,18816,18906,100.175,97.805,98.99,99.05,0.0,99.05,0.0,0,0,2017-04-14,33708400,99.06,1,0,0,0,0,0,0,0,0,99.065,4,0,0,0,0,0,0,0,0
484,2017-04-14,09:21:48,900,TF1706,CCFX,99.06,99.01,99.1,368,364532400,18816,18906,100.175,97.805,98.99,99.05,0.0,99.05,0.0,0,0,2017-04-14,33708900,99.055,2,0,0,0,0,0,0,0,0,99.065,4,0,0,0,0,0,0,0,0
485,2017-04-14,09:21:50,400,TF1706,CCFX,99.06,99.01,99.1,368,364532400,18816,18906,100.175,97.805,98.99,99.05,0.0,99.05,0.0,0,0,2017-04-14,33710400,99.055,10,0,0,0,0,0,0,0,0,99.065,4,0,0,0,0,0,0,0,0
486,2017-04-14,09:21:51,400,TF1706,CCFX,99.06,99.01,99.1,368,364532400,18816,18906,100.175,97.805,98.99,99.05,0.0,99.05,0.0,0,0,2017-04-14,33711400,99.055,6,0,0,0,0,0,0,0,0,99.065,4,0,0,0,0,0,0,0,0
487,2017-04-14,09:21:51,900,TF1706,CCFX,99.06,99.01,99.1,368,364532400,18816,18906,100.175,97.805,98.99,99.05,0.0,99.05,0.0,0,0,2017-04-14,33711900,99.055,10,0,0,0,0,0,0,0,0,99.065,4,0,0,0,0,0,0,0,0
488,2017-04-14,09:21:56,400,TF1706,CCFX,99.06,99.01,99.1,368,364532400,18816,18906,100.175,97.805,98.99,99.05,0.0,99.05,0.0,0,0,2017-04-14,33716400,99.055,6,0,0,0,0,0,0,0,0,99.065,4,0,0,0,0,0,0,0,0
489,2017-04-14,09:21:57,400,TF1706,CCFX,99.06,99.01,99.1,368,364532400,18816,18906,100.175,97.805,98.99,99.05,0.0,99.05,0.0,0,0,2017-04-14,33717400,99.06,1,0,0,0,0,0,0,0,0,99.065,4,0,0,0,0,0,0,0,0
490,2017-04-14,09:21:57,900,TF1706,CCFX,99.06,99.01,99.1,369,365523000,18816,18906,100.175,97.805,98.99,99.05,0.0,99.05,0.0,0,0,2017-04-14,33717900,99.055,6,0,0,0,0,0,0,0,0,99.06,1,0,0,0,0,0,0,0,0
491,2017-04-14,09:21:58,400,TF1706,CCFX,99.06,99.01,99.1,369,365523000,18816,18906,100.175,97.805,98.99,99.05,0.0,99.05,0.0,0,0,2017-04-14,33718400,99.055,6,0,0,0,0,0,0,0,0,99.06,1,0,0,0,0,0,0,0,0
492,2017-04-14,09:21:59,400,TF1706,CCFX,99.06,99.01,99.1,369,365523000,18816,18906,100.175,97.805,98.99,99.05,0.0,99.05,0.0,0,0,2017-04-14,33719400,99.055,4,0,0,0,0,0,0,0,0,99.06,1,0,0,0,0,0,0,0,0
493,2017-04-14,09:22:00,900,TF1706,CCFX,99.06,99.01,99.1,369,365523000,18816,18906,100.175,97.805,98.99,99.05,0.0,99.05,0.0,0,0,2017-04-14,33720900,99.055,4,0,0,0,0,0,0,0,0,99.06,1,0,0,0,0,0,0,0,0
494,2017-04-14,09:22:02,400,TF1706,CCFX,99.06,99.01,99.1,369,365523000,18816,18906,100.175,97.805,98.99,99.05,0.0,99.05,0.0,0,0,2017-04-14,33722400,99.055,4,0,0,0,0,0,0,0,0,99.06,1,0,0,0,0,0,0,0,0
495,2017-04-14,09:22:02,900,TF1706,CCFX,99.055,99.01,99.1,370,366513550,18816,18906,100.175,97.805,98.99,99.05,0.0,99.05,0.0,0,0,2017-04-14,33722900,99.055,3,0,0,0,0,0,0,0,0,99.06,1,0,0,0,0,0,0,0,0
496,2017-04-14,09:22:03,400,TF1706,CCFX,99.055,99.01,99.1,372,368494650,18815,18906,100.175,97.805,98.99,99.05,0.0,99.05,0.0,0,0,2017-04-14,33723400,99.045,6,0,0,0,0,0,0,0,0,99.06,2,0,0,0,0,0,0,0,0
497,2017-04-14,09:22:03,900,TF1706,CCFX,99.055,99.01,99.1,372,368494650,18815,18906,100.175,97.805,98.99,99.05,0.0,99.05,0.0,0,0,2017-04-14,33723900,99.05,1,0,0,0,0,0,0,0,0,99.06,2,0,0,0,0,0,0,0,0
498,2017-04-14,09:22:04,400,TF1706,CCFX,99.055,99.01,99.1,372,368494650,18815,18906,100.175,97.805,98.99,99.05,0.0,99.05,0.0,0,0,2017-04-14,33724400,99.05,4,0,0,0,0,0,0,0,0,99.06,2,0,0,0,0,0,0,0,0
499,2017-04-14,09:22:07,400,TF1706,CCFX,99.055,99.01,99.1,372,368494650,18815,18906,100.175,97.805,98.99,99.05,0.0,99.05,0.0,0,0,2017-04-14,33727400,99.05,4,0,0,0,0,0,0,0,0,99.06,1,0,0,0,0,0,0,0,0
500,2017-04-14,09:22:09,400,TF1706,CCFX,99.05,99.01,99.1,373,369485150,18814,18906,100.175,97.805,98.99,99.05,0.0,99.05,0.0,0,0,2017-04-14,33729400,99.05,3,0,0,0,0,0,0,0,0,99.06,1,0,0,0,0,0,0,0,0
501,2017-04-14,09:22:09,900,TF1706,CCFX,99.05,99.01,99.1,373,369485150,18814,18906,100.175,97.805,98.99,99.05,0.0,99.05,0.0,0,0,2017-04-14,33729900,99.055,1,0,0,0,0,0,0,0,0,99.06,1,0,0,0,0,0,0,0,0
502,2017-04-14,09:22:10,400,TF1706,CCFX,99.055,99.01,99.1,374,370475700,18814,18906,100.175,97.805,98.99,99.05,0.0,99.05,0.0,0,0,2017-04-14,33730400,99.055,1,0,0,0,0,0,0,0,0,99.06,1,0,0,0,0,0,0,0,0
503,2017-04-14,09:22:10,900,TF1706,CCFX,99.055,99.01,99.1,375,371466250,18814,18906,100.175,97.805,98.99,99.05,0.0,99.05,0.0,0,0,2017-04-14,33730900,99.05,4,0,0,0,0,0,0,0,0,99.055,1,0,0,0,0,0,0,0,0
