,dataDate,dataTime,dataMillisec,instrumentID,exchangeCD,lastPrice,lowPrice,highPrice,volume,value,openInterest,preOpenInterest,upperLimitPrice,lowerLimitPrice,preSettlementPrice,prevClosePrice,settlementPrice,openPrice,closePrice,preDelta,currDelta,clearingDay,milliSecOffset,bidPrice1,bidVolume1,bidPrice2,bidVolume2,bidPrice3,bidVolume3,bidPrice4,bidVolume4,bidPrice5,bidVolume5,askPrice1,askVolume1,askPrice2,askVolume2,askPrice3,askVolume3,askPrice4,askVolume4,askPrice5,askVolume5
0,2017-04-14,08:59:00,90,v1709,XDCE,5795,5795,5795,160,4636000,140504,140362,6105,5525,5815,5785,0,5795,0,0,0,2017-04-14,32340090,5795,13,0,0,0,0,0,0,0,0,5800,5,0,0,0,0,0,0,0,0
1,2017-04-14,09:00:00,578,v1709,XDCE,5805,5795,5805,312,9045000,140568,140362,6105,5525,5815,5785,0,5795,0,0,0,2017-04-14,32400578,5800,37,0,0,0,0,0,0,0,0,5805,8,0,0,0,0,0,0,0,0
2,2017-04-14,09:00:01,78,v1709,XDCE,5800,5795,5805,402,11655700,140610,140362,6105,5525,5815,5785,0,5795,0,0,0,2017-04-14,32401078,5800,79,0,0,0,0,0,0,0,0,5805,3,0,0,0,0,0,0,0,0
3,2017-04-14,09:00:01,561,v1709,XDCE,5800,5795,5810,464,13454200,140608,140362,6105,5525,5815,5785,0,5795,0,0,0,2017-04-14,32401561,5800,63,0,0,0,0,0,0,0,0,5805,21,0,0,0,0,0,0,0,0
4,2017-04-14,09:00:02,66,v1709,XDCE,5805,5795,5810,474,13744400,140610,140362,6105,5525,5815,5785,0,5795,0,0,0,2017-04-14,32402066,5800,66,0,0,0,0,0,0,0,0,5805,20,0,0,0,0,0,0,0,0
5,2017-04-14,09:00:02,576,v1709,XDCE,5805,5795,5810,550,15948600,140630,140362,6105,5525,5815,5785,0,5795,0,0,0,2017-04-14,32402576,5800,42,0,0,0,0,0,0,0,0,5805,26,0,0,0,0,0,0,0,0
6,2017-04-14,09:00:03,66,v1709,XDCE,5805,5795,5810,624,18095200,140638,140362,6105,5525,5815,5785,0,5795,0,0,0,2017-04-14,32403066,5800,24,0,0,0,0,0,0,0,0,5805,9,0,0,0,0,0,0,0,0
7,2017-04-14,09:00:03,566,v1709,XDCE,5805,5795,5810,744,21576600,140640,140362,6105,5525,5815,5785,0,5795,0,0,0,2017-04-14,32403566,5795,16,0,0,0,0,0,0,0,0,5805,15,0,0,0,0,0,0,0,0
8,2017-04-14,09:00:04,55,v1709,XDCE,5805,5795,5810,752,21808700,140646,140362,6105,5525,5815,5785,0,5795,0,0,0,2017-04-14,32404055,5800,6,0,0,0,0,0,0,0,0,5805,18,0,0,0,0,0,0,0,0
9,2017-04-14,09:00:04,545,v1709,XDCE,5805,5795,5810,764,22156950,140650,140362,6105,5525,5815,5785,0,5795,0,0,0,2017-04-14,32404545,5800,7,0,0,0,0,0,0,0,0,5805,42,0,0,0,0,0,0,0,0
10,2017-04-14,09:00:05,78,v1709,XDCE,5805,5795,5810,816,23665900,140632,140362,6105,5525,5815,5785,0,5795,0,0,0,2017-04-14,32405078,5795,17,0,0,0,0,0,0,0,0,5805,46,0,0,0,0,0,0,0,0
11,2017-04-14,09:00:05,576,v1709,XDCE,5800,5790,5810,934,27088150,140712,140362,6105,5525,5815,5785,0,5795,0,0,0,2017-04-14,32405576,5795,1,0,0,0,0,0,0,0,0,5800,1,0,0,0,0,0,0,0,0
12,2017-04-14,09:00:06,65,v1709,XDCE,5805,5790,5810,980,28422100,140716,140362,6105,5525,5815,5785,0,5795,0,0,0,2017-04-14,32406065,5800,49,0,0,0,0,0,0,0,0,5805,25,0,0,0,0,0,0,0,0
13,2017-04-14,09:00:06,550,v1709,XDCE,5805,5790,5810,984,28538150,140718,140362,6105,5525,5815,5785,0,5795,0,0,0,2017-04-14,32406550,5800,50,0,0,0,0,0,0,0,0,5805,27,0,0,0,0,0,0,0,0
14,2017-04-14,09:00:07,48,v1709,XDCE,5805,5790,5810,992,28770300,140718,140362,6105,5525,5815,5785,0,5795,0,0,0,2017-04-14,32407048,5800,63,0,0,0,0,0,0,0,0,5805,29,0,0,0,0,0,0,0,0
15,2017-04-14,09:00:07,576,v1709,XDCE,5805,5790,5810,994,28828350,140718,140362,6105,5525,5815,5785,0,5795,0,0,0,2017-04-14,32407576,5800,53,0,0,0,0,0,0,0,0,5805,28,0,0,0,0,0,0,0,0
16,2017-04-14,09:00:08,43,v1709,XDCE,5805,5790,5810,1014,29408850,140720,140362,6105,5525,5815,5785,0,5795,0,0,0,2017-04-14,32408043,5800,57,0,0,0,0,0,0,0,0,5805,18,0,0,0,0,0,0,0,0
17,2017-04-14,09:00:08,565,v1709,XDCE,5805,5790,5810,1016,29466900,140722,140362,6105,5525,5815,5785,0,5795,0,0,0,2017-04-14,32408565,5800,57,0,0,0,0,0,0,0,0,5805,18,0,0,0,0,0,0,0,0
18,2017-04-14,09:00:09,64,v1709,XDCE,5805,5790,5810,1022,29640950,140728,140362,6105,5525,5815,5785,0,5795,0,0,0,2017-04-14,32409064,5800,63,0,0,0,0,0,0,0,0,5805,22,0,0,0,0,0,0,0,0
19,2017-04-14,09:00:09,529,v1709,XDCE,5805,5790,5810,1030,29873000,140736,140362,6105,5525,5815,5785,0,5795,0,0,0,2017-04-14,32409529,5800,64,0,0,0,0,0,0,0,0,5805,21,0,0,0,0,0,0,0,0
20,2017-04-14,09:00:10,74,v1709,XDCE,5800,5790,5810,1048,30395400,140752,140362,6105,5525,5815,5785,0,5795,0,0,0,2017-04-14,32410074,5800,63,0,0,0,0,0,0,0,0,5805,14,0,0,0,0,0,0,0,0
21,2017-04-14,09:00:10,573,v1709,XDCE,5800,5790,5810,1074,31150000,140776,140362,6105,5525,5815,5785,0,5795,0,0,0,2017-04-14,32410573,5800,76,0,0,0,0,0,0,0,0,5805,11,0,0,0,0,0,0,0,0
22,2017-04-14,09:00:11,73,v1709,XDCE,5805,5790,5810,1094,31730450,140792,140362,6105,5525,5815,5785,0,5795,0,0,0,2017-04-14,32411073,5800,76,0,0,0,0,0,0,0,0,5805,2,0,0,0,0,0,0,0,0
23,2017-04-14,09:00:11,549,v1709,XDCE,5805,5790,5810,1110,32194850,140786,140362,6105,5525,5815,5785,0,5795,0,0,0,2017-04-14,32411549,5800,117,0,0,0,0,0,0,0,0,5805,2,0,0,0,0,0,0,0,0
24,2017-04-14,09:00:12,66,v1709,XDCE,5805,5790,5810,1136,32949500,140802,140362,6105,5525,5815,5785,0,5795,0,0,0,2017-04-14,32412066,5800,113,0,0,0,0,0,0,0,0,5810,200,0,0,0,0,0,0,0,0
25,2017-04-14,09:00:12,572,v1709,XDCE,5805,5790,5810,1140,33065600,140806,140362,6105,5525,5815,5785,0,5795,0,0,0,2017-04-14,32412572,5805,4,0,0,0,0,0,0,0,0,5810,200,0,0,0,0,0,0,0,0
26,2017-04-14,09:00:13,22,v1709,XDCE,5805,5790,5810,1192,34574550,140824,140362,6105,5525,5815,5785,0,5795,0,0,0,2017-04-14,32413022,5800,107,0,0,0,0,0,0,0,0,5805,1,0,0,0,0,0,0,0,0
27,2017-04-14,09:00:13,570,v1709,XDCE,5805,5790,5810,1206,34980900,140822,140362,6105,5525,5815,5785,0,5795,0,0,0,2017-04-14,32413570,5800,131,0,0,0,0,0,0,0,0,5805,46,0,0,0,0,0,0,0,0
28,2017-04-14,09:00:14,75,v1709,XDCE,5805,5790,5810,1298,37651200,140914,140362,6105,5525,5815,5785,0,5795,0,0,0,2017-04-14,32414075,5805,17,0,0,0,0,0,0,0,0,5810,200,0,0,0,0,0,0,0,0
29,2017-04-14,09:00:14,573,v1709,XDCE,5805,5790,5810,1306,37883400,140918,140362,6105,5525,5815,5785,0,5795,0,0,0,2017-04-14,32414573,5805,16,0,0,0,0,0,0,0,0,5810,200,0,0,0,0,0,0,0,0
30,2017-04-14,09:00:15,74,v1709,XDCE,5810,5790,5810,1308,37941500,140918,140362,6105,5525,5815,5785,0,5795,0,0,0,2017-04-14,32415074,5805,33,0,0,0,0,0,0,0,0,5810,204,0,0,0,0,0,0,0,0
31,2017-04-14,09:00:15,571,v1709,XDCE,5805,5790,5810,1418,41135800,140934,140362,6105,5525,5815,5785,0,5795,0,0,0,2017-04-14,32415571,5805,17,0,0,0,0,0,0,0,0,5810,173,0,0,0,0,0,0,0,0
32,2017-04-14,09:00:16,73,v1709,XDCE,5810,5790,5810,1422,41251950,140934,140362,6105,5525,5815,5785,0,5795,0,0,0,2017-04-14,32416073,5805,26,0,0,0,0,0,0,0,0,5810,173,0,0,0,0,0,0,0,0
33,2017-04-14,09:00:16,577,v1709,XDCE,5805,5790,5810,1426,41368100,140934,140362,6105,5525,5815,5785,0,5795,0,0,0,2017-04-14,32416577,5805,34,0,0,0,0,0,0,0,0,5810,172,0,0,0,0,0,0,0,0
34,2017-04-14,09:00:17,73,v1709,XDCE,5805,5790,5810,1436,41658350,140934,140362,6105,5525,5815,5785,0,5795,0,0,0,2017-04-14,32417073,5805,38,0,0,0,0,0,0,0,0,5810,172,0,0,0,0,0,0,0,0
35,2017-04-14,09:00:17,577,v1709,XDCE,5805,5790,5810,1440,41774450,140934,140362,6105,5525,5815,5785,0,5795,0,0,0,2017-04-14,32417577,5805,37,0,0,0,0,0,0,0,0,5810,172,0,0,0,0,0,0,0,0
36,2017-04-14,09:00:18,32,v1709,XDCE,5805,5790,5810,1444,41890550,140930,140362,6105,5525,5815,5785,0,5795,0,0,0,2017-04-14,32418032,5805,62,0,0,0,0,0,0,0,0,5810,171,0,0,0,0,0,0,0,0
37,2017-04-14,09:00:18,575,v1709,XDCE,5805,5790,5810,1452,42122800,140930,140362,6105,5525,5815,5785,0,5795,0,0,0,2017-04-14,32418575,5805,72,0,0,0,0,0,0,0,0,5810,170,0,0,0,0,0,0,0,0
38,2017-04-14,09:00:19,71,v1709,XDCE,5805,5790,5810,1456,42238950,140926,140362,6105,5525,5815,5785,0,5795,0,0,0,2017-04-14,32419071,5805,121,0,0,0,0,0,0,0,0,5810,169,0,0,0,0,0,0,0,0
39,2017-04-14,09:00:19,558,v1709,XDCE,5805,5790,5810,1456,42238950,140926,140362,6105,5525,5815,5785,0,5795,0,0,0,2017-04-14,32419558,5805,141,0,0,0,0,0,0,0,0,5810,170,0,0,0,0,0,0,0,0
40,2017-04-14,09:00:20,57,v1709,XDCE,5810,5790,5810,1510,43807650,140886,140362,6105,5525,5815,5785,0,5795,0,0,0,2017-04-14,32420057,5805,141,0,0,0,0,0,0,0,0,5810,143,0,0,0,0,0,0,0,0
41,2017-04-14,09:00:20,573,v1709,XDCE,5805,5790,5810,1550,44969500,140874,140362,6105,5525,5815,5785,0,5795,0,0,0,2017-04-14,32420573,5805,150,0,0,0,0,0,0,0,0,5810,125,0,0,0,0,0,0,0,0
42,2017-04-14,09:00:21,42,v1709,XDCE,5810,5790,5810,1640,47584000,140824,140362,6105,5525,5815,5785,0,5795,0,0,0,2017-04-14,32421042,5805,157,0,0,0,0,0,0,0,0,5810,81,0,0,0,0,0,0,0,0
43,2017-04-14,09:00:21,459,v1709,XDCE,5810,5790,5810,1804,52348200,140850,140362,6105,5525,5815,5785,0,5795,0,0,0,2017-04-14,32421459,5810,24,0,0,0,0,0,0,0,0,5815,100,0,0,0,0,0,0,0,0
44,2017-04-14,09:00:22,51,v1709,XDCE,5810,5790,5810,1874,54381700,140832,140362,6105,5525,5815,5785,0,5795,0,0,0,2017-04-14,32422051,5805,217,0,0,0,0,0,0,0,0,5810,45,0,0,0,0,0,0,0,0
45,2017-04-14,09:00:22,550,v1709,XDCE,5805,5790,5810,1880,54555900,140836,140362,6105,5525,5815,5785,0,5795,0,0,0,2017-04-14,32422550,5805,220,0,0,0,0,0,0,0,0,5810,54,0,0,0,0,0,0,0,0
46,2017-04-14,09:00:23,46,v1709,XDCE,5810,5790,5810,1906,55311150,140838,140362,6105,5525,5815,5785,0,5795,0,0,0,2017-04-14,32423046,5805,251,0,0,0,0,0,0,0,0,5810,42,0,0,0,0,0,0,0,0
47,2017-04-14,09:00:23,491,v1709,XDCE,5805,5790,5810,1914,55543350,140842,140362,6105,5525,5815,5785,0,5795,0,0,0,2017-04-14,32423491,5805,247,0,0,0,0,0,0,0,0,5810,44,0,0,0,0,0,0,0,0
48,2017-04-14,09:00:23,993,v1709,XDCE,5810,5790,5810,1918,55659550,140838,140362,6105,5525,5815,5785,0,5795,0,0,0,2017-04-14,32423993,5805,247,0,0,0,0,0,0,0,0,5810,42,0,0,0,0,0,0,0,0
49,2017-04-14,09:00:24,540,v1709,XDCE,5810,5790,5810,1918,55659550,140838,140362,6105,5525,5815,5785,0,5795,0,0,0,2017-04-14,32424540,5805,263,0,0,0,0,0,0,0,0,5810,52,0,0,0,0,0,0,0,0
50,2017-04-14,09:00:25,32,v1709,XDCE,5810,5790,5810,1920,55717650,140838,140362,6105,5525,5815,5785,0,5795,0,0,0,2017-04-14,32425032,5805,294,0,0,0,0,0,0,0,0,5810,56,0,0,0,0,0,0,0,0
51,2017-04-14,09:00:25,417,v1709,XDCE,5810,5790,5810,2036,59087400,140856,140362,6105,5525,5815,5785,0,5795,0,0,0,2017-04-14,32425417,5810,4,0,0,0,0,0,0,0,0,5815,108,0,0,0,0,0,0,0,0
52,2017-04-14,09:00:26,71,v1709,XDCE,5810,5790,5810,2036,59087400,140856,140362,6105,5525,5815,5785,0,5795,0,0,0,2017-04-14,32426071,5810,10,0,0,0,0,0,0,0,0,5815,108,0,0,0,0,0,0,0,0
53,2017-04-14,09:00:26,561,v1709,XDCE,5810,5790,5810,2074,60191300,140842,140362,6105,5525,5815,5785,0,5795,0,0,0,2017-04-14,32426561,5805,305,0,0,0,0,0,0,0,0,5810,213,0,0,0,0,0,0,0,0
54,2017-04-14,09:00:27,60,v1709,XDCE,5810,5790,5810,2076,60249400,140842,140362,6105,5525,5815,5785,0,5795,0,0,0,2017-04-14,32427060,5805,313,0,0,0,0,0,0,0,0,5810,216,0,0,0,0,0,0,0,0
55,2017-04-14,09:00:27,554,v1709,XDCE,5805,5790,5810,2078,60307450,140844,140362,6105,5525,5815,5785,0,5795,0,0,0,2017-04-14,32427554,5805,312,0,0,0,0,0,0,0,0,5810,216,0,0,0,0,0,0,0,0
56,2017-04-14,09:00:28,69,v1709,XDCE,5810,5790,5810,2182,63328650,140842,140362,6105,5525,5815,5785,0,5795,0,0,0,2017-04-14,32428069,5805,312,0,0,0,0,0,0,0,0,5810,164,0,0,0,0,0,0,0,0
57,2017-04-14,09:00:28,568,v1709,XDCE,5805,5790,5810,2184,63386700,140842,140362,6105,5525,5815,5785,0,5795,0,0,0,2017-04-14,32428568,5805,309,0,0,0,0,0,0,0,0,5810,165,0,0,0,0,0,0,0,0
58,2017-04-14,09:00:28,977,v1709,XDCE,5810,5790,5810,2188,63502900,140842,140362,6105,5525,5815,5785,0,5795,0,0,0,2017-04-14,32428977,5805,309,0,0,0,0,0,0,0,0,5810,165,0,0,0,0,0,0,0,0
59,2017-04-14,09:00:29,517,v1709,XDCE,5805,5790,5810,2194,63677150,140840,140362,6105,5525,5815,5785,0,5795,0,0,0,2017-04-14,32429517,5805,309,0,0,0,0,0,0,0,0,5810,163,0,0,0,0,0,0,0,0
60,2017-04-14,09:00:29,973,v1709,XDCE,5810,5790,5810,2200,63851450,140840,140362,6105,5525,5815,5785,0,5795,0,0,0,2017-04-14,32429973,5805,309,0,0,0,0,0,0,0,0,5810,160,0,0,0,0,0,0,0,0
61,2017-04-14,09:00:31,548,v1709,XDCE,5810,5790,5810,2224,64548600,140842,140362,6105,5525,5815,5785,0,5795,0,0,0,2017-04-14,32431548,5805,308,0,0,0,0,0,0,0,0,5810,150,0,0,0,0,0,0,0,0
62,2017-04-14,09:00:31,978,v1709,XDCE,5805,5790,5810,2238,64954950,140856,140362,6105,5525,5815,5785,0,5795,0,0,0,2017-04-14,32431978,5805,299,0,0,0,0,0,0,0,0,5810,149,0,0,0,0,0,0,0,0
63,2017-04-14,09:00:32,535,v1709,XDCE,5805,5790,5810,2254,65419400,140870,140362,6105,5525,5815,5785,0,5795,0,0,0,2017-04-14,32432535,5805,292,0,0,0,0,0,0,0,0,5810,148,0,0,0,0,0,0,0,0
64,2017-04-14,09:00:33,36,v1709,XDCE,5810,5790,5810,2256,65477500,140868,140362,6105,5525,5815,5785,0,5795,0,0,0,2017-04-14,32433036,5805,292,0,0,0,0,0,0,0,0,5810,155,0,0,0,0,0,0,0,0
65,2017-04-14,09:00:33,494,v1709,XDCE,5805,5790,5810,2258,65535550,140870,140362,6105,5525,5815,5785,0,5795,0,0,0,2017-04-14,32433494,5805,291,0,0,0,0,0,0,0,0,5810,155,0,0,0,0,0,0,0,0
66,2017-04-14,09:00:34,42,v1709,XDCE,5810,5790,5810,2260,65593650,140870,140362,6105,5525,5815,5785,0,5795,0,0,0,2017-04-14,32434042,5805,291,0,0,0,0,0,0,0,0,5810,161,0,0,0,0,0,0,0,0
67,2017-04-14,09:00:34,507,v1709,XDCE,5810,5790,5810,2260,65593650,140870,140362,6105,5525,5815,5785,0,5795,0,0,0,2017-04-14,32434507,5805,291,0,0,0,0,0,0,0,0,5810,162,0,0,0,0,0,0,0,0
68,2017-04-14,09:00:35,76,v1709,XDCE,5810,5790,5810,2260,65593650,140870,140362,6105,5525,5815,5785,0,5795,0,0,0,2017-04-14,32435076,5805,294,0,0,0,0,0,0,0,0,5810,163,0,0,0,0,0,0,0,0
69,2017-04-14,09:00:35,545,v1709,XDCE,5805,5790,5810,2268,65825850,140876,140362,6105,5525,5815,5785,0,5795,0,0,0,2017-04-14,32435545,5805,290,0,0,0,0,0,0,0,0,5810,164,0,0,0,0,0,0,0,0
70,2017-04-14,09:00:36,74,v1709,XDCE,5810,5790,5810,2272,65942050,140876,140362,6105,5525,5815,5785,0,5795,0,0,0,2017-04-14,32436074,5805,290,0,0,0,0,0,0,0,0,5810,162,0,0,0,0,0,0,0,0
71,2017-04-14,09:00:36,550,v1709,XDCE,5810,5790,5810,2272,65942050,140876,140362,6105,5525,5815,5785,0,5795,0,0,0,2017-04-14,32436550,5805,291,0,0,0,0,0,0,0,0,5810,163,0,0,0,0,0,0,0,0
72,2017-04-14,09:00:37,66,v1709,XDCE,5810,5790,5810,2280,66174850,140876,140362,6105,5525,5815,5785,0,5795,0,0,0,2017-04-14,32437066,5805,292,0,0,0,0,0,0,0,0,5810,165,0,0,0,0,0,0,0,0
73,2017-04-14,09:00:37,543,v1709,XDCE,5805,5790,5810,2286,66349100,140872,140362,6105,5525,5815,5785,0,5795,0,0,0,2017-04-14,32437543,5805,291,0,0,0,0,0,0,0,0,5810,163,0,0,0,0,0,0,0,0
74,2017-04-14,09:00:38,64,v1709,XDCE,5810,5790,5810,2300,66755650,140872,140362,6105,5525,5815,5785,0,5795,0,0,0,2017-04-14,32438064,5805,289,0,0,0,0,0,0,0,0,5810,161,0,0,0,0,0,0,0,0
75,2017-04-14,09:00:38,569,v1709,XDCE,5810,5790,5810,2304,66871850,140872,140362,6105,5525,5815,5785,0,5795,0,0,0,2017-04-14,32438569,5805,290,0,0,0,0,0,0,0,0,5810,160,0,0,0,0,0,0,0,0
76,2017-04-14,09:00:39,8,v1709,XDCE,5810,5790,5810,2306,66929950,140872,140362,6105,5525,5815,5785,0,5795,0,0,0,2017-04-14,32439008,5805,290,0,0,0,0,0,0,0,0,5810,201,0,0,0,0,0,0,0,0
77,2017-04-14,09:00:39,494,v1709,XDCE,5805,5790,5810,2310,67046100,140874,140362,6105,5525,5815,5785,0,5795,0,0,0,2017-04-14,32439494,5805,289,0,0,0,0,0,0,0,0,5810,210,0,0,0,0,0,0,0,0
78,2017-04-14,09:00:39,989,v1709,XDCE,5810,5790,5810,2312,67104200,140874,140362,6105,5525,5815,5785,0,5795,0,0,0,2017-04-14,32439989,5805,291,0,0,0,0,0,0,0,0,5810,211,0,0,0,0,0,0,0,0
79,2017-04-14,09:00:40,461,v1709,XDCE,5810,5790,5810,2420,70241400,140874,140362,6105,5525,5815,5785,0,5795,0,0,0,2017-04-14,32440461,5805,287,0,0,0,0,0,0,0,0,5810,161,0,0,0,0,0,0,0,0
80,2017-04-14,09:00:41,63,v1709,XDCE,5805,5790,5810,2422,70299450,140876,140362,6105,5525,5815,5785,0,5795,0,0,0,2017-04-14,32441063,5805,264,0,0,0,0,0,0,0,0,5810,151,0,0,0,0,0,0,0,0
81,2017-04-14,09:00:41,539,v1709,XDCE,5810,5790,5810,2428,70473650,140880,140362,6105,5525,5815,5785,0,5795,0,0,0,2017-04-14,32441539,5805,261,0,0,0,0,0,0,0,0,5810,150,0,0,0,0,0,0,0,0
82,2017-04-14,09:00:42,52,v1709,XDCE,5810,5790,5810,2560,74305200,140870,140362,6105,5525,5815,5785,0,5795,0,0,0,2017-04-14,32442052,5805,200,0,0,0,0,0,0,0,0,5810,147,0,0,0,0,0,0,0,0
83,2017-04-14,09:00:42,540,v1709,XDCE,5805,5790,5810,2574,74711600,140872,140362,6105,5525,5815,5785,0,5795,0,0,0,2017-04-14,32442540,5805,184,0,0,0,0,0,0,0,0,5810,158,0,0,0,0,0,0,0,0
84,2017-04-14,09:00:43,65,v1709,XDCE,5810,5790,5810,2608,75698900,140872,140362,6105,5525,5815,5785,0,5795,0,0,0,2017-04-14,32443065,5805,176,0,0,0,0,0,0,0,0,5810,151,0,0,0,0,0,0,0,0
85,2017-04-14,09:00:43,508,v1709,XDCE,5805,5790,5810,2632,76395500,140872,140362,6105,5525,5815,5785,0,5795,0,0,0,2017-04-14,32443508,5805,164,0,0,0,0,0,0,0,0,5810,207,0,0,0,0,0,0,0,0
86,2017-04-14,09:00:44,35,v1709,XDCE,5805,5790,5810,2706,78543350,140942,140362,6105,5525,5815,5785,0,5795,0,0,0,2017-04-14,32444035,5805,127,0,0,0,0,0,0,0,0,5810,210,0,0,0,0,0,0,0,0
87,2017-04-14,09:00:44,557,v1709,XDCE,5805,5790,5810,2756,79994650,140948,140362,6105,5525,5815,5785,0,5795,0,0,0,2017-04-14,32444557,5805,103,0,0,0,0,0,0,0,0,5810,207,0,0,0,0,0,0,0,0
88,2017-04-14,09:00:45,60,v1709,XDCE,5805,5790,5810,2794,81097650,140960,140362,6105,5525,5815,5785,0,5795,0,0,0,2017-04-14,32445060,5805,86,0,0,0,0,0,0,0,0,5810,207,0,0,0,0,0,0,0,0
89,2017-04-14,09:00:45,571,v1709,XDCE,5805,5790,5810,2796,81155700,140960,140362,6105,5525,5815,5785,0,5795,0,0,0,2017-04-14,32445571,5805,85,0,0,0,0,0,0,0,0,5810,207,0,0,0,0,0,0,0,0
90,2017-04-14,09:00:46,35,v1709,XDCE,5805,5790,5810,2904,84290400,140936,140362,6105,5525,5815,5785,0,5795,0,0,0,2017-04-14,32446035,5805,31,0,0,0,0,0,0,0,0,5810,207,0,0,0,0,0,0,0,0
91,2017-04-14,09:00:46,570,v1709,XDCE,5805,5790,5810,2966,86089950,140978,140362,6105,5525,5815,5785,0,5795,0,0,0,2017-04-14,32446570,5800,132,0,0,0,0,0,0,0,0,5805,106,0,0,0,0,0,0,0,0
92,2017-04-14,09:00:47,68,v1709,XDCE,5800,5790,5810,2972,86263950,140978,140362,6105,5525,5815,5785,0,5795,0,0,0,2017-04-14,32447068,5800,128,0,0,0,0,0,0,0,0,5805,104,0,0,0,0,0,0,0,0
93,2017-04-14,09:00:47,498,v1709,XDCE,5800,5790,5810,2972,86263950,140978,140362,6105,5525,5815,5785,0,5795,0,0,0,2017-04-14,32447498,5800,129,0,0,0,0,0,0,0,0,5805,89,0,0,0,0,0,0,0,0
94,2017-04-14,09:00:48,50,v1709,XDCE,5800,5790,5810,2972,86263950,140978,140362,6105,5525,5815,5785,0,5795,0,0,0,2017-04-14,32448050,5800,134,0,0,0,0,0,0,0,0,5805,90,0,0,0,0,0,0,0,0
95,2017-04-14,09:00:48,556,v1709,XDCE,5805,5790,5810,2980,86496150,140986,140362,6105,5525,5815,5785,0,5795,0,0,0,2017-04-14,32448556,5800,133,0,0,0,0,0,0,0,0,5805,72,0,0,0,0,0,0,0,0
96,2017-04-14,09:00:48,982,v1709,XDCE,5805,5790,5810,3020,87656950,140976,140362,6105,5525,5815,5785,0,5795,0,0,0,2017-04-14,32448982,5800,129,0,0,0,0,0,0,0,0,5805,8,0,0,0,0,0,0,0,0
97,2017-04-14,09:00:49,570,v1709,XDCE,5805,5790,5810,3074,89224300,140966,140362,6105,5525,5815,5785,0,5795,0,0,0,2017-04-14,32449570,5805,9,0,0,0,0,0,0,0,0,5810,297,0,0,0,0,0,0,0,0
98,2017-04-14,09:00:49,924,v1709,XDCE,5805,5790,5810,3090,89688700,140980,140362,6105,5525,5815,5785,0,5795,0,0,0,2017-04-14,32449924,5805,3,0,0,0,0,0,0,0,0,5810,296,0,0,0,0,0,0,0,0
99,2017-04-14,09:00:50,495,v1709,XDCE,5805,5790,5810,3096,89862850,140984,140362,6105,5525,5815,5785,0,5795,0,0,0,2017-04-14,32450495,5800,137,0,0,0,0,0,0,0,0,5805,14,0,0,0,0,0,0,0,0
100,2017-04-14,09:00:51,77,v1709,XDCE,5805,5790,5810,3100,89978950,140984,140362,6105,5525,5815,5785,0,5795,0,0,0,2017-04-14,32451077,5800,137,0,0,0,0,0,0,0,0,5805,35,0,0,0,0,0,0,0,0
101,2017-04-14,09:00:51,552,v1709,XDCE,5805,5790,5810,3100,89978950,140984,140362,6105,5525,5815,5785,0,5795,0,0,0,2017-04-14,32451552,5800,137,0,0,0,0,0,0,0,0,5805,36,0,0,0,0,0,0,0,0
102,2017-04-14,09:00:51,969,v1709,XDCE,5800,5790,5810,3104,90095000,140986,140362,6105,5525,5815,5785,0,5795,0,0,0,2017-04-14,32451969,5800,136,0,0,0,0,0,0,0,0,5805,48,0,0,0,0,0,0,0,0
103,2017-04-14,09:00:52,527,v1709,XDCE,5800,5790,5810,3106,90153000,140988,140362,6105,5525,5815,5785,0,5795,0,0,0,2017-04-14,32452527,5800,135,0,0,0,0,0,0,0,0,5805,40,0,0,0,0,0,0,0,0
104,2017-04-14,09:00:53,23,v1709,XDCE,5800,5790,5810,3148,91372000,141028,140362,6105,5525,5815,5785,0,5795,0,0,0,2017-04-14,32453023,5800,135,0,0,0,0,0,0,0,0,5805,47,0,0,0,0,0,0,0,0
105,2017-04-14,09:00:53,575,v1709,XDCE,5800,5790,5810,3148,91372000,141028,140362,6105,5525,5815,5785,0,5795,0,0,0,2017-04-14,32453575,5800,136,0,0,0,0,0,0,0,0,5805,47,0,0,0,0,0,0,0,0
106,2017-04-14,09:00:53,949,v1709,XDCE,5800,5790,5810,3172,92068250,141036,140362,6105,5525,5815,5785,0,5795,0,0,0,2017-04-14,32453949,5800,132,0,0,0,0,0,0,0,0,5805,46,0,0,0,0,0,0,0,0
107,2017-04-14,09:00:54,504,v1709,XDCE,5800,5790,5810,3172,92068250,141036,140362,6105,5525,5815,5785,0,5795,0,0,0,2017-04-14,32454504,5800,132,0,0,0,0,0,0,0,0,5805,49,0,0,0,0,0,0,0,0
108,2017-04-14,09:00:55,78,v1709,XDCE,5800,5790,5810,3182,92358450,141036,140362,6105,5525,5815,5785,0,5795,0,0,0,2017-04-14,32455078,5800,135,0,0,0,0,0,0,0,0,5805,57,0,0,0,0,0,0,0,0
109,2017-04-14,09:00:55,506,v1709,XDCE,5805,5790,5810,3190,92590650,141036,140362,6105,5525,5815,5785,0,5795,0,0,0,2017-04-14,32455506,5800,133,0,0,0,0,0,0,0,0,5805,53,0,0,0,0,0,0,0,0
110,2017-04-14,09:00:56,52,v1709,XDCE,5805,5790,5810,3190,92590650,141036,140362,6105,5525,5815,5785,0,5795,0,0,0,2017-04-14,32456052,5800,136,0,0,0,0,0,0,0,0,5805,63,0,0,0,0,0,0,0,0
111,2017-04-14,09:00:56,503,v1709,XDCE,5805,5790,5810,3190,92590650,141036,140362,6105,5525,5815,5785,0,5795,0,0,0,2017-04-14,32456503,5800,126,0,0,0,0,0,0,0,0,5805,75,0,0,0,0,0,0,0,0
112,2017-04-14,09:00:57,42,v1709,XDCE,5800,5790,5810,3192,92648650,141036,140362,6105,5525,5815,5785,0,5795,0,0,0,2017-04-14,32457042,5800,125,0,0,0,0,0,0,0,0,5805,75,0,0,0,0,0,0,0,0
113,2017-04-14,09:00:57,577,v1709,XDCE,5800,5790,5810,3234,93866700,141074,140362,6105,5525,5815,5785,0,5795,0,0,0,2017-04-14,32457577,5800,109,0,0,0,0,0,0,0,0,5805,133,0,0,0,0,0,0,0,0
114,2017-04-14,09:00:58,2,v1709,XDCE,5800,5790,5810,3306,95954700,141122,140362,6105,5525,5815,5785,0,5795,0,0,0,2017-04-14,32458002,5800,79,0,0,0,0,0,0,0,0,5805,134,0,0,0,0,0,0,0,0
115,2017-04-14,09:00:58,538,v1709,XDCE,5800,5790,5810,3520,102160350,141178,140362,6105,5525,5815,5785,0,5795,0,0,0,2017-04-14,32458538,5795,90,0,0,0,0,0,0,0,0,5800,103,0,0,0,0,0,0,0,0
116,2017-04-14,09:00:59,75,v1709,XDCE,5795,5790,5810,3524,102276300,141182,140362,6105,5525,5815,5785,0,5795,0,0,0,2017-04-14,32459075,5795,76,0,0,0,0,0,0,0,0,5800,224,0,0,0,0,0,0,0,0
117,2017-04-14,09:00:59,549,v1709,XDCE,5795,5790,5810,3568,103551300,141226,140362,6105,5525,5815,5785,0,5795,0,0,0,2017-04-14,32459549,5795,59,0,0,0,0,0,0,0,0,5800,219,0,0,0,0,0,0,0,0
118,2017-04-14,09:01:00,54,v1709,XDCE,5795,5790,5810,3638,105579550,141292,140362,6105,5525,5815,5785,0,5795,0,0,0,2017-04-14,32460054,5795,25,0,0,0,0,0,0,0,0,5800,103,0,0,0,0,0,0,0,0
119,2017-04-14,09:01:00,521,v1709,XDCE,5790,5790,5810,3726,108128800,141352,140362,6105,5525,5815,5785,0,5795,0,0,0,2017-04-14,32460521,5790,90,0,0,0,0,0,0,0,0,5795,38,0,0,0,0,0,0,0,0
120,2017-04-14,09:01:01,67,v1709,XDCE,5795,5790,5810,3744,108650300,141354,140362,6105,5525,5815,5785,0,5795,0,0,0,2017-04-14,32461067,5790,81,0,0,0,0,0,0,0,0,5795,71,0,0,0,0,0,0,0,0
121,2017-04-14,09:01:01,554,v1709,XDCE,5795,5790,5810,3744,108650300,141354,140362,6105,5525,5815,5785,0,5795,0,0,0,2017-04-14,32461554,5790,81,0,0,0,0,0,0,0,0,5795,72,0,0,0,0,0,0,0,0
122,2017-04-14,09:01:02,74,v1709,XDCE,5795,5790,5810,3744,108650300,141354,140362,6105,5525,5815,5785,0,5795,0,0,0,2017-04-14,32462074,5790,81,0,0,0,0,0,0,0,0,5795,72,0,0,0,0,0,0,0,0
123,2017-04-14,09:01:02,579,v1709,XDCE,5790,5790,5810,3810,110562400,141360,140362,6105,5525,5815,5785,0,5795,0,0,0,2017-04-14,32462579,5790,77,0,0,0,0,0,0,0,0,5795,44,0,0,0,0,0,0,0,0
124,2017-04-14,09:01:03,54,v1709,XDCE,5795,5790,5810,3910,113459700,141454,140362,6105,5525,5815,5785,0,5795,0,0,0,2017-04-14,32463054,5795,54,0,0,0,0,0,0,0,0,5800,90,0,0,0,0,0,0,0,0
125,2017-04-14,09:01:03,546,v1709,XDCE,5795,5790,5810,3910,113459700,141454,140362,6105,5525,5815,5785,0,5795,0,0,0,2017-04-14,32463546,5795,59,0,0,0,0,0,0,0,0,5800,90,0,0,0,0,0,0,0,0
126,2017-04-14,09:01:04,74,v1709,XDCE,5800,5790,5810,3912,113517700,141456,140362,6105,5525,5815,5785,0,5795,0,0,0,2017-04-14,32464074,5795,63,0,0,0,0,0,0,0,0,5800,101,0,0,0,0,0,0,0,0
127,2017-04-14,09:01:04,570,v1709,XDCE,5795,5790,5810,3914,113575650,141458,140362,6105,5525,5815,5785,0,5795,0,0,0,2017-04-14,32464570,5795,64,0,0,0,0,0,0,0,0,5800,109,0,0,0,0,0,0,0,0
128,2017-04-14,09:01:05,57,v1709,XDCE,5800,5790,5810,3916,113633650,141460,140362,6105,5525,5815,5785,0,5795,0,0,0,2017-04-14,32465057,5795,76,0,0,0,0,0,0,0,0,5800,108,0,0,0,0,0,0,0,0
129,2017-04-14,09:01:05,560,v1709,XDCE,5800,5790,5810,3920,113749650,141460,140362,6105,5525,5815,5785,0,5795,0,0,0,2017-04-14,32465560,5795,76,0,0,0,0,0,0,0,0,5800,106,0,0,0,0,0,0,0,0
130,2017-04-14,09:01:06,37,v1709,XDCE,5800,5790,5810,3920,113749650,141460,140362,6105,5525,5815,5785,0,5795,0,0,0,2017-04-14,32466037,5795,78,0,0,0,0,0,0,0,0,5800,106,0,0,0,0,0,0,0,0
131,2017-04-14,09:01:06,568,v1709,XDCE,5795,5790,5810,3922,113807600,141460,140362,6105,5525,5815,5785,0,5795,0,0,0,2017-04-14,32466568,5795,78,0,0,0,0,0,0,0,0,5800,106,0,0,0,0,0,0,0,0
132,2017-04-14,09:01:07,2,v1709,XDCE,5795,5790,5810,3924,113865550,141462,140362,6105,5525,5815,5785,0,5795,0,0,0,2017-04-14,32467002,5795,77,0,0,0,0,0,0,0,0,5800,106,0,0,0,0,0,0,0,0
133,2017-04-14,09:01:07,509,v1709,XDCE,5795,5790,5810,3926,113923500,141464,140362,6105,5525,5815,5785,0,5795,0,0,0,2017-04-14,32467509,5795,76,0,0,0,0,0,0,0,0,5800,106,0,0,0,0,0,0,0,0
134,2017-04-14,09:01:08,65,v1709,XDCE,5795,5790,5810,3942,114387150,141470,140362,6105,5525,5815,5785,0,5795,0,0,0,2017-04-14,32468065,5795,71,0,0,0,0,0,0,0,0,5800,105,0,0,0,0,0,0,0,0
135,2017-04-14,09:01:08,461,v1709,XDCE,5795,5790,5810,3944,114445100,141470,140362,6105,5525,5815,5785,0,5795,0,0,0,2017-04-14,32468461,5795,78,0,0,0,0,0,0,0,0,5800,105,0,0,0,0,0,0,0,0
136,2017-04-14,09:01:09,6,v1709,XDCE,5795,5790,5810,3948,114561000,141474,140362,6105,5525,5815,5785,0,5795,0,0,0,2017-04-14,32469006,5795,77,0,0,0,0,0,0,0,0,5800,109,0,0,0,0,0,0,0,0
137,2017-04-14,09:01:09,560,v1709,XDCE,5800,5790,5810,3950,114619000,141476,140362,6105,5525,5815,5785,0,5795,0,0,0,2017-04-14,32469560,5795,77,0,0,0,0,0,0,0,0,5800,108,0,0,0,0,0,0,0,0
138,2017-04-14,09:01:10,73,v1709,XDCE,5800,5790,5810,3950,114619000,141476,140362,6105,5525,5815,5785,0,5795,0,0,0,2017-04-14,32470073,5795,78,0,0,0,0,0,0,0,0,5800,109,0,0,0,0,0,0,0,0
139,2017-04-14,09:01:10,433,v1709,XDCE,5795,5790,5810,3974,115314900,141500,140362,6105,5525,5815,5785,0,5795,0,0,0,2017-04-14,32470433,5795,76,0,0,0,0,0,0,0,0,5800,99,0,0,0,0,0,0,0,0
140,2017-04-14,09:01:10,993,v1709,XDCE,5795,5790,5810,3974,115314900,141500,140362,6105,5525,5815,5785,0,5795,0,0,0,2017-04-14,32470993,5795,77,0,0,0,0,0,0,0,0,5800,97,0,0,0,0,0,0,0,0
141,2017-04-14,09:01:12,50,v1709,XDCE,5795,5790,5810,3976,115372850,141502,140362,6105,5525,5815,5785,0,5795,0,0,0,2017-04-14,32472050,5795,76,0,0,0,0,0,0,0,0,5800,93,0,0,0,0,0,0,0,0
142,2017-04-14,09:01:12,490,v1709,XDCE,5795,5790,5810,3986,115662600,141504,140362,6105,5525,5815,5785,0,5795,0,0,0,2017-04-14,32472490,5795,71,0,0,0,0,0,0,0,0,5800,93,0,0,0,0,0,0,0,0
143,2017-04-14,09:01:13,24,v1709,XDCE,5795,5790,5810,3990,115778500,141508,140362,6105,5525,5815,5785,0,5795,0,0,0,2017-04-14,32473024,5795,69,0,0,0,0,0,0,0,0,5800,109,0,0,0,0,0,0,0,0
144,2017-04-14,09:01:13,452,v1709,XDCE,5795,5790,5810,3990,115778500,141508,140362,6105,5525,5815,5785,0,5795,0,0,0,2017-04-14,32473452,5795,73,0,0,0,0,0,0,0,0,5800,109,0,0,0,0,0,0,0,0
145,2017-04-14,09:01:14,74,v1709,XDCE,5795,5790,5810,4032,116995450,141512,140362,6105,5525,5815,5785,0,5795,0,0,0,2017-04-14,32474074,5795,52,0,0,0,0,0,0,0,0,5800,109,0,0,0,0,0,0,0,0
146,2017-04-14,09:01:14,574,v1709,XDCE,5795,5790,5810,4068,118038550,141534,140362,6105,5525,5815,5785,0,5795,0,0,0,2017-04-14,32474574,5795,34,0,0,0,0,0,0,0,0,5800,109,0,0,0,0,0,0,0,0
147,2017-04-14,09:01:15,13,v1709,XDCE,5795,5790,5810,4070,118096500,141534,140362,6105,5525,5815,5785,0,5795,0,0,0,2017-04-14,32475013,5795,33,0,0,0,0,0,0,0,0,5800,110,0,0,0,0,0,0,0,0
148,2017-04-14,09:01:15,567,v1709,XDCE,5795,5790,5810,4072,118154450,141534,140362,6105,5525,5815,5785,0,5795,0,0,0,2017-04-14,32475567,5795,32,0,0,0,0,0,0,0,0,5800,109,0,0,0,0,0,0,0,0
149,2017-04-14,09:01:15,894,v1709,XDCE,5800,5790,5810,4074,118212450,141534,140362,6105,5525,5815,5785,0,5795,0,0,0,2017-04-14,32475894,5795,32,0,0,0,0,0,0,0,0,5800,109,0,0,0,0,0,0,0,0
150,2017-04-14,09:01:16,571,v1709,XDCE,5800,5790,5810,4074,118212450,141534,140362,6105,5525,5815,5785,0,5795,0,0,0,2017-04-14,32476571,5795,32,0,0,0,0,0,0,0,0,5800,111,0,0,0,0,0,0,0,0
151,2017-04-14,09:01:17,67,v1709,XDCE,5795,5790,5810,4080,118386300,141536,140362,6105,5525,5815,5785,0,5795,0,0,0,2017-04-14,32477067,5795,29,0,0,0,0,0,0,0,0,5800,111,0,0,0,0,0,0,0,0
152,2017-04-14,09:01:17,568,v1709,XDCE,5795,5790,5810,4096,118849900,141542,140362,6105,5525,5815,5785,0,5795,0,0,0,2017-04-14,32477568,5795,23,0,0,0,0,0,0,0,0,5800,111,0,0,0,0,0,0,0,0
153,2017-04-14,09:01:17,811,v1709,XDCE,5795,5790,5810,4098,118907850,141542,140362,6105,5525,5815,5785,0,5795,0,0,0,2017-04-14,32477811,5795,25,0,0,0,0,0,0,0,0,5800,111,0,0,0,0,0,0,0,0
154,2017-04-14,09:01:18,512,v1709,XDCE,5795,5790,5810,4110,119255600,141546,140362,6105,5525,5815,5785,0,5795,0,0,0,2017-04-14,32478512,5795,29,0,0,0,0,0,0,0,0,5800,110,0,0,0,0,0,0,0,0
155,2017-04-14,09:01:19,68,v1709,XDCE,5795,5790,5810,4110,119255600,141546,140362,6105,5525,5815,5785,0,5795,0,0,0,2017-04-14,32479068,5795,43,0,0,0,0,0,0,0,0,5800,109,0,0,0,0,0,0,0,0
156,2017-04-14,09:01:19,523,v1709,XDCE,5795,5790,5810,4112,119313550,141546,140362,6105,5525,5815,5785,0,5795,0,0,0,2017-04-14,32479523,5795,51,0,0,0,0,0,0,0,0,5800,99,0,0,0,0,0,0,0,0
157,2017-04-14,09:01:20,454,v1709,XDCE,5795,5790,5810,4124,119661450,141558,140362,6105,5525,5815,5785,0,5795,0,0,0,2017-04-14,32480454,5795,50,0,0,0,0,0,0,0,0,5800,95,0,0,0,0,0,0,0,0
158,2017-04-14,09:01:22,571,v1709,XDCE,5795,5790,5810,4126,119719400,141560,140362,6105,5525,5815,5785,0,5795,0,0,0,2017-04-14,32482571,5795,51,0,0,0,0,0,0,0,0,5800,95,0,0,0,0,0,0,0,0
159,2017-04-14,09:01:23,62,v1709,XDCE,5795,5790,5810,4132,119893250,141564,140362,6105,5525,5815,5785,0,5795,0,0,0,2017-04-14,32483062,5795,53,0,0,0,0,0,0,0,0,5800,101,0,0,0,0,0,0,0,0
160,2017-04-14,09:01:23,485,v1709,XDCE,5795,5790,5810,4146,120298900,141564,140362,6105,5525,5815,5785,0,5795,0,0,0,2017-04-14,32483485,5795,38,0,0,0,0,0,0,0,0,5800,111,0,0,0,0,0,0,0,0
161,2017-04-14,09:01:24,63,v1709,XDCE,5795,5790,5810,4224,122559000,141616,140362,6105,5525,5815,5785,0,5795,0,0,0,2017-04-14,32484063,5790,198,0,0,0,0,0,0,0,0,5795,18,0,0,0,0,0,0,0,0
162,2017-04-14,09:01:24,544,v1709,XDCE,5795,5790,5810,4236,122906700,141626,140362,6105,5525,5815,5785,0,5795,0,0,0,2017-04-14,32484544,5790,191,0,0,0,0,0,0,0,0,5795,17,0,0,0,0,0,0,0,0
163,2017-04-14,09:01:24,840,v1709,XDCE,5790,5790,5810,4238,122964600,141628,140362,6105,5525,5815,5785,0,5795,0,0,0,2017-04-14,32484840,5790,190,0,0,0,0,0,0,0,0,5795,21,0,0,0,0,0,0,0,0
164,2017-04-14,09:01:25,549,v1709,XDCE,5795,5790,5810,4242,123080500,141632,140362,6105,5525,5815,5785,0,5795,0,0,0,2017-04-14,32485549,5790,190,0,0,0,0,0,0,0,0,5795,19,0,0,0,0,0,0,0,0
165,2017-04-14,09:01:27,60,v1709,XDCE,5795,5790,5810,4264,123717950,141654,140362,6105,5525,5815,5785,0,5795,0,0,0,2017-04-14,32487060,5790,190,0,0,0,0,0,0,0,0,5795,8,0,0,0,0,0,0,0,0
166,2017-04-14,09:01:27,548,v1709,XDCE,5795,5790,5810,4280,124181550,141652,140362,6105,5525,5815,5785,0,5795,0,0,0,2017-04-14,32487548,5795,15,0,0,0,0,0,0,0,0,5800,131,0,0,0,0,0,0,0,0
167,2017-04-14,09:01:28,67,v1709,XDCE,5795,5790,5810,4280,124181550,141652,140362,6105,5525,5815,5785,0,5795,0,0,0,2017-04-14,32488067,5795,19,0,0,0,0,0,0,0,0,5800,132,0,0,0,0,0,0,0,0
168,2017-04-14,09:01:28,545,v1709,XDCE,5800,5790,5810,4282,124239550,141654,140362,6105,5525,5815,5785,0,5795,0,0,0,2017-04-14,32488545,5795,33,0,0,0,0,0,0,0,0,5800,132,0,0,0,0,0,0,0,0
169,2017-04-14,09:01:29,11,v1709,XDCE,5795,5790,5810,4284,124297500,141654,140362,6105,5525,5815,5785,0,5795,0,0,0,2017-04-14,32489011,5795,36,0,0,0,0,0,0,0,0,5800,132,0,0,0,0,0,0,0,0
170,2017-04-14,09:01:29,563,v1709,XDCE,5795,5790,5810,4304,124877000,141654,140362,6105,5525,5815,5785,0,5795,0,0,0,2017-04-14,32489563,5795,33,0,0,0,0,0,0,0,0,5800,132,0,0,0,0,0,0,0,0
171,2017-04-14,09:01:30,14,v1709,XDCE,5795,5790,5810,4304,124877000,141654,140362,6105,5525,5815,5785,0,5795,0,0,0,2017-04-14,32490014,5795,35,0,0,0,0,0,0,0,0,5800,134,0,0,0,0,0,0,0,0
172,2017-04-14,09:01:30,536,v1709,XDCE,5795,5790,5810,4310,125050850,141654,140362,6105,5525,5815,5785,0,5795,0,0,0,2017-04-14,32490536,5795,33,0,0,0,0,0,0,0,0,5800,135,0,0,0,0,0,0,0,0
173,2017-04-14,09:01:31,428,v1709,XDCE,5795,5790,5810,4322,125398550,141656,140362,6105,5525,5815,5785,0,5795,0,0,0,2017-04-14,32491428,5795,27,0,0,0,0,0,0,0,0,5800,139,0,0,0,0,0,0,0,0
174,2017-04-14,09:01:32,39,v1709,XDCE,5795,5790,5810,4322,125398550,141656,140362,6105,5525,5815,5785,0,5795,0,0,0,2017-04-14,32492039,5795,33,0,0,0,0,0,0,0,0,5800,139,0,0,0,0,0,0,0,0
175,2017-04-14,09:01:32,406,v1709,XDCE,5795,5790,5810,4332,125688300,141656,140362,6105,5525,5815,5785,0,5795,0,0,0,2017-04-14,32492406,5795,28,0,0,0,0,0,0,0,0,5800,139,0,0,0,0,0,0,0,0
176,2017-04-14,09:01:33,41,v1709,XDCE,5795,5790,5810,4334,125746250,141656,140362,6105,5525,5815,5785,0,5795,0,0,0,2017-04-14,32493041,5795,27,0,0,0,0,0,0,0,0,5800,142,0,0,0,0,0,0,0,0
177,2017-04-14,09:01:33,562,v1709,XDCE,5795,5790,5810,4398,127600650,141662,140362,6105,5525,5815,5785,0,5795,0,0,0,2017-04-14,32493562,5790,197,0,0,0,0,0,0,0,0,5795,15,0,0,0,0,0,0,0,0
178,2017-04-14,09:01:34,74,v1709,XDCE,5795,5790,5810,4430,128527850,141654,140362,6105,5525,5815,5785,0,5795,0,0,0,2017-04-14,32494074,5795,4,0,0,0,0,0,0,0,0,5800,147,0,0,0,0,0,0,0,0
179,2017-04-14,09:01:34,573,v1709,XDCE,5795,5790,5810,4440,128817600,141648,140362,6105,5525,5815,5785,0,5795,0,0,0,2017-04-14,32494573,5790,197,0,0,0,0,0,0,0,0,5795,1,0,0,0,0,0,0,0,0
180,2017-04-14,09:01:35,7,v1709,XDCE,5795,5790,5810,4446,128991450,141646,140362,6105,5525,5815,5785,0,5795,0,0,0,2017-04-14,32495007,5790,196,0,0,0,0,0,0,0,0,5795,8,0,0,0,0,0,0,0,0
181,2017-04-14,09:01:35,554,v1709,XDCE,5795,5790,5810,4446,128991450,141646,140362,6105,5525,5815,5785,0,5795,0,0,0,2017-04-14,32495554,5790,196,0,0,0,0,0,0,0,0,5795,10,0,0,0,0,0,0,0,0
182,2017-04-14,09:01:36,41,v1709,XDCE,5790,5790,5810,4448,129049350,141648,140362,6105,5525,5815,5785,0,5795,0,0,0,2017-04-14,32496041,5790,200,0,0,0,0,0,0,0,0,5795,22,0,0,0,0,0,0,0,0
183,2017-04-14,09:01:36,579,v1709,XDCE,5790,5790,5810,4456,129281050,141652,140362,6105,5525,5815,5785,0,5795,0,0,0,2017-04-14,32496579,5790,198,0,0,0,0,0,0,0,0,5795,20,0,0,0,0,0,0,0,0
184,2017-04-14,09:01:37,65,v1709,XDCE,5790,5790,5810,4456,129281050,141652,140362,6105,5525,5815,5785,0,5795,0,0,0,2017-04-14,32497065,5790,198,0,0,0,0,0,0,0,0,5795,21,0,0,0,0,0,0,0,0
185,2017-04-14,09:01:37,410,v1709,XDCE,5790,5790,5810,4456,129281050,141652,140362,6105,5525,5815,5785,0,5795,0,0,0,2017-04-14,32497410,5790,198,0,0,0,0,0,0,0,0,5795,29,0,0,0,0,0,0,0,0
186,2017-04-14,09:01:38,54,v1709,XDCE,5790,5790,5810,4456,129281050,141652,140362,6105,5525,5815,5785,0,5795,0,0,0,2017-04-14,32498054,5790,198,0,0,0,0,0,0,0,0,5795,49,0,0,0,0,0,0,0,0
187,2017-04-14,09:01:38,519,v1709,XDCE,5790,5790,5810,4456,129281050,141652,140362,6105,5525,5815,5785,0,5795,0,0,0,2017-04-14,32498519,5790,200,0,0,0,0,0,0,0,0,5795,49,0,0,0,0,0,0,0,0
188,2017-04-14,09:01:39,66,v1709,XDCE,5795,5790,5810,4462,129454900,141654,140362,6105,5525,5815,5785,0,5795,0,0,0,2017-04-14,32499066,5790,200,0,0,0,0,0,0,0,0,5795,56,0,0,0,0,0,0,0,0
189,2017-04-14,09:01:39,344,v1709,XDCE,5795,5790,5810,4462,129454900,141654,140362,6105,5525,5815,5785,0,5795,0,0,0,2017-04-14,32499344,5790,201,0,0,0,0,0,0,0,0,5795,56,0,0,0,0,0,0,0,0
190,2017-04-14,09:01:41,47,v1709,XDCE,5795,5790,5810,4562,132352400,141728,140362,6105,5525,5815,5785,0,5795,0,0,0,2017-04-14,32501047,5790,201,0,0,0,0,0,0,0,0,5800,108,0,0,0,0,0,0,0,0
191,2017-04-14,09:01:41,536,v1709,XDCE,5795,5790,5810,4564,132410350,141730,140362,6105,5525,5815,5785,0,5795,0,0,0,2017-04-14,32501536,5790,201,0,0,0,0,0,0,0,0,5800,111,0,0,0,0,0,0,0,0
192,2017-04-14,09:01:42,16,v1709,XDCE,5795,5790,5810,4564,132410350,141730,140362,6105,5525,5815,5785,0,5795,0,0,0,2017-04-14,32502016,5790,194,0,0,0,0,0,0,0,0,5800,111,0,0,0,0,0,0,0,0
193,2017-04-14,09:01:43,65,v1709,XDCE,5795,5790,5810,4564,132410350,141730,140362,6105,5525,5815,5785,0,5795,0,0,0,2017-04-14,32503065,5790,194,0,0,0,0,0,0,0,0,5800,110,0,0,0,0,0,0,0,0
194,2017-04-14,09:01:43,535,v1709,XDCE,5790,5790,5810,4574,132699850,141740,140362,6105,5525,5815,5785,0,5795,0,0,0,2017-04-14,32503535,5790,195,0,0,0,0,0,0,0,0,5795,10,0,0,0,0,0,0,0,0
195,2017-04-14,09:01:44,79,v1709,XDCE,5795,5790,5810,4608,133685000,141724,140362,6105,5525,5815,5785,0,5795,0,0,0,2017-04-14,32504079,5795,3,0,0,0,0,0,0,0,0,5800,109,0,0,0,0,0,0,0,0
196,2017-04-14,09:01:44,555,v1709,XDCE,5795,5790,5810,4614,133858850,141724,140362,6105,5525,5815,5785,0,5795,0,0,0,2017-04-14,32504555,5795,3,0,0,0,0,0,0,0,0,5800,114,0,0,0,0,0,0,0,0
197,2017-04-14,09:01:45,38,v1709,XDCE,5795,5790,5810,4620,134032700,141726,140362,6105,5525,5815,5785,0,5795,0,0,0,2017-04-14,32505038,5790,201,0,0,0,0,0,0,0,0,5795,18,0,0,0,0,0,0,0,0
198,2017-04-14,09:01:45,480,v1709,XDCE,5795,5790,5810,4620,134032700,141726,140362,6105,5525,5815,5785,0,5795,0,0,0,2017-04-14,32505480,5790,202,0,0,0,0,0,0,0,0,5795,21,0,0,0,0,0,0,0,0
199,2017-04-14,09:01:46,50,v1709,XDCE,5795,5790,5810,4630,134322450,141736,140362,6105,5525,5815,5785,0,5795,0,0,0,2017-04-14,32506050,5790,197,0,0,0,0,0,0,0,0,5795,16,0,0,0,0,0,0,0,0
200,2017-04-14,09:01:47,538,v1709,XDCE,5795,5790,5810,4632,134380400,141738,140362,6105,5525,5815,5785,0,5795,0,0,0,2017-04-14,32507538,5790,196,0,0,0,0,0,0,0,0,5795,18,0,0,0,0,0,0,0,0
201,2017-04-14,09:01:48,0,v1709,XDCE,5795,5790,5810,4634,134438350,141740,140362,6105,5525,5815,5785,0,5795,0,0,0,2017-04-14,32508000,5790,196,0,0,0,0,0,0,0,0,5795,18,0,0,0,0,0,0,0,0
202,2017-04-14,09:01:48,361,v1709,XDCE,5795,5790,5810,4634,134438350,141740,140362,6105,5525,5815,5785,0,5795,0,0,0,2017-04-14,32508361,5790,197,0,0,0,0,0,0,0,0,5795,20,0,0,0,0,0,0,0,0
203,2017-04-14,09:01:49,56,v1709,XDCE,5790,5790,5810,4636,134496250,141742,140362,6105,5525,5815,5785,0,5795,0,0,0,2017-04-14,32509056,5790,189,0,0,0,0,0,0,0,0,5795,54,0,0,0,0,0,0,0,0
204,2017-04-14,09:01:49,539,v1709,XDCE,5795,5790,5810,4736,137393750,141836,140362,6105,5525,5815,5785,0,5795,0,0,0,2017-04-14,32509539,5790,199,0,0,0,0,0,0,0,0,5795,6,0,0,0,0,0,0,0,0
205,2017-04-14,09:01:49,997,v1709,XDCE,5795,5790,5810,4748,137741450,141838,140362,6105,5525,5815,5785,0,5795,0,0,0,2017-04-14,32509997,5795,15,0,0,0,0,0,0,0,0,5800,126,0,0,0,0,0,0,0,0
206,2017-04-14,09:01:50,569,v1709,XDCE,5795,5790,5810,4784,138784550,141832,140362,6105,5525,5815,5785,0,5795,0,0,0,2017-04-14,32510569,5790,207,0,0,0,0,0,0,0,0,5795,30,0,0,0,0,0,0,0,0
207,2017-04-14,09:01:51,30,v1709,XDCE,5790,5790,5810,4786,138842450,141834,140362,6105,5525,5815,5785,0,5795,0,0,0,2017-04-14,32511030,5790,205,0,0,0,0,0,0,0,0,5795,32,0,0,0,0,0,0,0,0
208,2017-04-14,09:01:51,575,v1709,XDCE,5790,5790,5810,4786,138842450,141834,140362,6105,5525,5815,5785,0,5795,0,0,0,2017-04-14,32511575,5790,205,0,0,0,0,0,0,0,0,5795,33,0,0,0,0,0,0,0,0
209,2017-04-14,09:01:52,69,v1709,XDCE,5795,5790,5810,4830,140117350,141790,140362,6105,5525,5815,5785,0,5795,0,0,0,2017-04-14,32512069,5790,200,0,0,0,0,0,0,0,0,5795,15,0,0,0,0,0,0,0,0
210,2017-04-14,09:01:52,543,v1709,XDCE,5790,5790,5810,4834,140233200,141792,140362,6105,5525,5815,5785,0,5795,0,0,0,2017-04-14,32512543,5790,199,0,0,0,0,0,0,0,0,5795,20,0,0,0,0,0,0,0,0
211,2017-04-14,09:01:53,79,v1709,XDCE,5795,5790,5810,4874,141392200,141816,140362,6105,5525,5815,5785,0,5795,0,0,0,2017-04-14,32513079,5795,30,0,0,0,0,0,0,0,0,5800,117,0,0,0,0,0,0,0,0
212,2017-04-14,09:01:53,393,v1709,XDCE,5795,5790,5810,4874,141392200,141816,140362,6105,5525,5815,5785,0,5795,0,0,0,2017-04-14,32513393,5795,32,0,0,0,0,0,0,0,0,5800,116,0,0,0,0,0,0,0,0
213,2017-04-14,09:01:54,30,v1709,XDCE,5795,5790,5810,4874,141392200,141816,140362,6105,5525,5815,5785,0,5795,0,0,0,2017-04-14,32514030,5795,36,0,0,0,0,0,0,0,0,5800,116,0,0,0,0,0,0,0,0
214,2017-04-14,09:01:54,578,v1709,XDCE,5795,5790,5810,4876,141450150,141818,140362,6105,5525,5815,5785,0,5795,0,0,0,2017-04-14,32514578,5795,37,0,0,0,0,0,0,0,0,5800,116,0,0,0,0,0,0,0,0
215,2017-04-14,09:01:55,13,v1709,XDCE,5795,5790,5810,4876,141450150,141818,140362,6105,5525,5815,5785,0,5795,0,0,0,2017-04-14,32515013,5795,47,0,0,0,0,0,0,0,0,5800,116,0,0,0,0,0,0,0,0
216,2017-04-14,09:01:55,567,v1709,XDCE,5795,5790,5810,4876,141450150,141818,140362,6105,5525,5815,5785,0,5795,0,0,0,2017-04-14,32515567,5795,49,0,0,0,0,0,0,0,0,5800,117,0,0,0,0,0,0,0,0
217,2017-04-14,09:01:56,70,v1709,XDCE,5795,5790,5810,4878,141508100,141818,140362,6105,5525,5815,5785,0,5795,0,0,0,2017-04-14,32516070,5795,48,0,0,0,0,0,0,0,0,5800,117,0,0,0,0,0,0,0,0
218,2017-04-14,09:01:56,393,v1709,XDCE,5795,5790,5810,4878,141508100,141818,140362,6105,5525,5815,5785,0,5795,0,0,0,2017-04-14,32516393,5795,53,0,0,0,0,0,0,0,0,5800,117,0,0,0,0,0,0,0,0
219,2017-04-14,09:01:57,70,v1709,XDCE,5795,5790,5810,4884,141681950,141824,140362,6105,5525,5815,5785,0,5795,0,0,0,2017-04-14,32517070,5795,123,0,0,0,0,0,0,0,0,5800,117,0,0,0,0,0,0,0,0
220,2017-04-14,09:01:58,35,v1709,XDCE,5795,5790,5810,4884,141681950,141824,140362,6105,5525,5815,5785,0,5795,0,0,0,2017-04-14,32518035,5795,124,0,0,0,0,0,0,0,0,5800,117,0,0,0,0,0,0,0,0
221,2017-04-14,09:01:58,565,v1709,XDCE,5800,5790,5810,4886,141739950,141824,140362,6105,5525,5815,5785,0,5795,0,0,0,2017-04-14,32518565,5795,124,0,0,0,0,0,0,0,0,5800,116,0,0,0,0,0,0,0,0
222,2017-04-14,09:01:59,76,v1709,XDCE,5800,5790,5810,4886,141739950,141824,140362,6105,5525,5815,5785,0,5795,0,0,0,2017-04-14,32519076,5795,124,0,0,0,0,0,0,0,0,5800,115,0,0,0,0,0,0,0,0
223,2017-04-14,09:01:59,567,v1709,XDCE,5795,5790,5810,4890,141855850,141828,140362,6105,5525,5815,5785,0,5795,0,0,0,2017-04-14,32519567,5795,123,0,0,0,0,0,0,0,0,5800,114,0,0,0,0,0,0,0,0
224,2017-04-14,09:02:00,522,v1709,XDCE,5800,5790,5810,4910,142435850,141848,140362,6105,5525,5815,5785,0,5795,0,0,0,2017-04-14,32520522,5795,123,0,0,0,0,0,0,0,0,5800,104,0,0,0,0,0,0,0,0
225,2017-04-14,09:02:01,73,v1709,XDCE,5795,5790,5810,4918,142667650,141856,140362,6105,5525,5815,5785,0,5795,0,0,0,2017-04-14,32521073,5795,119,0,0,0,0,0,0,0,0,5800,108,0,0,0,0,0,0,0,0
226,2017-04-14,09:02:01,578,v1709,XDCE,5795,5790,5810,4920,142725600,141858,140362,6105,5525,5815,5785,0,5795,0,0,0,2017-04-14,32521578,5795,119,0,0,0,0,0,0,0,0,5800,108,0,0,0,0,0,0,0,0
227,2017-04-14,09:02:01,871,v1709,XDCE,5795,5790,5810,4920,142725600,141858,140362,6105,5525,5815,5785,0,5795,0,0,0,2017-04-14,32521871,5795,119,0,0,0,0,0,0,0,0,5800,107,0,0,0,0,0,0,0,0
228,2017-04-14,09:02:02,442,v1709,XDCE,5795,5790,5810,4920,142725600,141858,140362,6105,5525,5815,5785,0,5795,0,0,0,2017-04-14,32522442,5795,125,0,0,0,0,0,0,0,0,5800,107,0,0,0,0,0,0,0,0
229,2017-04-14,09:02:02,992,v1709,XDCE,5795,5790,5810,4920,142725600,141858,140362,6105,5525,5815,5785,0,5795,0,0,0,2017-04-14,32522992,5795,126,0,0,0,0,0,0,0,0,5800,107,0,0,0,0,0,0,0,0
230,2017-04-14,09:02:03,403,v1709,XDCE,5795,5790,5810,4922,142783550,141860,140362,6105,5525,5815,5785,0,5795,0,0,0,2017-04-14,32523403,5795,126,0,0,0,0,0,0,0,0,5800,110,0,0,0,0,0,0,0,0
231,2017-04-14,09:02:04,11,v1709,XDCE,5800,5790,5810,4924,142841550,141862,140362,6105,5525,5815,5785,0,5795,0,0,0,2017-04-14,32524011,5795,130,0,0,0,0,0,0,0,0,5800,109,0,0,0,0,0,0,0,0
232,2017-04-14,09:02:04,536,v1709,XDCE,5800,5790,5810,4924,142841550,141862,140362,6105,5525,5815,5785,0,5795,0,0,0,2017-04-14,32524536,5795,130,0,0,0,0,0,0,0,0,5800,108,0,0,0,0,0,0,0,0
233,2017-04-14,09:02:05,497,v1709,XDCE,5800,5790,5810,4924,142841550,141862,140362,6105,5525,5815,5785,0,5795,0,0,0,2017-04-14,32525497,5795,130,0,0,0,0,0,0,0,0,5800,109,0,0,0,0,0,0,0,0
234,2017-04-14,09:02:07,51,v1709,XDCE,5800,5790,5810,4924,142841550,141862,140362,6105,5525,5815,5785,0,5795,0,0,0,2017-04-14,32527051,5795,212,0,0,0,0,0,0,0,0,5800,99,0,0,0,0,0,0,0,0
235,2017-04-14,09:02:07,574,v1709,XDCE,5795,5790,5810,4926,142899500,141864,140362,6105,5525,5815,5785,0,5795,0,0,0,2017-04-14,32527574,5795,212,0,0,0,0,0,0,0,0,5800,100,0,0,0,0,0,0,0,0
236,2017-04-14,09:02:07,989,v1709,XDCE,5800,5790,5810,4952,143653500,141884,140362,6105,5525,5815,5785,0,5795,0,0,0,2017-04-14,32527989,5795,214,0,0,0,0,0,0,0,0,5800,87,0,0,0,0,0,0,0,0
237,2017-04-14,09:02:08,574,v1709,XDCE,5800,5790,5810,4954,143711500,141884,140362,6105,5525,5815,5785,0,5795,0,0,0,2017-04-14,32528574,5795,214,0,0,0,0,0,0,0,0,5800,86,0,0,0,0,0,0,0,0
238,2017-04-14,09:02:09,8,v1709,XDCE,5800,5790,5810,4954,143711500,141884,140362,6105,5525,5815,5785,0,5795,0,0,0,2017-04-14,32529008,5795,214,0,0,0,0,0,0,0,0,5800,82,0,0,0,0,0,0,0,0
239,2017-04-14,09:02:09,527,v1709,XDCE,5800,5790,5810,4954,143711500,141884,140362,6105,5525,5815,5785,0,5795,0,0,0,2017-04-14,32529527,5795,215,0,0,0,0,0,0,0,0,5800,82,0,0,0,0,0,0,0,0
240,2017-04-14,09:02:09,892,v1709,XDCE,5800,5790,5810,4956,143769500,141886,140362,6105,5525,5815,5785,0,5795,0,0,0,2017-04-14,32529892,5795,214,0,0,0,0,0,0,0,0,5800,81,0,0,0,0,0,0,0,0
241,2017-04-14,09:02:10,468,v1709,XDCE,5795,5790,5810,4958,143827450,141888,140362,6105,5525,5815,5785,0,5795,0,0,0,2017-04-14,32530468,5795,213,0,0,0,0,0,0,0,0,5800,81,0,0,0,0,0,0,0,0
242,2017-04-14,09:02:11,950,v1709,XDCE,5800,5790,5810,5038,146147450,141904,140362,6105,5525,5815,5785,0,5795,0,0,0,2017-04-14,32531950,5795,216,0,0,0,0,0,0,0,0,5800,39,0,0,0,0,0,0,0,0
243,2017-04-14,09:02:12,526,v1709,XDCE,5800,5790,5810,5116,148409450,141936,140362,6105,5525,5815,5785,0,5795,0,0,0,2017-04-14,32532526,5800,19,0,0,0,0,0,0,0,0,5805,241,0,0,0,0,0,0,0,0
244,2017-04-14,09:02:13,53,v1709,XDCE,5800,5790,5810,5126,148699450,141936,140362,6105,5525,5815,5785,0,5795,0,0,0,2017-04-14,32533053,5800,40,0,0,0,0,0,0,0,0,5805,235,0,0,0,0,0,0,0,0
245,2017-04-14,09:02:13,571,v1709,XDCE,5800,5790,5810,5130,148815450,141936,140362,6105,5525,5815,5785,0,5795,0,0,0,2017-04-14,32533571,5800,61,0,0,0,0,0,0,0,0,5805,232,0,0,0,0,0,0,0,0
246,2017-04-14,09:02:14,42,v1709,XDCE,5800,5790,5810,5140,149105450,141936,140362,6105,5525,5815,5785,0,5795,0,0,0,2017-04-14,32534042,5800,79,0,0,0,0,0,0,0,0,5805,232,0,0,0,0,0,0,0,0
247,2017-04-14,09:02:14,564,v1709,XDCE,5800,5790,5810,5140,149105450,141936,140362,6105,5525,5815,5785,0,5795,0,0,0,2017-04-14,32534564,5800,89,0,0,0,0,0,0,0,0,5805,227,0,0,0,0,0,0,0,0
248,2017-04-14,09:02:15,73,v1709,XDCE,5800,5790,5810,5140,149105450,141936,140362,6105,5525,5815,5785,0,5795,0,0,0,2017-04-14,32535073,5800,99,0,0,0,0,0,0,0,0,5805,228,0,0,0,0,0,0,0,0
249,2017-04-14,09:02:15,570,v1709,XDCE,5800,5790,5810,5148,149337450,141944,140362,6105,5525,5815,5785,0,5795,0,0,0,2017-04-14,32535570,5800,104,0,0,0,0,0,0,0,0,5805,218,0,0,0,0,0,0,0,0
250,2017-04-14,09:02:16,61,v1709,XDCE,5800,5790,5810,5148,149337450,141944,140362,6105,5525,5815,5785,0,5795,0,0,0,2017-04-14,32536061,5800,105,0,0,0,0,0,0,0,0,5805,218,0,0,0,0,0,0,0,0
251,2017-04-14,09:02:16,517,v1709,XDCE,5800,5790,5810,5228,151659150,142002,140362,6105,5525,5815,5785,0,5795,0,0,0,2017-04-14,32536517,5800,102,0,0,0,0,0,0,0,0,5805,184,0,0,0,0,0,0,0,0
252,2017-04-14,09:02:17,46,v1709,XDCE,5800,5790,5810,5228,151659150,142002,140362,6105,5525,5815,5785,0,5795,0,0,0,2017-04-14,32537046,5800,115,0,0,0,0,0,0,0,0,5805,191,0,0,0,0,0,0,0,0
253,2017-04-14,09:02:17,469,v1709,XDCE,5805,5790,5810,5248,152239650,141982,140362,6105,5525,5815,5785,0,5795,0,0,0,2017-04-14,32537469,5800,115,0,0,0,0,0,0,0,0,5805,180,0,0,0,0,0,0,0,0
254,2017-04-14,09:02:18,71,v1709,XDCE,5800,5790,5810,5252,152355700,141984,140362,6105,5525,5815,5785,0,5795,0,0,0,2017-04-14,32538071,5800,115,0,0,0,0,0,0,0,0,5805,180,0,0,0,0,0,0,0,0
255,2017-04-14,09:02:18,557,v1709,XDCE,5805,5790,5810,5282,153226200,141990,140362,6105,5525,5815,5785,0,5795,0,0,0,2017-04-14,32538557,5800,110,0,0,0,0,0,0,0,0,5805,170,0,0,0,0,0,0,0,0
256,2017-04-14,09:02:19,76,v1709,XDCE,5805,5790,5810,5282,153226200,141990,140362,6105,5525,5815,5785,0,5795,0,0,0,2017-04-14,32539076,5800,112,0,0,0,0,0,0,0,0,5805,161,0,0,0,0,0,0,0,0
257,2017-04-14,09:02:19,575,v1709,XDCE,5805,5790,5810,5282,153226200,141990,140362,6105,5525,5815,5785,0,5795,0,0,0,2017-04-14,32539575,5800,117,0,0,0,0,0,0,0,0,5805,161,0,0,0,0,0,0,0,0
258,2017-04-14,09:02:20,43,v1709,XDCE,5805,5790,5810,5282,153226200,141990,140362,6105,5525,5815,5785,0,5795,0,0,0,2017-04-14,32540043,5800,115,0,0,0,0,0,0,0,0,5805,163,0,0,0,0,0,0,0,0
259,2017-04-14,09:02:20,507,v1709,XDCE,5805,5790,5810,5284,153284250,141990,140362,6105,5525,5815,5785,0,5795,0,0,0,2017-04-14,32540507,5800,115,0,0,0,0,0,0,0,0,5805,162,0,0,0,0,0,0,0,0
260,2017-04-14,09:02:20,947,v1709,XDCE,5805,5790,5810,5286,153342300,141990,140362,6105,5525,5815,5785,0,5795,0,0,0,2017-04-14,32540947,5800,119,0,0,0,0,0,0,0,0,5805,163,0,0,0,0,0,0,0,0
261,2017-04-14,09:02:21,552,v1709,XDCE,5805,5790,5810,5286,153342300,141990,140362,6105,5525,5815,5785,0,5795,0,0,0,2017-04-14,32541552,5800,120,0,0,0,0,0,0,0,0,5805,163,0,0,0,0,0,0,0,0
262,2017-04-14,09:02:22,557,v1709,XDCE,5800,5790,5810,5326,154502350,141990,140362,6105,5525,5815,5785,0,5795,0,0,0,2017-04-14,32542557,5800,101,0,0,0,0,0,0,0,0,5805,162,0,0,0,0,0,0,0,0
263,2017-04-14,09:02:23,442,v1709,XDCE,5800,5790,5810,5326,154502350,141990,140362,6105,5525,5815,5785,0,5795,0,0,0,2017-04-14,32543442,5800,110,0,0,0,0,0,0,0,0,5805,172,0,0,0,0,0,0,0,0
264,2017-04-14,09:02:24,33,v1709,XDCE,5800,5790,5810,5326,154502350,141990,140362,6105,5525,5815,5785,0,5795,0,0,0,2017-04-14,32544033,5800,111,0,0,0,0,0,0,0,0,5805,172,0,0,0,0,0,0,0,0
265,2017-04-14,09:02:25,492,v1709,XDCE,5800,5790,5810,5330,154618400,141990,140362,6105,5525,5815,5785,0,5795,0,0,0,2017-04-14,32545492,5800,105,0,0,0,0,0,0,0,0,5805,171,0,0,0,0,0,0,0,0
266,2017-04-14,09:02:25,902,v1709,XDCE,5800,5790,5810,5350,155198400,142000,140362,6105,5525,5815,5785,0,5795,0,0,0,2017-04-14,32545902,5800,96,0,0,0,0,0,0,0,0,5805,171,0,0,0,0,0,0,0,0
267,2017-04-14,09:02:26,448,v1709,XDCE,5805,5790,5810,5352,155256450,142000,140362,6105,5525,5815,5785,0,5795,0,0,0,2017-04-14,32546448,5800,96,0,0,0,0,0,0,0,0,5805,170,0,0,0,0,0,0,0,0
268,2017-04-14,09:02:27,46,v1709,XDCE,5805,5790,5810,5352,155256450,142000,140362,6105,5525,5815,5785,0,5795,0,0,0,2017-04-14,32547046,5800,97,0,0,0,0,0,0,0,0,5805,170,0,0,0,0,0,0,0,0
269,2017-04-14,09:02:27,519,v1709,XDCE,5805,5790,5810,5352,155256450,142000,140362,6105,5525,5815,5785,0,5795,0,0,0,2017-04-14,32547519,5800,99,0,0,0,0,0,0,0,0,5805,170,0,0,0,0,0,0,0,0
270,2017-04-14,09:02:27,979,v1709,XDCE,5805,5790,5810,5352,155256450,142000,140362,6105,5525,5815,5785,0,5795,0,0,0,2017-04-14,32547979,5800,99,0,0,0,0,0,0,0,0,5805,170,0,0,0,0,0,0,0,0
271,2017-04-14,09:02:28,550,v1709,XDCE,5805,5790,5810,5352,155256450,142000,140362,6105,5525,5815,5785,0,5795,0,0,0,2017-04-14,32548550,5800,95,0,0,0,0,0,0,0,0,5805,170,0,0,0,0,0,0,0,0
272,2017-04-14,09:02:29,564,v1709,XDCE,5805,5790,5810,5358,155430600,141994,140362,6105,5525,5815,5785,0,5795,0,0,0,2017-04-14,32549564,5800,95,0,0,0,0,0,0,0,0,5805,167,0,0,0,0,0,0,0,0
273,2017-04-14,09:02:30,494,v1709,XDCE,5805,5790,5810,5358,155430600,141994,140362,6105,5525,5815,5785,0,5795,0,0,0,2017-04-14,32550494,5800,95,0,0,0,0,0,0,0,0,5805,169,0,0,0,0,0,0,0,0
274,2017-04-14,09:02:31,26,v1709,XDCE,5805,5790,5810,5358,155430600,141994,140362,6105,5525,5815,5785,0,5795,0,0,0,2017-04-14,32551026,5800,95,0,0,0,0,0,0,0,0,5805,170,0,0,0,0,0,0,0,0
275,2017-04-14,09:02:31,537,v1709,XDCE,5805,5790,5810,5358,155430600,141994,140362,6105,5525,5815,5785,0,5795,0,0,0,2017-04-14,32551537,5800,96,0,0,0,0,0,0,0,0,5805,170,0,0,0,0,0,0,0,0
276,2017-04-14,09:02:32,75,v1709,XDCE,5805,5790,5810,5362,155546700,141994,140362,6105,5525,5815,5785,0,5795,0,0,0,2017-04-14,32552075,5800,95,0,0,0,0,0,0,0,0,5805,178,0,0,0,0,0,0,0,0
277,2017-04-14,09:02:32,534,v1709,XDCE,5805,5790,5810,5364,155604750,141994,140362,6105,5525,5815,5785,0,5795,0,0,0,2017-04-14,32552534,5800,96,0,0,0,0,0,0,0,0,5805,176,0,0,0,0,0,0,0,0
278,2017-04-14,09:02:33,59,v1709,XDCE,5805,5790,5810,5364,155604750,141994,140362,6105,5525,5815,5785,0,5795,0,0,0,2017-04-14,32553059,5800,91,0,0,0,0,0,0,0,0,5805,176,0,0,0,0,0,0,0,0
279,2017-04-14,09:02:33,522,v1709,XDCE,5805,5790,5810,5372,155836950,141986,140362,6105,5525,5815,5785,0,5795,0,0,0,2017-04-14,32553522,5800,91,0,0,0,0,0,0,0,0,5805,172,0,0,0,0,0,0,0,0
280,2017-04-14,09:02:34,7,v1709,XDCE,5800,5790,5810,5374,155894950,141988,140362,6105,5525,5815,5785,0,5795,0,0,0,2017-04-14,32554007,5800,91,0,0,0,0,0,0,0,0,5805,172,0,0,0,0,0,0,0,0
281,2017-04-14,09:02:34,466,v1709,XDCE,5805,5790,5810,5386,156243250,141988,140362,6105,5525,5815,5785,0,5795,0,0,0,2017-04-14,32554466,5800,90,0,0,0,0,0,0,0,0,5805,166,0,0,0,0,0,0,0,0
282,2017-04-14,09:02:34,942,v1709,XDCE,5800,5790,5810,5396,156533250,141998,140362,6105,5525,5815,5785,0,5795,0,0,0,2017-04-14,32554942,5800,85,0,0,0,0,0,0,0,0,5805,166,0,0,0,0,0,0,0,0
283,2017-04-14,09:02:35,557,v1709,XDCE,5800,5790,5810,5408,156881300,142004,140362,6105,5525,5815,5785,0,5795,0,0,0,2017-04-14,32555557,5800,82,0,0,0,0,0,0,0,0,5805,165,0,0,0,0,0,0,0,0
284,2017-04-14,09:02:36,3,v1709,XDCE,5805,5790,5810,5410,156939350,142004,140362,6105,5525,5815,5785,0,5795,0,0,0,2017-04-14,32556003,5800,83,0,0,0,0,0,0,0,0,5805,165,0,0,0,0,0,0,0,0
285,2017-04-14,09:02:36,464,v1709,XDCE,5805,5790,5810,5410,156939350,142004,140362,6105,5525,5815,5785,0,5795,0,0,0,2017-04-14,32556464,5800,82,0,0,0,0,0,0,0,0,5805,165,0,0,0,0,0,0,0,0
286,2017-04-14,09:02:36,923,v1709,XDCE,5805,5790,5810,5410,156939350,142004,140362,6105,5525,5815,5785,0,5795,0,0,0,2017-04-14,32556923,5800,84,0,0,0,0,0,0,0,0,5805,165,0,0,0,0,0,0,0,0
287,2017-04-14,09:02:37,546,v1709,XDCE,5800,5790,5810,5422,157287350,142004,140362,6105,5525,5815,5785,0,5795,0,0,0,2017-04-14,32557546,5800,77,0,0,0,0,0,0,0,0,5805,165,0,0,0,0,0,0,0,0
288,2017-04-14,09:02:37,981,v1709,XDCE,5805,5790,5810,5432,157577600,142004,140362,6105,5525,5815,5785,0,5795,0,0,0,2017-04-14,32557981,5800,77,0,0,0,0,0,0,0,0,5805,160,0,0,0,0,0,0,0,0
289,2017-04-14,09:02:38,554,v1709,XDCE,5805,5790,5810,5432,157577600,142004,140362,6105,5525,5815,5785,0,5795,0,0,0,2017-04-14,32558554,5800,79,0,0,0,0,0,0,0,0,5805,158,0,0,0,0,0,0,0,0
290,2017-04-14,09:02:39,72,v1709,XDCE,5805,5790,5810,5432,157577600,142004,140362,6105,5525,5815,5785,0,5795,0,0,0,2017-04-14,32559072,5800,82,0,0,0,0,0,0,0,0,5805,159,0,0,0,0,0,0,0,0
291,2017-04-14,09:02:39,556,v1709,XDCE,5805,5790,5810,5432,157577600,142004,140362,6105,5525,5815,5785,0,5795,0,0,0,2017-04-14,32559556,5800,92,0,0,0,0,0,0,0,0,5805,160,0,0,0,0,0,0,0,0
292,2017-04-14,09:02:40,75,v1709,XDCE,5805,5790,5810,5432,157577600,142004,140362,6105,5525,5815,5785,0,5795,0,0,0,2017-04-14,32560075,5800,92,0,0,0,0,0,0,0,0,5805,162,0,0,0,0,0,0,0,0
293,2017-04-14,09:02:40,518,v1709,XDCE,5800,5790,5810,5442,157867600,142004,140362,6105,5525,5815,5785,0,5795,0,0,0,2017-04-14,32560518,5800,84,0,0,0,0,0,0,0,0,5805,162,0,0,0,0,0,0,0,0
294,2017-04-14,09:02:41,35,v1709,XDCE,5805,5790,5810,5452,158157850,142010,140362,6105,5525,5815,5785,0,5795,0,0,0,2017-04-14,32561035,5800,84,0,0,0,0,0,0,0,0,5805,163,0,0,0,0,0,0,0,0
295,2017-04-14,09:02:42,66,v1709,XDCE,5805,5790,5810,5452,158157850,142010,140362,6105,5525,5815,5785,0,5795,0,0,0,2017-04-14,32562066,5800,85,0,0,0,0,0,0,0,0,5805,183,0,0,0,0,0,0,0,0
296,2017-04-14,09:02:42,537,v1709,XDCE,5800,5790,5810,5468,158622150,142006,140362,6105,5525,5815,5785,0,5795,0,0,0,2017-04-14,32562537,5800,73,0,0,0,0,0,0,0,0,5805,180,0,0,0,0,0,0,0,0
297,2017-04-14,09:02:43,508,v1709,XDCE,5800,5790,5810,5468,158622150,142006,140362,6105,5525,5815,5785,0,5795,0,0,0,2017-04-14,32563508,5800,74,0,0,0,0,0,0,0,0,5805,181,0,0,0,0,0,0,0,0
298,2017-04-14,09:02:43,920,v1709,XDCE,5800,5790,5810,5468,158622150,142006,140362,6105,5525,5815,5785,0,5795,0,0,0,2017-04-14,32563920,5800,74,0,0,0,0,0,0,0,0,5805,181,0,0,0,0,0,0,0,0
299,2017-04-14,09:02:44,533,v1709,XDCE,5800,5790,5810,5470,158680150,142006,140362,6105,5525,5815,5785,0,5795,0,0,0,2017-04-14,32564533,5800,73,0,0,0,0,0,0,0,0,5805,181,0,0,0,0,0,0,0,0
300,2017-04-14,09:02:45,574,v1709,XDCE,5805,5790,5810,5478,158912200,142000,140362,6105,5525,5815,5785,0,5795,0,0,0,2017-04-14,32565574,5800,70,0,0,0,0,0,0,0,0,5805,180,0,0,0,0,0,0,0,0
301,2017-04-14,09:02:46,297,v1709,XDCE,5805,5790,5810,5480,158970250,142000,140362,6105,5525,5815,5785,0,5795,0,0,0,2017-04-14,32566297,5800,80,0,0,0,0,0,0,0,0,5805,179,0,0,0,0,0,0,0,0
302,2017-04-14,09:02:47,30,v1709,XDCE,5805,5790,5810,5480,158970250,142000,140362,6105,5525,5815,5785,0,5795,0,0,0,2017-04-14,32567030,5800,81,0,0,0,0,0,0,0,0,5805,179,0,0,0,0,0,0,0,0
303,2017-04-14,09:02:47,546,v1709,XDCE,5800,5790,5810,5482,159028250,142000,140362,6105,5525,5815,5785,0,5795,0,0,0,2017-04-14,32567546,5800,80,0,0,0,0,0,0,0,0,5805,179,0,0,0,0,0,0,0,0
304,2017-04-14,09:02:48,11,v1709,XDCE,5800,5790,5810,5482,159028250,142000,140362,6105,5525,5815,5785,0,5795,0,0,0,2017-04-14,32568011,5800,80,0,0,0,0,0,0,0,0,5805,183,0,0,0,0,0,0,0,0
305,2017-04-14,09:02:48,385,v1709,XDCE,5800,5790,5810,5484,159086250,142000,140362,6105,5525,5815,5785,0,5795,0,0,0,2017-04-14,32568385,5800,79,0,0,0,0,0,0,0,0,5805,183,0,0,0,0,0,0,0,0
306,2017-04-14,09:02:49,57,v1709,XDCE,5805,5790,5810,5494,159376500,142000,140362,6105,5525,5815,5785,0,5795,0,0,0,2017-04-14,32569057,5800,81,0,0,0,0,0,0,0,0,5805,178,0,0,0,0,0,0,0,0
307,2017-04-14,09:02:50,41,v1709,XDCE,5805,5790,5810,5494,159376500,142000,140362,6105,5525,5815,5785,0,5795,0,0,0,2017-04-14,32570041,5800,86,0,0,0,0,0,0,0,0,5805,178,0,0,0,0,0,0,0,0
308,2017-04-14,09:02:50,450,v1709,XDCE,5800,5790,5810,5496,159434500,142000,140362,6105,5525,5815,5785,0,5795,0,0,0,2017-04-14,32570450,5800,85,0,0,0,0,0,0,0,0,5805,178,0,0,0,0,0,0,0,0
309,2017-04-14,09:02:51,507,v1709,XDCE,5805,5790,5810,5508,159782750,142000,140362,6105,5525,5815,5785,0,5795,0,0,0,2017-04-14,32571507,5800,84,0,0,0,0,0,0,0,0,5805,173,0,0,0,0,0,0,0,0
310,2017-04-14,09:02:52,549,v1709,XDCE,5805,5790,5810,5510,159840800,142000,140362,6105,5525,5815,5785,0,5795,0,0,0,2017-04-14,32572549,5800,84,0,0,0,0,0,0,0,0,5805,172,0,0,0,0,0,0,0,0
311,2017-04-14,09:02:52,973,v1709,XDCE,5805,5790,5810,5522,160189100,141998,140362,6105,5525,5815,5785,0,5795,0,0,0,2017-04-14,32572973,5800,84,0,0,0,0,0,0,0,0,5805,166,0,0,0,0,0,0,0,0
312,2017-04-14,09:02:53,512,v1709,XDCE,5805,5790,5810,5522,160189100,141998,140362,6105,5525,5815,5785,0,5795,0,0,0,2017-04-14,32573512,5800,114,0,0,0,0,0,0,0,0,5805,166,0,0,0,0,0,0,0,0
313,2017-04-14,09:02:53,922,v1709,XDCE,5805,5790,5810,5522,160189100,141998,140362,6105,5525,5815,5785,0,5795,0,0,0,2017-04-14,32573922,5800,124,0,0,0,0,0,0,0,0,5805,163,0,0,0,0,0,0,0,0
314,2017-04-14,09:02:54,528,v1709,XDCE,5805,5790,5810,5566,161466200,141954,140362,6105,5525,5815,5785,0,5795,0,0,0,2017-04-14,32574528,5800,115,0,0,0,0,0,0,0,0,5805,141,0,0,0,0,0,0,0,0
315,2017-04-14,09:02:55,25,v1709,XDCE,5805,5790,5810,5596,162336950,141952,140362,6105,5525,5815,5785,0,5795,0,0,0,2017-04-14,32575025,5800,115,0,0,0,0,0,0,0,0,5805,126,0,0,0,0,0,0,0,0
316,2017-04-14,09:02:55,569,v1709,XDCE,5805,5790,5810,5636,163497750,141946,140362,6105,5525,5815,5785,0,5795,0,0,0,2017-04-14,32575569,5800,111,0,0,0,0,0,0,0,0,5805,110,0,0,0,0,0,0,0,0
317,2017-04-14,09:02:55,981,v1709,XDCE,5805,5790,5810,5856,169883250,141822,140362,6105,5525,5815,5785,0,5795,0,0,0,2017-04-14,32575981,5805,58,0,0,0,0,0,0,0,0,5810,287,0,0,0,0,0,0,0,0
318,2017-04-14,09:02:56,520,v1709,XDCE,5805,5790,5810,5868,170231550,141834,140362,6105,5525,5815,5785,0,5795,0,0,0,2017-04-14,32576520,5805,87,0,0,0,0,0,0,0,0,5810,285,0,0,0,0,0,0,0,0
319,2017-04-14,09:02:57,73,v1709,XDCE,5810,5790,5810,5884,170696300,141824,140362,6105,5525,5815,5785,0,5795,0,0,0,2017-04-14,32577073,5805,177,0,0,0,0,0,0,0,0,5810,273,0,0,0,0,0,0,0,0
320,2017-04-14,09:02:57,337,v1709,XDCE,5810,5790,5810,5884,170696300,141824,140362,6105,5525,5815,5785,0,5795,0,0,0,2017-04-14,32577337,5805,187,0,0,0,0,0,0,0,0,5810,273,0,0,0,0,0,0,0,0
321,2017-04-14,09:02:58,69,v1709,XDCE,5810,5790,5810,5884,170696300,141824,140362,6105,5525,5815,5785,0,5795,0,0,0,2017-04-14,32578069,5805,187,0,0,0,0,0,0,0,0,5810,272,0,0,0,0,0,0,0,0
322,2017-04-14,09:02:58,573,v1709,XDCE,5805,5790,5810,5886,170754350,141826,140362,6105,5525,5815,5785,0,5795,0,0,0,2017-04-14,32578573,5805,187,0,0,0,0,0,0,0,0,5810,272,0,0,0,0,0,0,0,0
323,2017-04-14,09:02:59,566,v1709,XDCE,5805,5790,5810,5892,170928550,141830,140362,6105,5525,5815,5785,0,5795,0,0,0,2017-04-14,32579566,5805,186,0,0,0,0,0,0,0,0,5810,271,0,0,0,0,0,0,0,0
324,2017-04-14,09:03:00,46,v1709,XDCE,5805,5790,5810,5902,171218800,141830,140362,6105,5525,5815,5785,0,5795,0,0,0,2017-04-14,32580046,5805,181,0,0,0,0,0,0,0,0,5810,271,0,0,0,0,0,0,0,0
325,2017-04-14,09:03:00,544,v1709,XDCE,5805,5790,5810,5904,171276850,141832,140362,6105,5525,5815,5785,0,5795,0,0,0,2017-04-14,32580544,5805,180,0,0,0,0,0,0,0,0,5810,271,0,0,0,0,0,0,0,0
326,2017-04-14,09:03:01,80,v1709,XDCE,5810,5790,5810,5906,171334950,141832,140362,6105,5525,5815,5785,0,5795,0,0,0,2017-04-14,32581080,5805,180,0,0,0,0,0,0,0,0,5810,272,0,0,0,0,0,0,0,0
327,2017-04-14,09:03:01,471,v1709,XDCE,5810,5790,5810,5910,171451150,141830,140362,6105,5525,5815,5785,0,5795,0,0,0,2017-04-14,32581471,5805,180,0,0,0,0,0,0,0,0,5810,270,0,0,0,0,0,0,0,0
328,2017-04-14,09:03:02,507,v1709,XDCE,5810,5790,5810,5912,171509250,141830,140362,6105,5525,5815,5785,0,5795,0,0,0,2017-04-14,32582507,5805,180,0,0,0,0,0,0,0,0,5810,269,0,0,0,0,0,0,0,0
329,2017-04-14,09:03:03,62,v1709,XDCE,5810,5790,5810,5932,172090250,141830,140362,6105,5525,5815,5785,0,5795,0,0,0,2017-04-14,32583062,5805,186,0,0,0,0,0,0,0,0,5810,259,0,0,0,0,0,0,0,0
330,2017-04-14,09:03:04,41,v1709,XDCE,5810,5790,5810,5938,172264550,141830,140362,6105,5525,5815,5785,0,5795,0,0,0,2017-04-14,32584041,5805,186,0,0,0,0,0,0,0,0,5810,256,0,0,0,0,0,0,0,0
331,2017-04-14,09:03:04,570,v1709,XDCE,5810,5790,5810,5940,172322650,141828,140362,6105,5525,5815,5785,0,5795,0,0,0,2017-04-14,32584570,5805,186,0,0,0,0,0,0,0,0,5810,257,0,0,0,0,0,0,0,0
332,2017-04-14,09:03:05,32,v1709,XDCE,5810,5790,5810,5942,172380750,141828,140362,6105,5525,5815,5785,0,5795,0,0,0,2017-04-14,32585032,5805,186,0,0,0,0,0,0,0,0,5810,267,0,0,0,0,0,0,0,0
333,2017-04-14,09:03:05,436,v1709,XDCE,5810,5790,5810,5942,172380750,141828,140362,6105,5525,5815,5785,0,5795,0,0,0,2017-04-14,32585436,5805,184,0,0,0,0,0,0,0,0,5810,267,0,0,0,0,0,0,0,0
334,2017-04-14,09:03:05,977,v1709,XDCE,5810,5790,5810,5942,172380750,141828,140362,6105,5525,5815,5785,0,5795,0,0,0,2017-04-14,32585977,5805,184,0,0,0,0,0,0,0,0,5810,266,0,0,0,0,0,0,0,0
335,2017-04-14,09:03:06,460,v1709,XDCE,5810,5790,5810,5942,172380750,141828,140362,6105,5525,5815,5785,0,5795,0,0,0,2017-04-14,32586460,5805,214,0,0,0,0,0,0,0,0,5810,321,0,0,0,0,0,0,0,0
336,2017-04-14,09:03:06,941,v1709,XDCE,5810,5790,5810,5942,172380750,141828,140362,6105,5525,5815,5785,0,5795,0,0,0,2017-04-14,32586941,5805,217,0,0,0,0,0,0,0,0,5810,319,0,0,0,0,0,0,0,0
337,2017-04-14,09:03:07,572,v1709,XDCE,5810,5790,5810,5954,172729350,141828,140362,6105,5525,5815,5785,0,5795,0,0,0,2017-04-14,32587572,5805,217,0,0,0,0,0,0,0,0,5810,320,0,0,0,0,0,0,0,0
338,2017-04-14,09:03:08,12,v1709,XDCE,5810,5790,5810,5980,173484650,141824,140362,6105,5525,5815,5785,0,5795,0,0,0,2017-04-14,32588012,5805,218,0,0,0,0,0,0,0,0,5810,307,0,0,0,0,0,0,0,0
339,2017-04-14,09:03:08,562,v1709,XDCE,5810,5790,5810,5982,173542750,141824,140362,6105,5525,5815,5785,0,5795,0,0,0,2017-04-14,32588562,5805,218,0,0,0,0,0,0,0,0,5810,306,0,0,0,0,0,0,0,0
340,2017-04-14,09:03:09,28,v1709,XDCE,5810,5790,5810,5990,173775050,141828,140362,6105,5525,5815,5785,0,5795,0,0,0,2017-04-14,32589028,5805,216,0,0,0,0,0,0,0,0,5810,305,0,0,0,0,0,0,0,0
341,2017-04-14,09:03:09,559,v1709,XDCE,5810,5790,5810,5996,173949350,141830,140362,6105,5525,5815,5785,0,5795,0,0,0,2017-04-14,32589559,5805,218,0,0,0,0,0,0,0,0,5810,302,0,0,0,0,0,0,0,0
342,2017-04-14,09:03:10,72,v1709,XDCE,5810,5790,5810,5996,173949350,141830,140362,6105,5525,5815,5785,0,5795,0,0,0,2017-04-14,32590072,5805,220,0,0,0,0,0,0,0,0,5810,302,0,0,0,0,0,0,0,0
343,2017-04-14,09:03:10,543,v1709,XDCE,5810,5790,5810,6006,174239850,141836,140362,6105,5525,5815,5785,0,5795,0,0,0,2017-04-14,32590543,5805,220,0,0,0,0,0,0,0,0,5810,297,0,0,0,0,0,0,0,0
344,2017-04-14,09:03:11,574,v1709,XDCE,5810,5790,5810,6012,174414150,141836,140362,6105,5525,5815,5785,0,5795,0,0,0,2017-04-14,32591574,5805,219,0,0,0,0,0,0,0,0,5810,294,0,0,0,0,0,0,0,0
345,2017-04-14,09:03:11,998,v1709,XDCE,5810,5790,5810,6014,174472250,141838,140362,6105,5525,5815,5785,0,5795,0,0,0,2017-04-14,32591998,5805,221,0,0,0,0,0,0,0,0,5810,293,0,0,0,0,0,0,0,0
346,2017-04-14,09:03:12,526,v1709,XDCE,5810,5790,5810,6016,174530350,141840,140362,6105,5525,5815,5785,0,5795,0,0,0,2017-04-14,32592526,5805,225,0,0,0,0,0,0,0,0,5810,293,0,0,0,0,0,0,0,0
347,2017-04-14,09:03:13,71,v1709,XDCE,5810,5790,5810,6016,174530350,141840,140362,6105,5525,5815,5785,0,5795,0,0,0,2017-04-14,32593071,5805,226,0,0,0,0,0,0,0,0,5810,292,0,0,0,0,0,0,0,0
348,2017-04-14,09:03:13,411,v1709,XDCE,5810,5790,5810,6018,174588450,141842,140362,6105,5525,5815,5785,0,5795,0,0,0,2017-04-14,32593411,5805,227,0,0,0,0,0,0,0,0,5810,290,0,0,0,0,0,0,0,0
349,2017-04-14,09:03:14,57,v1709,XDCE,5810,5790,5810,6018,174588450,141842,140362,6105,5525,5815,5785,0,5795,0,0,0,2017-04-14,32594057,5805,217,0,0,0,0,0,0,0,0,5810,293,0,0,0,0,0,0,0,0
350,2017-04-14,09:03:14,335,v1709,XDCE,5805,5790,5810,6020,174646500,141844,140362,6105,5525,5815,5785,0,5795,0,0,0,2017-04-14,32594335,5805,216,0,0,0,0,0,0,0,0,5810,292,0,0,0,0,0,0,0,0
351,2017-04-14,09:03:15,64,v1709,XDCE,5805,5790,5810,6020,174646500,141844,140362,6105,5525,5815,5785,0,5795,0,0,0,2017-04-14,32595064,5805,217,0,0,0,0,0,0,0,0,5810,292,0,0,0,0,0,0,0,0
352,2017-04-14,09:03:15,543,v1709,XDCE,5805,5790,5810,6022,174704550,141846,140362,6105,5525,5815,5785,0,5795,0,0,0,2017-04-14,32595543,5805,166,0,0,0,0,0,0,0,0,5810,293,0,0,0,0,0,0,0,0
353,2017-04-14,09:03:15,992,v1709,XDCE,5805,5790,5810,6024,174762600,141848,140362,6105,5525,5815,5785,0,5795,0,0,0,2017-04-14,32595992,5805,166,0,0,0,0,0,0,0,0,5810,293,0,0,0,0,0,0,0,0
354,2017-04-14,09:03:16,481,v1709,XDCE,5805,5790,5810,6026,174820650,141848,140362,6105,5525,5815,5785,0,5795,0,0,0,2017-04-14,32596481,5805,161,0,0,0,0,0,0,0,0,5810,293,0,0,0,0,0,0,0,0
355,2017-04-14,09:03:17,512,v1709,XDCE,5805,5790,5810,6026,174820650,141848,140362,6105,5525,5815,5785,0,5795,0,0,0,2017-04-14,32597512,5805,176,0,0,0,0,0,0,0,0,5810,293,0,0,0,0,0,0,0,0
356,2017-04-14,09:03:17,854,v1709,XDCE,5810,5790,5810,6058,175749700,141880,140362,6105,5525,5815,5785,0,5795,0,0,0,2017-04-14,32597854,5805,165,0,0,0,0,0,0,0,0,5810,278,0,0,0,0,0,0,0,0
357,2017-04-14,09:03:18,562,v1709,XDCE,5805,5790,5810,6060,175807750,141882,140362,6105,5525,5815,5785,0,5795,0,0,0,2017-04-14,32598562,5805,190,0,0,0,0,0,0,0,0,5810,276,0,0,0,0,0,0,0,0
358,2017-04-14,09:03:19,539,v1709,XDCE,5805,5790,5810,6060,175807750,141882,140362,6105,5525,5815,5785,0,5795,0,0,0,2017-04-14,32599539,5805,190,0,0,0,0,0,0,0,0,5810,277,0,0,0,0,0,0,0,0
359,2017-04-14,09:03:20,56,v1709,XDCE,5805,5790,5810,6060,175807750,141882,140362,6105,5525,5815,5785,0,5795,0,0,0,2017-04-14,32600056,5805,181,0,0,0,0,0,0,0,0,5810,277,0,0,0,0,0,0,0,0
360,2017-04-14,09:03:20,543,v1709,XDCE,5805,5790,5810,6082,176446800,141904,140362,6105,5525,5815,5785,0,5795,0,0,0,2017-04-14,32600543,5805,180,0,0,0,0,0,0,0,0,5810,267,0,0,0,0,0,0,0,0
361,2017-04-14,09:03:20,989,v1709,XDCE,5810,5790,5810,6086,176563000,141908,140362,6105,5525,5815,5785,0,5795,0,0,0,2017-04-14,32600989,5805,180,0,0,0,0,0,0,0,0,5810,265,0,0,0,0,0,0,0,0
362,2017-04-14,09:03:21,497,v1709,XDCE,5810,5790,5810,6096,176853500,141908,140362,6105,5525,5815,5785,0,5795,0,0,0,2017-04-14,32601497,5805,181,0,0,0,0,0,0,0,0,5810,260,0,0,0,0,0,0,0,0
363,2017-04-14,09:03:22,555,v1709,XDCE,5805,5790,5810,6098,176911550,141910,140362,6105,5525,5815,5785,0,5795,0,0,0,2017-04-14,32602555,5805,165,0,0,0,0,0,0,0,0,5810,262,0,0,0,0,0,0,0,0
364,2017-04-14,09:03:23,492,v1709,XDCE,5805,5790,5810,6098,176911550,141910,140362,6105,5525,5815,5785,0,5795,0,0,0,2017-04-14,32603492,5805,169,0,0,0,0,0,0,0,0,5810,266,0,0,0,0,0,0,0,0
365,2017-04-14,09:03:24,2,v1709,XDCE,5805,5790,5810,6116,177434150,141924,140362,6105,5525,5815,5785,0,5795,0,0,0,2017-04-14,32604002,5805,163,0,0,0,0,0,0,0,0,5810,263,0,0,0,0,0,0,0,0
366,2017-04-14,09:03:24,539,v1709,XDCE,5805,5790,5810,6116,177434150,141924,140362,6105,5525,5815,5785,0,5795,0,0,0,2017-04-14,32604539,5805,136,0,0,0,0,0,0,0,0,5810,263,0,0,0,0,0,0,0,0
367,2017-04-14,09:03:25,3,v1709,XDCE,5810,5790,5810,6124,177666550,141932,140362,6105,5525,5815,5785,0,5795,0,0,0,2017-04-14,32605003,5805,154,0,0,0,0,0,0,0,0,5810,259,0,0,0,0,0,0,0,0
368,2017-04-14,09:03:25,552,v1709,XDCE,5805,5790,5810,6128,177782650,141934,140362,6105,5525,5815,5785,0,5795,0,0,0,2017-04-14,32605552,5805,135,0,0,0,0,0,0,0,0,5810,261,0,0,0,0,0,0,0,0
369,2017-04-14,09:03:26,65,v1709,XDCE,5805,5790,5810,6154,178537300,141960,140362,6105,5525,5815,5785,0,5795,0,0,0,2017-04-14,32606065,5805,120,0,0,0,0,0,0,0,0,5810,261,0,0,0,0,0,0,0,0
370,2017-04-14,09:03:26,556,v1709,XDCE,5805,5790,5810,6154,178537300,141960,140362,6105,5525,5815,5785,0,5795,0,0,0,2017-04-14,32606556,5805,120,0,0,0,0,0,0,0,0,5810,262,0,0,0,0,0,0,0,0
371,2017-04-14,09:03:27,55,v1709,XDCE,5805,5790,5810,6154,178537300,141960,140362,6105,5525,5815,5785,0,5795,0,0,0,2017-04-14,32607055,5805,117,0,0,0,0,0,0,0,0,5810,263,0,0,0,0,0,0,0,0
372,2017-04-14,09:03:27,565,v1709,XDCE,5805,5790,5810,6154,178537300,141960,140362,6105,5525,5815,5785,0,5795,0,0,0,2017-04-14,32607565,5805,107,0,0,0,0,0,0,0,0,5810,266,0,0,0,0,0,0,0,0
373,2017-04-14,09:03:28,530,v1709,XDCE,5805,5790,5810,6158,178653400,141962,140362,6105,5525,5815,5785,0,5795,0,0,0,2017-04-14,32608530,5805,105,0,0,0,0,0,0,0,0,5810,265,0,0,0,0,0,0,0,0
374,2017-04-14,09:03:29,495,v1709,XDCE,5810,5790,5810,6180,179292500,141972,140362,6105,5525,5815,5785,0,5795,0,0,0,2017-04-14,32609495,5805,109,0,0,0,0,0,0,0,0,5810,254,0,0,0,0,0,0,0,0
375,2017-04-14,09:03:29,972,v1709,XDCE,5810,5790,5810,6182,179350600,141970,140362,6105,5525,5815,5785,0,5795,0,0,0,2017-04-14,32609972,5805,108,0,0,0,0,0,0,0,0,5810,255,0,0,0,0,0,0,0,0
376,2017-04-14,09:03:31,70,v1709,XDCE,5805,5790,5810,6230,180743800,141946,140362,6105,5525,5815,5785,0,5795,0,0,0,2017-04-14,32611070,5805,84,0,0,0,0,0,0,0,0,5810,255,0,0,0,0,0,0,0,0
377,2017-04-14,09:03:31,554,v1709,XDCE,5805,5790,5810,6232,180801850,141946,140362,6105,5525,5815,5785,0,5795,0,0,0,2017-04-14,32611554,5805,83,0,0,0,0,0,0,0,0,5810,255,0,0,0,0,0,0,0,0
378,2017-04-14,09:03:32,38,v1709,XDCE,5805,5790,5810,6252,181382350,141952,140362,6105,5525,5815,5785,0,5795,0,0,0,2017-04-14,32612038,5805,75,0,0,0,0,0,0,0,0,5810,255,0,0,0,0,0,0,0,0
379,2017-04-14,09:03:32,574,v1709,XDCE,5805,5790,5810,6402,185736100,141914,140362,6105,5525,5815,5785,0,5795,0,0,0,2017-04-14,32612574,5800,104,0,0,0,0,0,0,0,0,5805,30,0,0,0,0,0,0,0,0
380,2017-04-14,09:03:33,2,v1709,XDCE,5805,5790,5810,6402,185736100,141914,140362,6105,5525,5815,5785,0,5795,0,0,0,2017-04-14,32613002,5800,105,0,0,0,0,0,0,0,0,5805,57,0,0,0,0,0,0,0,0
381,2017-04-14,09:03:33,367,v1709,XDCE,5805,5790,5810,6402,185736100,141914,140362,6105,5525,5815,5785,0,5795,0,0,0,2017-04-14,32613367,5800,105,0,0,0,0,0,0,0,0,5805,59,0,0,0,0,0,0,0,0
382,2017-04-14,09:03:34,60,v1709,XDCE,5805,5790,5810,6402,185736100,141914,140362,6105,5525,5815,5785,0,5795,0,0,0,2017-04-14,32614060,5800,105,0,0,0,0,0,0,0,0,5805,60,0,0,0,0,0,0,0,0
383,2017-04-14,09:03:34,578,v1709,XDCE,5805,5790,5810,6410,185968300,141914,140362,6105,5525,5815,5785,0,5795,0,0,0,2017-04-14,32614578,5800,105,0,0,0,0,0,0,0,0,5805,60,0,0,0,0,0,0,0,0
384,2017-04-14,09:03:35,47,v1709,XDCE,5805,5790,5810,6410,185968300,141914,140362,6105,5525,5815,5785,0,5795,0,0,0,2017-04-14,32615047,5800,106,0,0,0,0,0,0,0,0,5805,61,0,0,0,0,0,0,0,0
385,2017-04-14,09:03:35,472,v1709,XDCE,5800,5790,5810,6450,187128300,141908,140362,6105,5525,5815,5785,0,5795,0,0,0,2017-04-14,32615472,5800,86,0,0,0,0,0,0,0,0,5805,64,0,0,0,0,0,0,0,0
386,2017-04-14,09:03:36,8,v1709,XDCE,5800,5790,5810,6450,187128300,141908,140362,6105,5525,5815,5785,0,5795,0,0,0,2017-04-14,32616008,5800,86,0,0,0,0,0,0,0,0,5805,94,0,0,0,0,0,0,0,0
387,2017-04-14,09:03:36,565,v1709,XDCE,5805,5790,5810,6452,187186350,141908,140362,6105,5525,5815,5785,0,5795,0,0,0,2017-04-14,32616565,5800,87,0,0,0,0,0,0,0,0,5805,95,0,0,0,0,0,0,0,0
388,2017-04-14,09:03:37,75,v1709,XDCE,5805,5790,5810,6452,187186350,141908,140362,6105,5525,5815,5785,0,5795,0,0,0,2017-04-14,32617075,5800,85,0,0,0,0,0,0,0,0,5805,121,0,0,0,0,0,0,0,0
389,2017-04-14,09:03:37,548,v1709,XDCE,5805,5790,5810,6464,187534650,141908,140362,6105,5525,5815,5785,0,5795,0,0,0,2017-04-14,32617548,5800,75,0,0,0,0,0,0,0,0,5805,119,0,0,0,0,0,0,0,0
390,2017-04-14,09:03:38,68,v1709,XDCE,5805,5790,5810,6464,187534650,141908,140362,6105,5525,5815,5785,0,5795,0,0,0,2017-04-14,32618068,5800,72,0,0,0,0,0,0,0,0,5805,119,0,0,0,0,0,0,0,0
391,2017-04-14,09:03:38,544,v1709,XDCE,5800,5790,5810,6526,189332650,141906,140362,6105,5525,5815,5785,0,5795,0,0,0,2017-04-14,32618544,5800,40,0,0,0,0,0,0,0,0,5805,89,0,0,0,0,0,0,0,0
392,2017-04-14,09:03:39,31,v1709,XDCE,5800,5790,5810,6526,189332650,141906,140362,6105,5525,5815,5785,0,5795,0,0,0,2017-04-14,32619031,5800,45,0,0,0,0,0,0,0,0,5805,91,0,0,0,0,0,0,0,0
393,2017-04-14,09:03:39,920,v1709,XDCE,5805,5790,5810,6536,189622900,141896,140362,6105,5525,5815,5785,0,5795,0,0,0,2017-04-14,32619920,5800,45,0,0,0,0,0,0,0,0,5805,87,0,0,0,0,0,0,0,0
394,2017-04-14,09:03:40,564,v1709,XDCE,5800,5790,5810,6538,189680900,141898,140362,6105,5525,5815,5785,0,5795,0,0,0,2017-04-14,32620564,5800,49,0,0,0,0,0,0,0,0,5805,87,0,0,0,0,0,0,0,0
395,2017-04-14,09:03:40,842,v1709,XDCE,5800,5790,5810,6538,189680900,141898,140362,6105,5525,5815,5785,0,5795,0,0,0,2017-04-14,32620842,5800,60,0,0,0,0,0,0,0,0,5805,84,0,0,0,0,0,0,0,0
396,2017-04-14,09:03:41,570,v1709,XDCE,5800,5790,5810,6558,190260900,141918,140362,6105,5525,5815,5785,0,5795,0,0,0,2017-04-14,32621570,5800,52,0,0,0,0,0,0,0,0,5805,84,0,0,0,0,0,0,0,0
397,2017-04-14,09:03:42,52,v1709,XDCE,5800,5790,5810,6578,190840900,141938,140362,6105,5525,5815,5785,0,5795,0,0,0,2017-04-14,32622052,5800,42,0,0,0,0,0,0,0,0,5805,85,0,0,0,0,0,0,0,0
398,2017-04-14,09:03:42,375,v1709,XDCE,5800,5790,5810,6578,190840900,141938,140362,6105,5525,5815,5785,0,5795,0,0,0,2017-04-14,32622375,5800,42,0,0,0,0,0,0,0,0,5805,97,0,0,0,0,0,0,0,0
399,2017-04-14,09:03:43,77,v1709,XDCE,5805,5790,5810,6586,191073100,141930,140362,6105,5525,5815,5785,0,5795,0,0,0,2017-04-14,32623077,5800,39,0,0,0,0,0,0,0,0,5805,93,0,0,0,0,0,0,0,0
400,2017-04-14,09:03:43,549,v1709,XDCE,5805,5790,5810,6586,191073100,141930,140362,6105,5525,5815,5785,0,5795,0,0,0,2017-04-14,32623549,5800,44,0,0,0,0,0,0,0,0,5805,91,0,0,0,0,0,0,0,0
401,2017-04-14,09:03:43,954,v1709,XDCE,5800,5790,5810,6590,191189100,141934,140362,6105,5525,5815,5785,0,5795,0,0,0,2017-04-14,32623954,5800,42,0,0,0,0,0,0,0,0,5805,92,0,0,0,0,0,0,0,0
402,2017-04-14,09:03:44,998,v1709,XDCE,5805,5790,5810,6650,192930600,141876,140362,6105,5525,5815,5785,0,5795,0,0,0,2017-04-14,32624998,5800,42,0,0,0,0,0,0,0,0,5805,63,0,0,0,0,0,0,0,0
403,2017-04-14,09:03:45,559,v1709,XDCE,5805,5790,5810,6650,192930600,141876,140362,6105,5525,5815,5785,0,5795,0,0,0,2017-04-14,32625559,5800,33,0,0,0,0,0,0,0,0,5805,167,0,0,0,0,0,0,0,0
404,2017-04-14,09:03:45,989,v1709,XDCE,5805,5790,5810,6650,192930600,141876,140362,6105,5525,5815,5785,0,5795,0,0,0,2017-04-14,32625989,5800,29,0,0,0,0,0,0,0,0,5805,157,0,0,0,0,0,0,0,0
405,2017-04-14,09:03:46,556,v1709,XDCE,5800,5790,5810,6670,193510600,141876,140362,6105,5525,5815,5785,0,5795,0,0,0,2017-04-14,32626556,5800,23,0,0,0,0,0,0,0,0,5805,158,0,0,0,0,0,0,0,0
406,2017-04-14,09:03:47,48,v1709,XDCE,5800,5790,5810,6670,193510600,141876,140362,6105,5525,5815,5785,0,5795,0,0,0,2017-04-14,32627048,5800,20,0,0,0,0,0,0,0,0,5805,158,0,0,0,0,0,0,0,0
407,2017-04-14,09:03:48,57,v1709,XDCE,5805,5790,5810,6672,193568650,141874,140362,6105,5525,5815,5785,0,5795,0,0,0,2017-04-14,32628057,5800,21,0,0,0,0,0,0,0,0,5805,157,0,0,0,0,0,0,0,0
408,2017-04-14,09:03:48,531,v1709,XDCE,5805,5790,5810,6672,193568650,141874,140362,6105,5525,5815,5785,0,5795,0,0,0,2017-04-14,32628531,5800,30,0,0,0,0,0,0,0,0,5805,157,0,0,0,0,0,0,0,0
409,2017-04-14,09:03:49,5,v1709,XDCE,5805,5790,5810,6672,193568650,141874,140362,6105,5525,5815,5785,0,5795,0,0,0,2017-04-14,32629005,5800,35,0,0,0,0,0,0,0,0,5805,157,0,0,0,0,0,0,0,0
410,2017-04-14,09:03:49,506,v1709,XDCE,5800,5790,5810,6674,193626650,141874,140362,6105,5525,5815,5785,0,5795,0,0,0,2017-04-14,32629506,5800,34,0,0,0,0,0,0,0,0,5805,157,0,0,0,0,0,0,0,0
411,2017-04-14,09:03:49,893,v1709,XDCE,5805,5790,5810,6676,193684700,141874,140362,6105,5525,5815,5785,0,5795,0,0,0,2017-04-14,32629893,5800,35,0,0,0,0,0,0,0,0,5805,156,0,0,0,0,0,0,0,0
412,2017-04-14,09:03:50,571,v1709,XDCE,5805,5790,5810,6686,193974950,141876,140362,6105,5525,5815,5785,0,5795,0,0,0,2017-04-14,32630571,5800,35,0,0,0,0,0,0,0,0,5805,151,0,0,0,0,0,0,0,0
413,2017-04-14,09:03:51,18,v1709,XDCE,5805,5790,5810,6688,194033000,141878,140362,6105,5525,5815,5785,0,5795,0,0,0,2017-04-14,32631018,5800,45,0,0,0,0,0,0,0,0,5805,147,0,0,0,0,0,0,0,0
414,2017-04-14,09:03:51,542,v1709,XDCE,5800,5790,5810,6690,194091000,141880,140362,6105,5525,5815,5785,0,5795,0,0,0,2017-04-14,32631542,5800,49,0,0,0,0,0,0,0,0,5805,147,0,0,0,0,0,0,0,0
415,2017-04-14,09:03:52,73,v1709,XDCE,5800,5790,5810,6690,194091000,141880,140362,6105,5525,5815,5785,0,5795,0,0,0,2017-04-14,32632073,5800,51,0,0,0,0,0,0,0,0,5805,147,0,0,0,0,0,0,0,0
416,2017-04-14,09:03:52,578,v1709,XDCE,5800,5790,5810,6692,194149000,141880,140362,6105,5525,5815,5785,0,5795,0,0,0,2017-04-14,32632578,5800,50,0,0,0,0,0,0,0,0,5805,147,0,0,0,0,0,0,0,0
417,2017-04-14,09:03:53,556,v1709,XDCE,5800,5790,5810,6692,194149000,141880,140362,6105,5525,5815,5785,0,5795,0,0,0,2017-04-14,32633556,5800,40,0,0,0,0,0,0,0,0,5805,151,0,0,0,0,0,0,0,0
418,2017-04-14,09:03:54,39,v1709,XDCE,5800,5790,5810,6692,194149000,141880,140362,6105,5525,5815,5785,0,5795,0,0,0,2017-04-14,32634039,5800,37,0,0,0,0,0,0,0,0,5805,151,0,0,0,0,0,0,0,0
419,2017-04-14,09:03:54,564,v1709,XDCE,5800,5790,5810,6692,194149000,141880,140362,6105,5525,5815,5785,0,5795,0,0,0,2017-04-14,32634564,5800,37,0,0,0,0,0,0,0,0,5805,152,0,0,0,0,0,0,0,0
420,2017-04-14,09:03:55,61,v1709,XDCE,5800,5790,5810,6692,194149000,141880,140362,6105,5525,5815,5785,0,5795,0,0,0,2017-04-14,32635061,5800,34,0,0,0,0,0,0,0,0,5805,152,0,0,0,0,0,0,0,0
421,2017-04-14,09:03:55,505,v1709,XDCE,5800,5790,5810,6760,196121000,141912,140362,6105,5525,5815,5785,0,5795,0,0,0,2017-04-14,32635505,5795,235,0,0,0,0,0,0,0,0,5800,6,0,0,0,0,0,0,0,0
422,2017-04-14,09:03:56,13,v1709,XDCE,5800,5790,5810,6764,196237000,141914,140362,6105,5525,5815,5785,0,5795,0,0,0,2017-04-14,32636013,5795,233,0,0,0,0,0,0,0,0,5800,4,0,0,0,0,0,0,0,0
423,2017-04-14,09:03:56,543,v1709,XDCE,5800,5790,5810,6802,197339000,141910,140362,6105,5525,5815,5785,0,5795,0,0,0,2017-04-14,32636543,5800,20,0,0,0,0,0,0,0,0,5805,152,0,0,0,0,0,0,0,0
424,2017-04-14,09:03:57,75,v1709,XDCE,5800,5790,5810,6846,198615000,141908,140362,6105,5525,5815,5785,0,5795,0,0,0,2017-04-14,32637075,5800,33,0,0,0,0,0,0,0,0,5805,152,0,0,0,0,0,0,0,0
425,2017-04-14,09:03:57,575,v1709,XDCE,5800,5790,5810,6846,198615000,141908,140362,6105,5525,5815,5785,0,5795,0,0,0,2017-04-14,32637575,5800,40,0,0,0,0,0,0,0,0,5805,152,0,0,0,0,0,0,0,0
426,2017-04-14,09:03:57,991,v1709,XDCE,5800,5790,5810,6846,198615000,141908,140362,6105,5525,5815,5785,0,5795,0,0,0,2017-04-14,32637991,5800,54,0,0,0,0,0,0,0,0,5805,149,0,0,0,0,0,0,0,0
427,2017-04-14,09:03:58,469,v1709,XDCE,5800,5790,5810,6846,198615000,141908,140362,6105,5525,5815,5785,0,5795,0,0,0,2017-04-14,32638469,5800,56,0,0,0,0,0,0,0,0,5805,149,0,0,0,0,0,0,0,0
428,2017-04-14,09:03:59,62,v1709,XDCE,5805,5790,5810,6866,199195500,141912,140362,6105,5525,5815,5785,0,5795,0,0,0,2017-04-14,32639062,5800,62,0,0,0,0,0,0,0,0,5805,139,0,0,0,0,0,0,0,0
429,2017-04-14,09:03:59,554,v1709,XDCE,5800,5790,5810,6876,199485500,141912,140362,6105,5525,5815,5785,0,5795,0,0,0,2017-04-14,32639554,5800,58,0,0,0,0,0,0,0,0,5805,139,0,0,0,0,0,0,0,0
430,2017-04-14,09:04:00,548,v1709,XDCE,5800,5790,5810,6876,199485500,141912,140362,6105,5525,5815,5785,0,5795,0,0,0,2017-04-14,32640548,5800,60,0,0,0,0,0,0,0,0,5805,139,0,0,0,0,0,0,0,0
431,2017-04-14,09:04:01,60,v1709,XDCE,5805,5790,5810,6896,200065900,141916,140362,6105,5525,5815,5785,0,5795,0,0,0,2017-04-14,32641060,5800,58,0,0,0,0,0,0,0,0,5805,131,0,0,0,0,0,0,0,0
432,2017-04-14,09:04:02,27,v1709,XDCE,5800,5790,5810,6898,200123900,141916,140362,6105,5525,5815,5785,0,5795,0,0,0,2017-04-14,32642027,5800,59,0,0,0,0,0,0,0,0,5805,133,0,0,0,0,0,0,0,0
433,2017-04-14,09:04:02,436,v1709,XDCE,5800,5790,5810,6898,200123900,141916,140362,6105,5525,5815,5785,0,5795,0,0,0,2017-04-14,32642436,5800,78,0,0,0,0,0,0,0,0,5805,133,0,0,0,0,0,0,0,0
434,2017-04-14,09:04:03,61,v1709,XDCE,5800,5790,5810,6898,200123900,141916,140362,6105,5525,5815,5785,0,5795,0,0,0,2017-04-14,32643061,5800,49,0,0,0,0,0,0,0,0,5805,176,0,0,0,0,0,0,0,0
435,2017-04-14,09:04:03,553,v1709,XDCE,5800,5790,5810,6900,200181900,141918,140362,6105,5525,5815,5785,0,5795,0,0,0,2017-04-14,32643553,5800,49,0,0,0,0,0,0,0,0,5805,176,0,0,0,0,0,0,0,0
436,2017-04-14,09:04:04,72,v1709,XDCE,5800,5790,5810,6902,200239900,141918,140362,6105,5525,5815,5785,0,5795,0,0,0,2017-04-14,32644072,5800,48,0,0,0,0,0,0,0,0,5805,176,0,0,0,0,0,0,0,0
437,2017-04-14,09:04:04,534,v1709,XDCE,5800,5790,5810,6906,200355900,141922,140362,6105,5525,5815,5785,0,5795,0,0,0,2017-04-14,32644534,5800,46,0,0,0,0,0,0,0,0,5805,176,0,0,0,0,0,0,0,0
438,2017-04-14,09:04:05,65,v1709,XDCE,5800,5790,5810,6906,200355900,141922,140362,6105,5525,5815,5785,0,5795,0,0,0,2017-04-14,32645065,5800,52,0,0,0,0,0,0,0,0,5805,181,0,0,0,0,0,0,0,0
439,2017-04-14,09:04:05,508,v1709,XDCE,5800,5790,5810,6912,200529900,141928,140362,6105,5525,5815,5785,0,5795,0,0,0,2017-04-14,32645508,5800,49,0,0,0,0,0,0,0,0,5805,181,0,0,0,0,0,0,0,0
440,2017-04-14,09:04:05,986,v1709,XDCE,5805,5790,5810,6914,200587950,141928,140362,6105,5525,5815,5785,0,5795,0,0,0,2017-04-14,32645986,5800,49,0,0,0,0,0,0,0,0,5805,180,0,0,0,0,0,0,0,0
441,2017-04-14,09:04:06,572,v1709,XDCE,5805,5790,5810,6914,200587950,141928,140362,6105,5525,5815,5785,0,5795,0,0,0,2017-04-14,32646572,5800,53,0,0,0,0,0,0,0,0,5805,180,0,0,0,0,0,0,0,0
442,2017-04-14,09:04:07,50,v1709,XDCE,5805,5790,5810,6914,200587950,141928,140362,6105,5525,5815,5785,0,5795,0,0,0,2017-04-14,32647050,5800,54,0,0,0,0,0,0,0,0,5805,180,0,0,0,0,0,0,0,0
443,2017-04-14,09:04:07,508,v1709,XDCE,5800,5790,5810,6916,200645950,141930,140362,6105,5525,5815,5785,0,5795,0,0,0,2017-04-14,32647508,5800,54,0,0,0,0,0,0,0,0,5805,180,0,0,0,0,0,0,0,0
444,2017-04-14,09:04:08,80,v1709,XDCE,5800,5790,5810,6916,200645950,141930,140362,6105,5525,5815,5785,0,5795,0,0,0,2017-04-14,32648080,5800,52,0,0,0,0,0,0,0,0,5805,180,0,0,0,0,0,0,0,0
445,2017-04-14,09:04:09,65,v1709,XDCE,5800,5790,5810,6918,200703950,141930,140362,6105,5525,5815,5785,0,5795,0,0,0,2017-04-14,32649065,5800,61,0,0,0,0,0,0,0,0,5805,181,0,0,0,0,0,0,0,0
446,2017-04-14,09:04:09,537,v1709,XDCE,5800,5790,5810,6918,200703950,141930,140362,6105,5525,5815,5785,0,5795,0,0,0,2017-04-14,32649537,5800,57,0,0,0,0,0,0,0,0,5805,181,0,0,0,0,0,0,0,0
447,2017-04-14,09:04:09,977,v1709,XDCE,5805,5790,5810,6920,200762000,141930,140362,6105,5525,5815,5785,0,5795,0,0,0,2017-04-14,32649977,5800,58,0,0,0,0,0,0,0,0,5805,220,0,0,0,0,0,0,0,0
448,2017-04-14,09:04:10,525,v1709,XDCE,5805,5790,5810,6920,200762000,141930,140362,6105,5525,5815,5785,0,5795,0,0,0,2017-04-14,32650525,5800,58,0,0,0,0,0,0,0,0,5805,221,0,0,0,0,0,0,0,0
449,2017-04-14,09:04:11,61,v1709,XDCE,5805,5790,5810,6942,201400550,141926,140362,6105,5525,5815,5785,0,5795,0,0,0,2017-04-14,32651061,5800,70,0,0,0,0,0,0,0,0,5805,211,0,0,0,0,0,0,0,0
450,2017-04-14,09:04:12,61,v1709,XDCE,5805,5790,5810,6942,201400550,141926,140362,6105,5525,5815,5785,0,5795,0,0,0,2017-04-14,32652061,5800,76,0,0,0,0,0,0,0,0,5805,211,0,0,0,0,0,0,0,0
451,2017-04-14,09:04:12,410,v1709,XDCE,5800,5790,5810,6948,201574550,141926,140362,6105,5525,5815,5785,0,5795,0,0,0,2017-04-14,32652410,5800,76,0,0,0,0,0,0,0,0,5805,211,0,0,0,0,0,0,0,0
452,2017-04-14,09:04:13,80,v1709,XDCE,5800,5790,5810,6954,201748550,141926,140362,6105,5525,5815,5785,0,5795,0,0,0,2017-04-14,32653080,5800,74,0,0,0,0,0,0,0,0,5805,211,0,0,0,0,0,0,0,0
453,2017-04-14,09:04:13,553,v1709,XDCE,5800,5790,5810,6954,201748550,141926,140362,6105,5525,5815,5785,0,5795,0,0,0,2017-04-14,32653553,5800,79,0,0,0,0,0,0,0,0,5805,211,0,0,0,0,0,0,0,0
454,2017-04-14,09:04:14,570,v1709,XDCE,5800,5790,5810,6956,201806550,141928,140362,6105,5525,5815,5785,0,5795,0,0,0,2017-04-14,32654570,5800,78,0,0,0,0,0,0,0,0,5805,211,0,0,0,0,0,0,0,0
455,2017-04-14,09:04:14,952,v1709,XDCE,5800,5790,5810,6956,201806550,141928,140362,6105,5525,5815,5785,0,5795,0,0,0,2017-04-14,32654952,5800,82,0,0,0,0,0,0,0,0,5805,211,0,0,0,0,0,0,0,0
456,2017-04-14,09:04:15,494,v1709,XDCE,5800,5790,5810,6960,201922550,141932,140362,6105,5525,5815,5785,0,5795,0,0,0,2017-04-14,32655494,5800,80,0,0,0,0,0,0,0,0,5805,211,0,0,0,0,0,0,0,0
457,2017-04-14,09:04:16,41,v1709,XDCE,5800,5790,5810,6960,201922550,141932,140362,6105,5525,5815,5785,0,5795,0,0,0,2017-04-14,32656041,5800,90,0,0,0,0,0,0,0,0,5805,211,0,0,0,0,0,0,0,0
458,2017-04-14,09:04:17,576,v1709,XDCE,5800,5790,5810,6960,201922550,141932,140362,6105,5525,5815,5785,0,5795,0,0,0,2017-04-14,32657576,5800,91,0,0,0,0,0,0,0,0,5805,211,0,0,0,0,0,0,0,0
459,2017-04-14,09:04:18,568,v1709,XDCE,5805,5790,5810,6962,201980600,141932,140362,6105,5525,5815,5785,0,5795,0,0,0,2017-04-14,32658568,5800,104,0,0,0,0,0,0,0,0,5805,207,0,0,0,0,0,0,0,0
460,2017-04-14,09:04:19,79,v1709,XDCE,5805,5790,5810,6962,201980600,141932,140362,6105,5525,5815,5785,0,5795,0,0,0,2017-04-14,32659079,5800,104,0,0,0,0,0,0,0,0,5805,218,0,0,0,0,0,0,0,0
461,2017-04-14,09:04:20,50,v1709,XDCE,5805,5790,5810,6962,201980600,141932,140362,6105,5525,5815,5785,0,5795,0,0,0,2017-04-14,32660050,5800,106,0,0,0,0,0,0,0,0,5805,78,0,0,0,0,0,0,0,0
462,2017-04-14,09:04:20,520,v1709,XDCE,5805,5790,5810,6968,202154750,141932,140362,6105,5525,5815,5785,0,5795,0,0,0,2017-04-14,32660520,5800,106,0,0,0,0,0,0,0,0,5805,75,0,0,0,0,0,0,0,0
463,2017-04-14,09:04:21,56,v1709,XDCE,5805,5790,5810,7118,206508500,141946,140362,6105,5525,5815,5785,0,5795,0,0,0,2017-04-14,32661056,5805,30,0,0,0,0,0,0,0,0,5810,217,0,0,0,0,0,0,0,0
464,2017-04-14,09:04:21,425,v1709,XDCE,5805,5790,5810,7118,206508500,141946,140362,6105,5525,5815,5785,0,5795,0,0,0,2017-04-14,32661425,5805,51,0,0,0,0,0,0,0,0,5810,211,0,0,0,0,0,0,0,0
465,2017-04-14,09:04:22,63,v1709,XDCE,5805,5790,5810,7118,206508500,141946,140362,6105,5525,5815,5785,0,5795,0,0,0,2017-04-14,32662063,5805,67,0,0,0,0,0,0,0,0,5810,210,0,0,0,0,0,0,0,0
466,2017-04-14,09:04:22,536,v1709,XDCE,5805,5790,5810,7122,206624600,141942,140362,6105,5525,5815,5785,0,5795,0,0,0,2017-04-14,32662536,5805,78,0,0,0,0,0,0,0,0,5810,209,0,0,0,0,0,0,0,0
467,2017-04-14,09:04:23,75,v1709,XDCE,5805,5790,5810,7122,206624600,141942,140362,6105,5525,5815,5785,0,5795,0,0,0,2017-04-14,32663075,5805,101,0,0,0,0,0,0,0,0,5810,206,0,0,0,0,0,0,0,0
468,2017-04-14,09:04:23,569,v1709,XDCE,5805,5790,5810,7122,206624600,141942,140362,6105,5525,5815,5785,0,5795,0,0,0,2017-04-14,32663569,5805,101,0,0,0,0,0,0,0,0,5810,205,0,0,0,0,0,0,0,0
469,2017-04-14,09:04:25,527,v1709,XDCE,5805,5790,5810,7122,206624600,141942,140362,6105,5525,5815,5785,0,5795,0,0,0,2017-04-14,32665527,5805,102,0,0,0,0,0,0,0,0,5810,210,0,0,0,0,0,0,0,0
470,2017-04-14,09:04:26,40,v1709,XDCE,5805,5790,5810,7122,206624600,141942,140362,6105,5525,5815,5785,0,5795,0,0,0,2017-04-14,32666040,5805,102,0,0,0,0,0,0,0,0,5810,208,0,0,0,0,0,0,0,0
471,2017-04-14,09:04:26,571,v1709,XDCE,5805,5790,5810,7126,206740750,141942,140362,6105,5525,5815,5785,0,5795,0,0,0,2017-04-14,32666571,5805,101,0,0,0,0,0,0,0,0,5810,208,0,0,0,0,0,0,0,0
472,2017-04-14,09:04:27,46,v1709,XDCE,5805,5790,5810,7126,206740750,141942,140362,6105,5525,5815,5785,0,5795,0,0,0,2017-04-14,32667046,5805,91,0,0,0,0,0,0,0,0,5810,217,0,0,0,0,0,0,0,0
473,2017-04-14,09:04:27,547,v1709,XDCE,5805,5790,5810,7156,207611500,141912,140362,6105,5525,5815,5785,0,5795,0,0,0,2017-04-14,32667547,5805,72,0,0,0,0,0,0,0,0,5810,217,0,0,0,0,0,0,0,0
474,2017-04-14,09:04:28,41,v1709,XDCE,5805,5790,5810,7300,211791100,142004,140362,6105,5525,5815,5785,0,5795,0,0,0,2017-04-14,32668041,5800,207,0,0,0,0,0,0,0,0,5805,14,0,0,0,0,0,0,0,0
475,2017-04-14,09:04:28,575,v1709,XDCE,5805,5790,5810,7312,212139400,142004,140362,6105,5525,5815,5785,0,5795,0,0,0,2017-04-14,32668575,5800,202,0,0,0,0,0,0,0,0,5805,16,0,0,0,0,0,0,0,0
476,2017-04-14,09:04:29,48,v1709,XDCE,5805,5790,5810,7342,213010150,142002,140362,6105,5525,5815,5785,0,5795,0,0,0,2017-04-14,32669048,5800,201,0,0,0,0,0,0,0,0,5805,1,0,0,0,0,0,0,0,0
477,2017-04-14,09:04:29,569,v1709,XDCE,5805,5790,5810,7356,213416500,141998,140362,6105,5525,5815,5785,0,5795,0,0,0,2017-04-14,32669569,5800,208,0,0,0,0,0,0,0,0,5805,15,0,0,0,0,0,0,0,0
478,2017-04-14,09:04:30,31,v1709,XDCE,5805,5790,5810,7362,213590650,141996,140362,6105,5525,5815,5785,0,5795,0,0,0,2017-04-14,32670031,5800,206,0,0,0,0,0,0,0,0,5805,12,0,0,0,0,0,0,0,0
479,2017-04-14,09:04:30,471,v1709,XDCE,5805,5790,5810,7386,214287250,141988,140362,6105,5525,5815,5785,0,5795,0,0,0,2017-04-14,32670471,5800,210,0,0,0,0,0,0,0,0,5810,220,0,0,0,0,0,0,0,0
480,2017-04-14,09:04:31,50,v1709,XDCE,5805,5790,5810,7390,214403350,141992,140362,6105,5525,5815,5785,0,5795,0,0,0,2017-04-14,32671050,5805,7,0,0,0,0,0,0,0,0,5810,219,0,0,0,0,0,0,0,0
481,2017-04-14,09:04:31,520,v1709,XDCE,5805,5790,5810,7390,214403350,141992,140362,6105,5525,5815,5785,0,5795,0,0,0,2017-04-14,32671520,5805,13,0,0,0,0,0,0,0,0,5810,219,0,0,0,0,0,0,0,0
482,2017-04-14,09:04:31,999,v1709,XDCE,5805,5790,5810,7390,214403350,141992,140362,6105,5525,5815,5785,0,5795,0,0,0,2017-04-14,32671999,5805,14,0,0,0,0,0,0,0,0,5810,219,0,0,0,0,0,0,0,0
483,2017-04-14,09:04:32,548,v1709,XDCE,5805,5790,5810,7390,214403350,141992,140362,6105,5525,5815,5785,0,5795,0,0,0,2017-04-14,32672548,5805,18,0,0,0,0,0,0,0,0,5810,219,0,0,0,0,0,0,0,0
484,2017-04-14,09:04:33,56,v1709,XDCE,5805,5790,5810,7390,214403350,141992,140362,6105,5525,5815,5785,0,5795,0,0,0,2017-04-14,32673056,5805,22,0,0,0,0,0,0,0,0,5810,219,0,0,0,0,0,0,0,0
485,2017-04-14,09:04:34,76,v1709,XDCE,5805,5790,5810,7398,214635550,142000,140362,6105,5525,5815,5785,0,5795,0,0,0,2017-04-14,32674076,5805,18,0,0,0,0,0,0,0,0,5810,219,0,0,0,0,0,0,0,0
486,2017-04-14,09:04:34,529,v1709,XDCE,5805,5790,5810,7400,214693600,142002,140362,6105,5525,5815,5785,0,5795,0,0,0,2017-04-14,32674529,5805,17,0,0,0,0,0,0,0,0,5810,213,0,0,0,0,0,0,0,0
487,2017-04-14,09:04:35,75,v1709,XDCE,5805,5790,5810,7400,214693600,142002,140362,6105,5525,5815,5785,0,5795,0,0,0,2017-04-14,32675075,5805,17,0,0,0,0,0,0,0,0,5810,214,0,0,0,0,0,0,0,0
488,2017-04-14,09:04:35,976,v1709,XDCE,5805,5790,5810,7410,214983850,141998,140362,6105,5525,5815,5785,0,5795,0,0,0,2017-04-14,32675976,5805,14,0,0,0,0,0,0,0,0,5810,214,0,0,0,0,0,0,0,0
489,2017-04-14,09:04:36,377,v1709,XDCE,5810,5790,5810,7420,215274350,141998,140362,6105,5525,5815,5785,0,5795,0,0,0,2017-04-14,32676377,5805,14,0,0,0,0,0,0,0,0,5810,209,0,0,0,0,0,0,0,0
490,2017-04-14,09:04:37,576,v1709,XDCE,5810,5790,5810,7420,215274350,141998,140362,6105,5525,5815,5785,0,5795,0,0,0,2017-04-14,32677576,5805,15,0,0,0,0,0,0,0,0,5810,209,0,0,0,0,0,0,0,0
491,2017-04-14,09:04:38,436,v1709,XDCE,5805,5790,5810,7442,215912900,142008,140362,6105,5525,5815,5785,0,5795,0,0,0,2017-04-14,32678436,5805,54,0,0,0,0,0,0,0,0,5810,209,0,0,0,0,0,0,0,0
492,2017-04-14,09:04:38,969,v1709,XDCE,5805,5790,5810,7442,215912900,142008,140362,6105,5525,5815,5785,0,5795,0,0,0,2017-04-14,32678969,5805,56,0,0,0,0,0,0,0,0,5810,204,0,0,0,0,0,0,0,0
493,2017-04-14,09:04:39,518,v1709,XDCE,5805,5790,5810,7442,215912900,142008,140362,6105,5525,5815,5785,0,5795,0,0,0,2017-04-14,32679518,5805,68,0,0,0,0,0,0,0,0,5810,204,0,0,0,0,0,0,0,0
494,2017-04-14,09:04:40,548,v1709,XDCE,5810,5790,5810,7448,216087200,142002,140362,6105,5525,5815,5785,0,5795,0,0,0,2017-04-14,32680548,5805,68,0,0,0,0,0,0,0,0,5810,201,0,0,0,0,0,0,0,0
495,2017-04-14,09:04:41,54,v1709,XDCE,5810,5790,5810,7448,216087200,142002,140362,6105,5525,5815,5785,0,5795,0,0,0,2017-04-14,32681054,5805,69,0,0,0,0,0,0,0,0,5810,194,0,0,0,0,0,0,0,0
496,2017-04-14,09:04:42,70,v1709,XDCE,5810,5790,5810,7448,216087200,142002,140362,6105,5525,5815,5785,0,5795,0,0,0,2017-04-14,32682070,5805,70,0,0,0,0,0,0,0,0,5810,195,0,0,0,0,0,0,0,0
497,2017-04-14,09:04:42,447,v1709,XDCE,5810,5790,5810,7466,216610100,141984,140362,6105,5525,5815,5785,0,5795,0,0,0,2017-04-14,32682447,5805,70,0,0,0,0,0,0,0,0,5810,186,0,0,0,0,0,0,0,0
498,2017-04-14,09:04:43,11,v1709,XDCE,5810,5790,5810,7466,216610100,141984,140362,6105,5525,5815,5785,0,5795,0,0,0,2017-04-14,32683011,5805,71,0,0,0,0,0,0,0,0,5810,186,0,0,0,0,0,0,0,0
499,2017-04-14,09:04:43,536,v1709,XDCE,5805,5790,5810,7508,217829150,141982,140362,6105,5525,5815,5785,0,5795,0,0,0,2017-04-14,32683536,5805,3,0,0,0,0,0,0,0,0,5810,187,0,0,0,0,0,0,0,0
500,2017-04-14,09:04:44,59,v1709,XDCE,5805,5790,5810,7512,217945250,141986,140362,6105,5525,5815,5785,0,5795,0,0,0,2017-04-14,32684059,5805,2,0,0,0,0,0,0,0,0,5810,188,0,0,0,0,0,0,0,0
501,2017-04-14,09:04:44,469,v1709,XDCE,5805,5790,5810,7512,217945250,141986,140362,6105,5525,5815,5785,0,5795,0,0,0,2017-04-14,32684469,5805,3,0,0,0,0,0,0,0,0,5810,188,0,0,0,0,0,0,0,0
502,2017-04-14,09:04:44,856,v1709,XDCE,5810,5790,5810,7718,223929550,141806,140362,6105,5525,5815,5785,0,5795,0,0,0,2017-04-14,32684856,5805,53,0,0,0,0,0,0,0,0,5810,81,0,0,0,0,0,0,0,0
503,2017-04-14,09:04:45,451,v1709,XDCE,5810,5790,5810,7892,228984250,141812,140362,6105,5525,5815,5785,0,5795,0,0,0,2017-04-14,32685451,5810,20,0,0,0,0,0,0,0,0,5815,157,0,0,0,0,0,0,0,0
504,2017-04-14,09:04:46,41,v1709,XDCE,5810,5790,5810,7892,228984250,141812,140362,6105,5525,5815,5785,0,5795,0,0,0,2017-04-14,32686041,5810,21,0,0,0,0,0,0,0,0,5815,156,0,0,0,0,0,0,0,0
505,2017-04-14,09:04:46,527,v1709,XDCE,5810,5790,5810,7892,228984250,141812,140362,6105,5525,5815,5785,0,5795,0,0,0,2017-04-14,32686527,5810,21,0,0,0,0,0,0,0,0,5815,157,0,0,0,0,0,0,0,0
506,2017-04-14,09:04:46,678,v1709,XDCE,5810,5790,5810,7892,228984250,141812,140362,6105,5525,5815,5785,0,5795,0,0,0,2017-04-14,32686678,5810,21,0,0,0,0,0,0,0,0,5815,158,0,0,0,0,0,0,0,0
507,2017-04-14,09:04:47,491,v1709,XDCE,5810,5790,5810,7892,228984250,141812,140362,6105,5525,5815,5785,0,5795,0,0,0,2017-04-14,32687491,5810,25,0,0,0,0,0,0,0,0,5815,158,0,0,0,0,0,0,0,0
508,2017-04-14,09:04:47,990,v1709,XDCE,5810,5790,5810,7892,228984250,141812,140362,6105,5525,5815,5785,0,5795,0,0,0,2017-04-14,32687990,5810,26,0,0,0,0,0,0,0,0,5815,152,0,0,0,0,0,0,0,0
509,2017-04-14,09:04:48,539,v1709,XDCE,5815,5790,5815,7896,229100500,141812,140362,6105,5525,5815,5785,0,5795,0,0,0,2017-04-14,32688539,5810,25,0,0,0,0,0,0,0,0,5815,151,0,0,0,0,0,0,0,0
510,2017-04-14,09:04:48,958,v1709,XDCE,5810,5790,5815,8006,232296000,141854,140362,6105,5525,5815,5785,0,5795,0,0,0,2017-04-14,32688958,5805,38,0,0,0,0,0,0,0,0,5810,1,0,0,0,0,0,0,0,0
511,2017-04-14,09:04:49,566,v1709,XDCE,5810,5790,5815,8012,232470300,141852,140362,6105,5525,5815,5785,0,5795,0,0,0,2017-04-14,32689566,5805,46,0,0,0,0,0,0,0,0,5810,52,0,0,0,0,0,0,0,0
512,2017-04-14,09:04:50,6,v1709,XDCE,5810,5790,5815,8012,232470300,141852,140362,6105,5525,5815,5785,0,5795,0,0,0,2017-04-14,32690006,5805,45,0,0,0,0,0,0,0,0,5810,52,0,0,0,0,0,0,0,0
513,2017-04-14,09:04:50,522,v1709,XDCE,5810,5790,5815,8014,232528400,141852,140362,6105,5525,5815,5785,0,5795,0,0,0,2017-04-14,32690522,5805,45,0,0,0,0,0,0,0,0,5810,71,0,0,0,0,0,0,0,0
514,2017-04-14,09:04:51,485,v1709,XDCE,5810,5790,5815,8014,232528400,141852,140362,6105,5525,5815,5785,0,5795,0,0,0,2017-04-14,32691485,5805,44,0,0,0,0,0,0,0,0,5810,71,0,0,0,0,0,0,0,0
515,2017-04-14,09:04:51,918,v1709,XDCE,5810,5790,5815,8014,232528400,141852,140362,6105,5525,5815,5785,0,5795,0,0,0,2017-04-14,32691918,5805,43,0,0,0,0,0,0,0,0,5810,72,0,0,0,0,0,0,0,0
516,2017-04-14,09:04:52,509,v1709,XDCE,5805,5790,5815,8016,232586450,141854,140362,6105,5525,5815,5785,0,5795,0,0,0,2017-04-14,32692509,5805,48,0,0,0,0,0,0,0,0,5810,72,0,0,0,0,0,0,0,0
517,2017-04-14,09:04:53,69,v1709,XDCE,5810,5790,5815,8160,236769650,141916,140362,6105,5525,5815,5785,0,5795,0,0,0,2017-04-14,32693069,5810,31,0,0,0,0,0,0,0,0,5815,159,0,0,0,0,0,0,0,0
518,2017-04-14,09:04:53,546,v1709,XDCE,5810,5790,5815,8160,236769650,141916,140362,6105,5525,5815,5785,0,5795,0,0,0,2017-04-14,32693546,5810,58,0,0,0,0,0,0,0,0,5815,158,0,0,0,0,0,0,0,0
519,2017-04-14,09:04:54,482,v1709,XDCE,5810,5790,5815,8160,236769650,141916,140362,6105,5525,5815,5785,0,5795,0,0,0,2017-04-14,32694482,5810,58,0,0,0,0,0,0,0,0,5815,159,0,0,0,0,0,0,0,0
520,2017-04-14,09:04:55,59,v1709,XDCE,5810,5790,5815,8160,236769650,141916,140362,6105,5525,5815,5785,0,5795,0,0,0,2017-04-14,32695059,5810,63,0,0,0,0,0,0,0,0,5815,159,0,0,0,0,0,0,0,0
521,2017-04-14,09:04:55,564,v1709,XDCE,5810,5790,5815,8160,236769650,141916,140362,6105,5525,5815,5785,0,5795,0,0,0,2017-04-14,32695564,5810,63,0,0,0,0,0,0,0,0,5815,164,0,0,0,0,0,0,0,0
522,2017-04-14,09:04:56,78,v1709,XDCE,5810,5790,5815,8160,236769650,141916,140362,6105,5525,5815,5785,0,5795,0,0,0,2017-04-14,32696078,5810,64,0,0,0,0,0,0,0,0,5815,164,0,0,0,0,0,0,0,0
523,2017-04-14,09:04:56,568,v1709,XDCE,5810,5790,5815,8162,236827750,141918,140362,6105,5525,5815,5785,0,5795,0,0,0,2017-04-14,32696568,5810,78,0,0,0,0,0,0,0,0,5815,160,0,0,0,0,0,0,0,0
524,2017-04-14,09:04:56,848,v1709,XDCE,5810,5790,5815,8162,236827750,141918,140362,6105,5525,5815,5785,0,5795,0,0,0,2017-04-14,32696848,5810,80,0,0,0,0,0,0,0,0,5815,159,0,0,0,0,0,0,0,0
525,2017-04-14,09:04:57,958,v1709,XDCE,5815,5790,5815,8166,236944050,141918,140362,6105,5525,5815,5785,0,5795,0,0,0,2017-04-14,32697958,5810,82,0,0,0,0,0,0,0,0,5815,157,0,0,0,0,0,0,0,0
526,2017-04-14,09:04:58,457,v1709,XDCE,5810,5790,5815,8176,237234550,141918,140362,6105,5525,5815,5785,0,5795,0,0,0,2017-04-14,32698457,5810,77,0,0,0,0,0,0,0,0,5815,158,0,0,0,0,0,0,0,0
527,2017-04-14,09:04:59,63,v1709,XDCE,5815,5790,5815,8178,237292700,141916,140362,6105,5525,5815,5785,0,5795,0,0,0,2017-04-14,32699063,5810,85,0,0,0,0,0,0,0,0,5815,157,0,0,0,0,0,0,0,0
528,2017-04-14,09:04:59,571,v1709,XDCE,5810,5790,5815,8180,237350800,141918,140362,6105,5525,5815,5785,0,5795,0,0,0,2017-04-14,32699571,5810,165,0,0,0,0,0,0,0,0,5815,158,0,0,0,0,0,0,0,0
529,2017-04-14,09:04:59,998,v1709,XDCE,5815,5790,5815,8192,237699450,141916,140362,6105,5525,5815,5785,0,5795,0,0,0,2017-04-14,32699998,5810,161,0,0,0,0,0,0,0,0,5815,143,0,0,0,0,0,0,0,0
530,2017-04-14,09:05:00,552,v1709,XDCE,5815,5790,5815,8226,238687950,141918,140362,6105,5525,5815,5785,0,5795,0,0,0,2017-04-14,32700552,5810,161,0,0,0,0,0,0,0,0,5815,125,0,0,0,0,0,0,0,0
531,2017-04-14,09:05:01,78,v1709,XDCE,5815,5790,5815,8320,241421000,141848,140362,6105,5525,5815,5785,0,5795,0,0,0,2017-04-14,32701078,5810,166,0,0,0,0,0,0,0,0,5815,77,0,0,0,0,0,0,0,0
532,2017-04-14,09:05:01,535,v1709,XDCE,5815,5790,5815,8476,245956700,141848,140362,6105,5525,5815,5785,0,5795,0,0,0,2017-04-14,32701535,5815,50,0,0,0,0,0,0,0,0,5820,283,0,0,0,0,0,0,0,0
533,2017-04-14,09:05:02,41,v1709,XDCE,5815,5790,5815,8556,248282700,141898,140362,6105,5525,5815,5785,0,5795,0,0,0,2017-04-14,32702041,5815,24,0,0,0,0,0,0,0,0,5820,281,0,0,0,0,0,0,0,0
534,2017-04-14,09:05:02,574,v1709,XDCE,5815,5790,5815,8576,248864200,141886,140362,6105,5525,5815,5785,0,5795,0,0,0,2017-04-14,32702574,5815,18,0,0,0,0,0,0,0,0,5820,280,0,0,0,0,0,0,0,0
535,2017-04-14,09:05:03,2,v1709,XDCE,5820,5790,5820,8578,248922400,141886,140362,6105,5525,5815,5785,0,5795,0,0,0,2017-04-14,32703002,5815,19,0,0,0,0,0,0,0,0,5820,282,0,0,0,0,0,0,0,0
536,2017-04-14,09:05:03,577,v1709,XDCE,5820,5790,5820,9010,261493600,141566,140362,6105,5525,5815,5785,0,5795,0,0,0,2017-04-14,32703577,5815,121,0,0,0,0,0,0,0,0,5820,61,0,0,0,0,0,0,0,0
537,2017-04-14,09:05:03,957,v1709,XDCE,5820,5790,5820,9296,269816200,141726,140362,6105,5525,5815,5785,0,5795,0,0,0,2017-04-14,32703957,5815,97,0,0,0,0,0,0,0,0,5820,55,0,0,0,0,0,0,0,0
538,2017-04-14,09:05:04,519,v1709,XDCE,5820,5790,5820,9326,270689200,141756,140362,6105,5525,5815,5785,0,5795,0,0,0,2017-04-14,32704519,5815,99,0,0,0,0,0,0,0,0,5820,52,0,0,0,0,0,0,0,0
539,2017-04-14,09:05:05,71,v1709,XDCE,5820,5790,5820,9416,273308200,141846,140362,6105,5525,5815,5785,0,5795,0,0,0,2017-04-14,32705071,5815,100,0,0,0,0,0,0,0,0,5820,53,0,0,0,0,0,0,0,0
