,dataDate,dataTime,dataMillisec,instrumentID,exchangeCD,lastPrice,lowPrice,highPrice,volume,value,openInterest,preOpenInterest,upperLimitPrice,lowerLimitPrice,preSettlementPrice,prevClosePrice,settlementPrice,openPrice,closePrice,preDelta,currDelta,clearingDay,milliSecOffset,bidPrice1,bidVolume1,bidPrice2,bidVolume2,bidPrice3,bidVolume3,bidPrice4,bidVolume4,bidPrice5,bidVolume5,askPrice1,askVolume1,askPrice2,askVolume2,askPrice3,askVolume3,askPrice4,askVolume4,askPrice5,askVolume5
0,2017-04-13,19:31:03,0,WH705,XZCE,3173,0,0,0,0,14612,14612,3329,3011,3170,3173,0,0,0,0,0,2017-04-14,70263000,0,0,0,0,0,0,0,0,0,0,0,0,0,0,0,0,0,0,0,0
1,2017-04-14,08:59:00,0,WH705,XZCE,3190,3190,3190,84,5359200,14688,14612,3329,3011,3170,3173,0,3190,0,0,0,2017-04-14,32340000,3190,8,0,0,0,0,0,0,0,0,3192,1,0,0,0,0,0,0,0,0
2,2017-04-14,09:00:00,0,WH705,XZCE,3190,3190,3190,84,5359200,14688,14612,3329,3011,3170,3173,0,3190,0,0,0,2017-04-14,32400000,3191,3,0,0,0,0,0,0,0,0,3192,1,0,0,0,0,0,0,0,0
3,2017-04-14,09:00:00,0,WH705,XZCE,3192,3190,3192,92,5869920,14690,14612,3329,3011,3170,3173,0,3190,0,0,0,2017-04-14,32400000,3192,2,0,0,0,0,0,0,0,0,3195,13,0,0,0,0,0,0,0,0
4,2017-04-14,09:00:01,0,WH705,XZCE,3195,3190,3195,124,7914720,14670,14612,3329,3011,3170,3173,0,3190,0,0,0,2017-04-14,32401000,3192,1,0,0,0,0,0,0,0,0,3195,4,0,0,0,0,0,0,0,0
5,2017-04-14,09:00:01,0,WH705,XZCE,3192,3190,3195,128,8170080,14670,14612,3329,3011,3170,3173,0,3190,0,0,0,2017-04-14,32401000,3191,3,0,0,0,0,0,0,0,0,3195,4,0,0,0,0,0,0,0,0
6,2017-04-14,09:00:02,0,WH705,XZCE,3198,3190,3198,152,9705120,14668,14612,3329,3011,3170,3173,0,3190,0,0,0,2017-04-14,32402000,3197,2,0,0,0,0,0,0,0,0,3198,3,0,0,0,0,0,0,0,0
7,2017-04-14,09:00:02,0,WH705,XZCE,3197,3190,3198,182,11623320,14680,14612,3329,3011,3170,3173,0,3190,0,0,0,2017-04-14,32402000,3191,1,0,0,0,0,0,0,0,0,3197,4,0,0,0,0,0,0,0,0
8,2017-04-14,09:00:03,0,WH705,XZCE,3191,3190,3198,190,12133880,14688,14612,3329,3011,3170,3173,0,3190,0,0,0,2017-04-14,32403000,3191,1,0,0,0,0,0,0,0,0,3194,2,0,0,0,0,0,0,0,0
9,2017-04-14,09:00:03,0,WH705,XZCE,3194,3190,3198,212,13539240,14686,14612,3329,3011,3170,3173,0,3190,0,0,0,2017-04-14,32403000,3190,21,0,0,0,0,0,0,0,0,3198,1,0,0,0,0,0,0,0,0
10,2017-04-14,09:00:04,0,WH705,XZCE,3190,3190,3198,216,13794440,14690,14612,3329,3011,3170,3173,0,3190,0,0,0,2017-04-14,32404000,3191,1,0,0,0,0,0,0,0,0,3198,1,0,0,0,0,0,0,0,0
11,2017-04-14,09:00:04,0,WH705,XZCE,3190,3190,3198,216,13794440,14690,14612,3329,3011,3170,3173,0,3190,0,0,0,2017-04-14,32404000,3191,1,0,0,0,0,0,0,0,0,3193,1,0,0,0,0,0,0,0,0
12,2017-04-14,09:00:05,0,WH705,XZCE,3190,3190,3198,216,13794440,14690,14612,3329,3011,3170,3173,0,3190,0,0,0,2017-04-14,32405000,3192,2,0,0,0,0,0,0,0,0,3193,1,0,0,0,0,0,0,0,0
13,2017-04-14,09:00:05,0,WH705,XZCE,3190,3190,3198,216,13794440,14690,14612,3329,3011,3170,3173,0,3190,0,0,0,2017-04-14,32405000,3192,4,0,0,0,0,0,0,0,0,3193,1,0,0,0,0,0,0,0,0
14,2017-04-14,09:00:06,0,WH705,XZCE,3192,3190,3198,224,14305160,14688,14612,3329,3011,3170,3173,0,3190,0,0,0,2017-04-14,32406000,3192,2,0,0,0,0,0,0,0,0,3198,2,0,0,0,0,0,0,0,0
15,2017-04-14,09:00:06,0,WH705,XZCE,3192,3190,3198,224,14305160,14688,14612,3329,3011,3170,3173,0,3190,0,0,0,2017-04-14,32406000,3192,2,0,0,0,0,0,0,0,0,3194,1,0,0,0,0,0,0,0,0
16,2017-04-14,09:00:07,0,WH705,XZCE,3191,3190,3198,234,14943360,14692,14612,3329,3011,3170,3173,0,3190,0,0,0,2017-04-14,32407000,3191,2,0,0,0,0,0,0,0,0,3193,1,0,0,0,0,0,0,0,0
17,2017-04-14,09:00:08,0,WH705,XZCE,3191,3190,3198,234,14943360,14692,14612,3329,3011,3170,3173,0,3190,0,0,0,2017-04-14,32408000,3191,2,0,0,0,0,0,0,0,0,3192,1,0,0,0,0,0,0,0,0
18,2017-04-14,09:00:09,0,WH705,XZCE,3191,3190,3198,234,14943360,14692,14612,3329,3011,3170,3173,0,3190,0,0,0,2017-04-14,32409000,3191,1,0,0,0,0,0,0,0,0,3192,2,0,0,0,0,0,0,0,0
19,2017-04-14,09:00:10,0,WH705,XZCE,3191,3190,3198,236,15071000,14692,14612,3329,3011,3170,3173,0,3190,0,0,0,2017-04-14,32410000,3190,19,0,0,0,0,0,0,0,0,3191,5,0,0,0,0,0,0,0,0
20,2017-04-14,09:00:12,0,WH705,XZCE,3191,3190,3198,254,16219760,14704,14612,3329,3011,3170,3173,0,3190,0,0,0,2017-04-14,32412000,3190,13,0,0,0,0,0,0,0,0,3191,2,0,0,0,0,0,0,0,0
21,2017-04-14,09:00:13,0,WH705,XZCE,3190,3190,3198,256,16347360,14706,14612,3329,3011,3170,3173,0,3190,0,0,0,2017-04-14,32413000,3190,12,0,0,0,0,0,0,0,0,3191,3,0,0,0,0,0,0,0,0
22,2017-04-14,09:00:13,0,WH705,XZCE,3191,3190,3198,258,16475000,14708,14612,3329,3011,3170,3173,0,3190,0,0,0,2017-04-14,32413000,3190,12,0,0,0,0,0,0,0,0,3191,2,0,0,0,0,0,0,0,0
23,2017-04-14,09:00:14,0,WH705,XZCE,3191,3190,3198,258,16475000,14708,14612,3329,3011,3170,3173,0,3190,0,0,0,2017-04-14,32414000,3190,12,0,0,0,0,0,0,0,0,3191,3,0,0,0,0,0,0,0,0
24,2017-04-14,09:00:14,0,WH705,XZCE,3191,3190,3198,258,16475000,14708,14612,3329,3011,3170,3173,0,3190,0,0,0,2017-04-14,32414000,3190,12,0,0,0,0,0,0,0,0,3191,4,0,0,0,0,0,0,0,0
25,2017-04-14,09:00:15,0,WH705,XZCE,3190,3190,3198,262,16730200,14710,14612,3329,3011,3170,3173,0,3190,0,0,0,2017-04-14,32415000,3190,10,0,0,0,0,0,0,0,0,3191,6,0,0,0,0,0,0,0,0
26,2017-04-14,09:00:15,0,WH705,XZCE,3190,3190,3198,270,17240600,14718,14612,3329,3011,3170,3173,0,3190,0,0,0,2017-04-14,32415000,3190,6,0,0,0,0,0,0,0,0,3191,6,0,0,0,0,0,0,0,0
27,2017-04-14,09:00:16,0,WH705,XZCE,3190,3190,3198,274,17495800,14722,14612,3329,3011,3170,3173,0,3190,0,0,0,2017-04-14,32416000,3190,4,0,0,0,0,0,0,0,0,3191,7,0,0,0,0,0,0,0,0
28,2017-04-14,09:00:16,0,WH705,XZCE,3189,3189,3198,284,18133600,14726,14612,3329,3011,3170,3173,0,3190,0,0,0,2017-04-14,32416000,3189,1,0,0,0,0,0,0,0,0,3190,3,0,0,0,0,0,0,0,0
29,2017-04-14,09:00:17,0,WH705,XZCE,3189,3189,3198,286,18261160,14728,14612,3329,3011,3170,3173,0,3190,0,0,0,2017-04-14,32417000,3188,1,0,0,0,0,0,0,0,0,3189,6,0,0,0,0,0,0,0,0
30,2017-04-14,09:00:17,0,WH705,XZCE,3189,3189,3198,286,18261160,14728,14612,3329,3011,3170,3173,0,3190,0,0,0,2017-04-14,32417000,3188,1,0,0,0,0,0,0,0,0,3189,7,0,0,0,0,0,0,0,0
31,2017-04-14,09:00:18,0,WH705,XZCE,3189,3189,3198,304,19409200,14722,14612,3329,3011,3170,3173,0,3190,0,0,0,2017-04-14,32418000,3188,1,0,0,0,0,0,0,0,0,3189,1,0,0,0,0,0,0,0,0
32,2017-04-14,09:00:18,0,WH705,XZCE,3188,3188,3198,306,19536720,14724,14612,3329,3011,3170,3173,0,3190,0,0,0,2017-04-14,32418000,3187,2,0,0,0,0,0,0,0,0,3189,2,0,0,0,0,0,0,0,0
33,2017-04-14,09:00:19,0,WH705,XZCE,3188,3187,3198,314,20046800,14728,14612,3329,3011,3170,3173,0,3190,0,0,0,2017-04-14,32419000,3188,1,0,0,0,0,0,0,0,0,3189,5,0,0,0,0,0,0,0,0
34,2017-04-14,09:00:19,0,WH705,XZCE,3188,3187,3198,318,20301840,14726,14612,3329,3011,3170,3173,0,3190,0,0,0,2017-04-14,32419000,3186,2,0,0,0,0,0,0,0,0,3188,1,0,0,0,0,0,0,0,0
35,2017-04-14,09:00:20,0,WH705,XZCE,3186,3186,3198,320,20429280,14726,14612,3329,3011,3170,3173,0,3190,0,0,0,2017-04-14,32420000,3186,1,0,0,0,0,0,0,0,0,3188,1,0,0,0,0,0,0,0,0
36,2017-04-14,09:00:20,0,WH705,XZCE,3187,3186,3198,324,20684240,14728,14612,3329,3011,3170,3173,0,3190,0,0,0,2017-04-14,32420000,3186,1,0,0,0,0,0,0,0,0,3188,8,0,0,0,0,0,0,0,0
37,2017-04-14,09:00:21,0,WH705,XZCE,3187,3186,3198,324,20684240,14728,14612,3329,3011,3170,3173,0,3190,0,0,0,2017-04-14,32421000,3186,1,0,0,0,0,0,0,0,0,3187,10,0,0,0,0,0,0,0,0
38,2017-04-14,09:00:21,0,WH705,XZCE,3186,3186,3198,326,20811680,14730,14612,3329,3011,3170,3173,0,3190,0,0,0,2017-04-14,32421000,3185,67,0,0,0,0,0,0,0,0,3187,10,0,0,0,0,0,0,0,0
39,2017-04-14,09:00:22,0,WH705,XZCE,3186,3186,3198,326,20811680,14730,14612,3329,3011,3170,3173,0,3190,0,0,0,2017-04-14,32422000,3185,67,0,0,0,0,0,0,0,0,3186,5,0,0,0,0,0,0,0,0
40,2017-04-14,09:00:22,0,WH705,XZCE,3185,3185,3198,328,20939080,14732,14612,3329,3011,3170,3173,0,3190,0,0,0,2017-04-14,32422000,3185,66,0,0,0,0,0,0,0,0,3186,6,0,0,0,0,0,0,0,0
41,2017-04-14,09:00:23,0,WH705,XZCE,3186,3185,3198,352,22468360,14740,14612,3329,3011,3170,3173,0,3190,0,0,0,2017-04-14,32423000,3185,59,0,0,0,0,0,0,0,0,3186,2,0,0,0,0,0,0,0,0
42,2017-04-14,09:00:23,0,WH705,XZCE,3186,3185,3198,356,22723240,14736,14612,3329,3011,3170,3173,0,3190,0,0,0,2017-04-14,32423000,3186,2,0,0,0,0,0,0,0,0,3187,12,0,0,0,0,0,0,0,0
43,2017-04-14,09:00:24,0,WH705,XZCE,3186,3185,3198,358,22850680,14736,14612,3329,3011,3170,3173,0,3190,0,0,0,2017-04-14,32424000,3186,1,0,0,0,0,0,0,0,0,3187,12,0,0,0,0,0,0,0,0
44,2017-04-14,09:00:25,0,WH705,XZCE,3187,3185,3198,362,23105640,14736,14612,3329,3011,3170,3173,0,3190,0,0,0,2017-04-14,32425000,3186,1,0,0,0,0,0,0,0,0,3187,10,0,0,0,0,0,0,0,0
45,2017-04-14,09:00:26,0,WH705,XZCE,3186,3185,3198,364,23233080,14736,14612,3329,3011,3170,3173,0,3190,0,0,0,2017-04-14,32426000,3185,59,0,0,0,0,0,0,0,0,3187,11,0,0,0,0,0,0,0,0
46,2017-04-14,09:00:26,0,WH705,XZCE,3186,3185,3198,364,23233080,14736,14612,3329,3011,3170,3173,0,3190,0,0,0,2017-04-14,32426000,3186,1,0,0,0,0,0,0,0,0,3187,11,0,0,0,0,0,0,0,0
47,2017-04-14,09:00:27,0,WH705,XZCE,3186,3185,3198,364,23233080,14736,14612,3329,3011,3170,3173,0,3190,0,0,0,2017-04-14,32427000,3186,1,0,0,0,0,0,0,0,0,3187,10,0,0,0,0,0,0,0,0
48,2017-04-14,09:00:27,0,WH705,XZCE,3185,3185,3198,372,23742680,14744,14612,3329,3011,3170,3173,0,3190,0,0,0,2017-04-14,32427000,3185,56,0,0,0,0,0,0,0,0,3187,10,0,0,0,0,0,0,0,0
49,2017-04-14,09:00:28,0,WH705,XZCE,3186,3185,3198,374,23870120,14744,14612,3329,3011,3170,3173,0,3190,0,0,0,2017-04-14,32428000,3185,56,0,0,0,0,0,0,0,0,3187,10,0,0,0,0,0,0,0,0
50,2017-04-14,09:00:28,0,WH705,XZCE,3186,3185,3198,374,23870120,14744,14612,3329,3011,3170,3173,0,3190,0,0,0,2017-04-14,32428000,3185,56,0,0,0,0,0,0,0,0,3186,1,0,0,0,0,0,0,0,0
51,2017-04-14,09:00:29,0,WH705,XZCE,3185,3185,3198,390,24889320,14760,14612,3329,3011,3170,3173,0,3190,0,0,0,2017-04-14,32429000,3185,48,0,0,0,0,0,0,0,0,3186,2,0,0,0,0,0,0,0,0
52,2017-04-14,09:00:29,0,WH705,XZCE,3185,3185,3198,390,24889320,14760,14612,3329,3011,3170,3173,0,3190,0,0,0,2017-04-14,32429000,3185,48,0,0,0,0,0,0,0,0,3186,3,0,0,0,0,0,0,0,0
53,2017-04-14,09:00:30,0,WH705,XZCE,3185,3185,3198,390,24889320,14760,14612,3329,3011,3170,3173,0,3190,0,0,0,2017-04-14,32430000,3185,48,0,0,0,0,0,0,0,0,3186,13,0,0,0,0,0,0,0,0
54,2017-04-14,09:00:30,0,WH705,XZCE,3186,3185,3198,392,25016760,14760,14612,3329,3011,3170,3173,0,3190,0,0,0,2017-04-14,32430000,3185,48,0,0,0,0,0,0,0,0,3186,12,0,0,0,0,0,0,0,0
55,2017-04-14,09:00:31,0,WH705,XZCE,3186,3185,3198,398,25399080,14758,14612,3329,3011,3170,3173,0,3190,0,0,0,2017-04-14,32431000,3185,48,0,0,0,0,0,0,0,0,3186,13,0,0,0,0,0,0,0,0
56,2017-04-14,09:00:32,0,WH705,XZCE,3185,3185,3198,420,26800480,14778,14612,3329,3011,3170,3173,0,3190,0,0,0,2017-04-14,32432000,3185,37,0,0,0,0,0,0,0,0,3186,14,0,0,0,0,0,0,0,0
57,2017-04-14,09:00:32,0,WH705,XZCE,3185,3185,3198,426,27182680,14784,14612,3329,3011,3170,3173,0,3190,0,0,0,2017-04-14,32432000,3185,35,0,0,0,0,0,0,0,0,3186,14,0,0,0,0,0,0,0,0
58,2017-04-14,09:00:33,0,WH705,XZCE,3185,3185,3198,436,27819680,14792,14612,3329,3011,3170,3173,0,3190,0,0,0,2017-04-14,32433000,3185,30,0,0,0,0,0,0,0,0,3186,14,0,0,0,0,0,0,0,0
59,2017-04-14,09:00:33,0,WH705,XZCE,3185,3185,3198,442,28201880,14796,14612,3329,3011,3170,3173,0,3190,0,0,0,2017-04-14,32433000,3185,27,0,0,0,0,0,0,0,0,3186,14,0,0,0,0,0,0,0,0
60,2017-04-14,09:00:34,0,WH705,XZCE,3186,3185,3198,482,30750680,14820,14612,3329,3011,3170,3173,0,3190,0,0,0,2017-04-14,32434000,3185,10,0,0,0,0,0,0,0,0,3186,11,0,0,0,0,0,0,0,0
61,2017-04-14,09:00:34,0,WH705,XZCE,3185,3185,3198,486,31005480,14824,14612,3329,3011,3170,3173,0,3190,0,0,0,2017-04-14,32434000,3185,8,0,0,0,0,0,0,0,0,3186,11,0,0,0,0,0,0,0,0
62,2017-04-14,09:00:35,0,WH705,XZCE,3185,3185,3198,502,32024680,14838,14612,3329,3011,3170,3173,0,3190,0,0,0,2017-04-14,32435000,3184,1,0,0,0,0,0,0,0,0,3185,4,0,0,0,0,0,0,0,0
63,2017-04-14,09:00:35,0,WH705,XZCE,3185,3185,3198,502,32024680,14838,14612,3329,3011,3170,3173,0,3190,0,0,0,2017-04-14,32435000,3184,1,0,0,0,0,0,0,0,0,3185,5,0,0,0,0,0,0,0,0
64,2017-04-14,09:00:36,0,WH705,XZCE,3185,3185,3198,502,32024680,14838,14612,3329,3011,3170,3173,0,3190,0,0,0,2017-04-14,32436000,3184,1,0,0,0,0,0,0,0,0,3185,8,0,0,0,0,0,0,0,0
65,2017-04-14,09:00:37,0,WH705,XZCE,3185,3185,3198,506,32279480,14838,14612,3329,3011,3170,3173,0,3190,0,0,0,2017-04-14,32437000,3184,1,0,0,0,0,0,0,0,0,3185,6,0,0,0,0,0,0,0,0
66,2017-04-14,09:00:37,0,WH705,XZCE,3183,3183,3198,510,32534120,14836,14612,3329,3011,3170,3173,0,3190,0,0,0,2017-04-14,32437000,3183,10,0,0,0,0,0,0,0,0,3184,1,0,0,0,0,0,0,0,0
67,2017-04-14,09:00:38,0,WH705,XZCE,3184,3183,3198,512,32661480,14836,14612,3329,3011,3170,3173,0,3190,0,0,0,2017-04-14,32438000,3183,10,0,0,0,0,0,0,0,0,3185,5,0,0,0,0,0,0,0,0
68,2017-04-14,09:00:39,0,WH705,XZCE,3184,3183,3198,512,32661480,14836,14612,3329,3011,3170,3173,0,3190,0,0,0,2017-04-14,32439000,3184,1,0,0,0,0,0,0,0,0,3185,4,0,0,0,0,0,0,0,0
69,2017-04-14,09:00:39,0,WH705,XZCE,3184,3183,3198,512,32661480,14836,14612,3329,3011,3170,3173,0,3190,0,0,0,2017-04-14,32439000,3184,3,0,0,0,0,0,0,0,0,3185,3,0,0,0,0,0,0,0,0
70,2017-04-14,09:00:40,0,WH705,XZCE,3184,3183,3198,518,33043560,14836,14612,3329,3011,3170,3173,0,3190,0,0,0,2017-04-14,32440000,3183,10,0,0,0,0,0,0,0,0,3184,1,0,0,0,0,0,0,0,0
71,2017-04-14,09:00:40,0,WH705,XZCE,3185,3183,3198,524,33425760,14834,14612,3329,3011,3170,3173,0,3190,0,0,0,2017-04-14,32440000,3183,13,0,0,0,0,0,0,0,0,3185,2,0,0,0,0,0,0,0,0
72,2017-04-14,09:00:41,0,WH705,XZCE,3185,3183,3198,524,33425760,14834,14612,3329,3011,3170,3173,0,3190,0,0,0,2017-04-14,32441000,3184,1,0,0,0,0,0,0,0,0,3185,2,0,0,0,0,0,0,0,0
73,2017-04-14,09:00:41,0,WH705,XZCE,3184,3183,3198,526,33553120,14834,14612,3329,3011,3170,3173,0,3190,0,0,0,2017-04-14,32441000,3183,13,0,0,0,0,0,0,0,0,3184,5,0,0,0,0,0,0,0,0
74,2017-04-14,09:00:42,0,WH705,XZCE,3183,3183,3198,528,33680440,14834,14612,3329,3011,3170,3173,0,3190,0,0,0,2017-04-14,32442000,3183,12,0,0,0,0,0,0,0,0,3184,5,0,0,0,0,0,0,0,0
75,2017-04-14,09:00:42,0,WH705,XZCE,3183,3183,3198,538,34317040,14834,14612,3329,3011,3170,3173,0,3190,0,0,0,2017-04-14,32442000,3183,10,0,0,0,0,0,0,0,0,3184,2,0,0,0,0,0,0,0,0
76,2017-04-14,09:00:43,0,WH705,XZCE,3183,3183,3198,558,35590240,14836,14612,3329,3011,3170,3173,0,3190,0,0,0,2017-04-14,32443000,3182,1,0,0,0,0,0,0,0,0,3184,2,0,0,0,0,0,0,0,0
77,2017-04-14,09:00:43,0,WH705,XZCE,3181,3181,3198,562,35844720,14840,14612,3329,3011,3170,3173,0,3190,0,0,0,2017-04-14,32443000,3180,1,0,0,0,0,0,0,0,0,3183,2,0,0,0,0,0,0,0,0
78,2017-04-14,09:00:44,0,WH705,XZCE,3181,3181,3198,562,35844720,14840,14612,3329,3011,3170,3173,0,3190,0,0,0,2017-04-14,32444000,3180,1,0,0,0,0,0,0,0,0,3183,4,0,0,0,0,0,0,0,0
79,2017-04-14,09:00:44,0,WH705,XZCE,3180,3180,3198,564,35971920,14842,14612,3329,3011,3170,3173,0,3190,0,0,0,2017-04-14,32444000,3179,2,0,0,0,0,0,0,0,0,3183,3,0,0,0,0,0,0,0,0
80,2017-04-14,09:00:45,0,WH705,XZCE,3180,3180,3198,564,35971920,14842,14612,3329,3011,3170,3173,0,3190,0,0,0,2017-04-14,32445000,3182,1,0,0,0,0,0,0,0,0,3183,2,0,0,0,0,0,0,0,0
81,2017-04-14,09:00:45,0,WH705,XZCE,3180,3180,3198,568,36226320,14842,14612,3329,3011,3170,3173,0,3190,0,0,0,2017-04-14,32445000,3179,2,0,0,0,0,0,0,0,0,3183,3,0,0,0,0,0,0,0,0
82,2017-04-14,09:00:46,0,WH705,XZCE,3180,3180,3198,568,36226320,14842,14612,3329,3011,3170,3173,0,3190,0,0,0,2017-04-14,32446000,3179,2,0,0,0,0,0,0,0,0,3183,11,0,0,0,0,0,0,0,0
83,2017-04-14,09:00:46,0,WH705,XZCE,3180,3180,3198,568,36226320,14842,14612,3329,3011,3170,3173,0,3190,0,0,0,2017-04-14,32446000,3180,1,0,0,0,0,0,0,0,0,3183,11,0,0,0,0,0,0,0,0
84,2017-04-14,09:00:47,0,WH705,XZCE,3180,3180,3198,568,36226320,14842,14612,3329,3011,3170,3173,0,3190,0,0,0,2017-04-14,32447000,3180,1,0,0,0,0,0,0,0,0,3182,7,0,0,0,0,0,0,0,0
85,2017-04-14,09:00:48,0,WH705,XZCE,3180,3180,3198,572,36480720,14842,14612,3329,3011,3170,3173,0,3190,0,0,0,2017-04-14,32448000,3179,5,0,0,0,0,0,0,0,0,3180,1,0,0,0,0,0,0,0,0
86,2017-04-14,09:00:48,0,WH705,XZCE,3179,3179,3198,586,37370840,14846,14612,3329,3011,3170,3173,0,3190,0,0,0,2017-04-14,32448000,3178,2,0,0,0,0,0,0,0,0,3182,1,0,0,0,0,0,0,0,0
87,2017-04-14,09:00:49,0,WH705,XZCE,3179,3179,3198,586,37370840,14846,14612,3329,3011,3170,3173,0,3190,0,0,0,2017-04-14,32449000,3180,1,0,0,0,0,0,0,0,0,3182,1,0,0,0,0,0,0,0,0
88,2017-04-14,09:00:49,0,WH705,XZCE,3180,3179,3198,590,37625240,14846,14612,3329,3011,3170,3173,0,3190,0,0,0,2017-04-14,32449000,3178,2,0,0,0,0,0,0,0,0,3182,1,0,0,0,0,0,0,0,0
89,2017-04-14,09:00:50,0,WH705,XZCE,3180,3179,3198,590,37625240,14846,14612,3329,3011,3170,3173,0,3190,0,0,0,2017-04-14,32450000,3178,2,0,0,0,0,0,0,0,0,3182,2,0,0,0,0,0,0,0,0
90,2017-04-14,09:00:52,0,WH705,XZCE,3178,3178,3198,598,38133720,14852,14612,3329,3011,3170,3173,0,3190,0,0,0,2017-04-14,32452000,3177,2,0,0,0,0,0,0,0,0,3182,2,0,0,0,0,0,0,0,0
91,2017-04-14,09:00:52,0,WH705,XZCE,3178,3178,3198,598,38133720,14852,14612,3329,3011,3170,3173,0,3190,0,0,0,2017-04-14,32452000,3180,1,0,0,0,0,0,0,0,0,3182,2,0,0,0,0,0,0,0,0
92,2017-04-14,09:00:53,0,WH705,XZCE,3178,3178,3198,602,38387960,14854,14612,3329,3011,3170,3173,0,3190,0,0,0,2017-04-14,32453000,3177,2,0,0,0,0,0,0,0,0,3178,3,0,0,0,0,0,0,0,0
93,2017-04-14,09:00:54,0,WH705,XZCE,3178,3178,3198,604,38515080,14854,14612,3329,3011,3170,3173,0,3190,0,0,0,2017-04-14,32454000,3177,2,0,0,0,0,0,0,0,0,3178,2,0,0,0,0,0,0,0,0
94,2017-04-14,09:00:54,0,WH705,XZCE,3180,3178,3198,610,38896680,14854,14612,3329,3011,3170,3173,0,3190,0,0,0,2017-04-14,32454000,3178,1,0,0,0,0,0,0,0,0,3181,1,0,0,0,0,0,0,0,0
95,2017-04-14,09:00:55,0,WH705,XZCE,3180,3178,3198,610,38896680,14854,14612,3329,3011,3170,3173,0,3190,0,0,0,2017-04-14,32455000,3178,1,0,0,0,0,0,0,0,0,3181,2,0,0,0,0,0,0,0,0
96,2017-04-14,09:00:55,0,WH705,XZCE,3181,3178,3198,614,39151160,14852,14612,3329,3011,3170,3173,0,3190,0,0,0,2017-04-14,32455000,3178,1,0,0,0,0,0,0,0,0,3181,1,0,0,0,0,0,0,0,0
97,2017-04-14,09:00:56,0,WH705,XZCE,3181,3178,3198,616,39278400,14850,14612,3329,3011,3170,3173,0,3190,0,0,0,2017-04-14,32456000,3178,1,0,0,0,0,0,0,0,0,3182,2,0,0,0,0,0,0,0,0
98,2017-04-14,09:00:56,0,WH705,XZCE,3181,3178,3198,616,39278400,14850,14612,3329,3011,3170,3173,0,3190,0,0,0,2017-04-14,32456000,3178,1,0,0,0,0,0,0,0,0,3182,3,0,0,0,0,0,0,0,0
99,2017-04-14,09:00:57,0,WH705,XZCE,3182,3178,3198,618,39405680,14850,14612,3329,3011,3170,3173,0,3190,0,0,0,2017-04-14,32457000,3179,1,0,0,0,0,0,0,0,0,3182,2,0,0,0,0,0,0,0,0
100,2017-04-14,09:00:57,0,WH705,XZCE,3179,3178,3198,622,39660000,14854,14612,3329,3011,3170,3173,0,3190,0,0,0,2017-04-14,32457000,3179,5,0,0,0,0,0,0,0,0,3182,2,0,0,0,0,0,0,0,0
101,2017-04-14,09:00:58,0,WH705,XZCE,3179,3178,3198,632,40295800,14854,14612,3329,3011,3170,3173,0,3190,0,0,0,2017-04-14,32458000,3178,2,0,0,0,0,0,0,0,0,3181,1,0,0,0,0,0,0,0,0
102,2017-04-14,09:00:58,0,WH705,XZCE,3179,3178,3198,632,40295800,14854,14612,3329,3011,3170,3173,0,3190,0,0,0,2017-04-14,32458000,3178,2,0,0,0,0,0,0,0,0,3181,3,0,0,0,0,0,0,0,0
103,2017-04-14,09:00:59,0,WH705,XZCE,3179,3178,3198,632,40295800,14854,14612,3329,3011,3170,3173,0,3190,0,0,0,2017-04-14,32459000,3179,2,0,0,0,0,0,0,0,0,3181,2,0,0,0,0,0,0,0,0
104,2017-04-14,09:00:59,0,WH705,XZCE,3179,3178,3198,632,40295800,14854,14612,3329,3011,3170,3173,0,3190,0,0,0,2017-04-14,32459000,3179,2,0,0,0,0,0,0,0,0,3181,3,0,0,0,0,0,0,0,0
105,2017-04-14,09:01:00,0,WH705,XZCE,3182,3178,3198,640,40804920,14858,14612,3329,3011,3170,3173,0,3190,0,0,0,2017-04-14,32460000,3182,11,0,0,0,0,0,0,0,0,3183,8,0,0,0,0,0,0,0,0
106,2017-04-14,09:01:00,0,WH705,XZCE,3183,3178,3198,644,41059560,14858,14612,3329,3011,3170,3173,0,3190,0,0,0,2017-04-14,32460000,3182,11,0,0,0,0,0,0,0,0,3183,6,0,0,0,0,0,0,0,0
107,2017-04-14,09:01:01,0,WH705,XZCE,3183,3178,3198,652,41568840,14858,14612,3329,3011,3170,3173,0,3190,0,0,0,2017-04-14,32461000,3182,11,0,0,0,0,0,0,0,0,3183,2,0,0,0,0,0,0,0,0
108,2017-04-14,09:01:03,0,WH705,XZCE,3183,3178,3198,656,41823480,14858,14612,3329,3011,3170,3173,0,3190,0,0,0,2017-04-14,32463000,3183,4,0,0,0,0,0,0,0,0,3185,2,0,0,0,0,0,0,0,0
109,2017-04-14,09:01:04,0,WH705,XZCE,3183,3178,3198,656,41823480,14858,14612,3329,3011,3170,3173,0,3190,0,0,0,2017-04-14,32464000,3183,5,0,0,0,0,0,0,0,0,3185,3,0,0,0,0,0,0,0,0
110,2017-04-14,09:01:04,0,WH705,XZCE,3183,3178,3198,656,41823480,14858,14612,3329,3011,3170,3173,0,3190,0,0,0,2017-04-14,32464000,3183,5,0,0,0,0,0,0,0,0,3185,4,0,0,0,0,0,0,0,0
111,2017-04-14,09:01:05,0,WH705,XZCE,3185,3178,3198,662,42205680,14856,14612,3329,3011,3170,3173,0,3190,0,0,0,2017-04-14,32465000,3184,1,0,0,0,0,0,0,0,0,3185,2,0,0,0,0,0,0,0,0
112,2017-04-14,09:01:05,0,WH705,XZCE,3185,3178,3198,662,42205680,14856,14612,3329,3011,3170,3173,0,3190,0,0,0,2017-04-14,32465000,3184,1,0,0,0,0,0,0,0,0,3185,3,0,0,0,0,0,0,0,0
113,2017-04-14,09:01:06,0,WH705,XZCE,3185,3178,3198,668,42587880,14850,14612,3329,3011,3170,3173,0,3190,0,0,0,2017-04-14,32466000,3184,1,0,0,0,0,0,0,0,0,3186,14,0,0,0,0,0,0,0,0
114,2017-04-14,09:01:06,0,WH705,XZCE,3185,3178,3198,668,42587880,14850,14612,3329,3011,3170,3173,0,3190,0,0,0,2017-04-14,32466000,3184,1,0,0,0,0,0,0,0,0,3185,1,0,0,0,0,0,0,0,0
115,2017-04-14,09:01:07,0,WH705,XZCE,3184,3178,3198,672,42842600,14852,14612,3329,3011,3170,3173,0,3190,0,0,0,2017-04-14,32467000,3183,1,0,0,0,0,0,0,0,0,3185,1,0,0,0,0,0,0,0,0
116,2017-04-14,09:01:08,0,WH705,XZCE,3185,3178,3198,674,42970000,14850,14612,3329,3011,3170,3173,0,3190,0,0,0,2017-04-14,32468000,3183,1,0,0,0,0,0,0,0,0,3186,14,0,0,0,0,0,0,0,0
117,2017-04-14,09:01:09,0,WH705,XZCE,3185,3178,3198,674,42970000,14850,14612,3329,3011,3170,3173,0,3190,0,0,0,2017-04-14,32469000,3183,1,0,0,0,0,0,0,0,0,3184,5,0,0,0,0,0,0,0,0
118,2017-04-14,09:01:10,0,WH705,XZCE,3184,3178,3198,684,43606800,14850,14612,3329,3011,3170,3173,0,3190,0,0,0,2017-04-14,32470000,3183,1,0,0,0,0,0,0,0,0,3185,1,0,0,0,0,0,0,0,0
119,2017-04-14,09:01:10,0,WH705,XZCE,3185,3178,3198,688,43861600,14852,14612,3329,3011,3170,3173,0,3190,0,0,0,2017-04-14,32470000,3183,1,0,0,0,0,0,0,0,0,3186,14,0,0,0,0,0,0,0,0
120,2017-04-14,09:01:11,0,WH705,XZCE,3183,3178,3198,690,43988920,14852,14612,3329,3011,3170,3173,0,3190,0,0,0,2017-04-14,32471000,3182,11,0,0,0,0,0,0,0,0,3184,4,0,0,0,0,0,0,0,0
121,2017-04-14,09:01:14,0,WH705,XZCE,3183,3178,3198,690,43988920,14852,14612,3329,3011,3170,3173,0,3190,0,0,0,2017-04-14,32474000,3182,11,0,0,0,0,0,0,0,0,3184,5,0,0,0,0,0,0,0,0
122,2017-04-14,09:01:15,0,WH705,XZCE,3182,3178,3198,692,44116200,14854,14612,3329,3011,3170,3173,0,3190,0,0,0,2017-04-14,32475000,3182,10,0,0,0,0,0,0,0,0,3184,6,0,0,0,0,0,0,0,0
123,2017-04-14,09:01:16,0,WH705,XZCE,3182,3178,3198,692,44116200,14854,14612,3329,3011,3170,3173,0,3190,0,0,0,2017-04-14,32476000,3183,5,0,0,0,0,0,0,0,0,3184,6,0,0,0,0,0,0,0,0
124,2017-04-14,09:01:16,0,WH705,XZCE,3182,3178,3198,694,44243480,14854,14612,3329,3011,3170,3173,0,3190,0,0,0,2017-04-14,32476000,3183,4,0,0,0,0,0,0,0,0,3184,6,0,0,0,0,0,0,0,0
125,2017-04-14,09:01:17,0,WH705,XZCE,3182,3178,3198,694,44243480,14854,14612,3329,3011,3170,3173,0,3190,0,0,0,2017-04-14,32477000,3183,7,0,0,0,0,0,0,0,0,3184,6,0,0,0,0,0,0,0,0
126,2017-04-14,09:01:17,0,WH705,XZCE,3183,3178,3198,696,44370800,14854,14612,3329,3011,3170,3173,0,3190,0,0,0,2017-04-14,32477000,3183,6,0,0,0,0,0,0,0,0,3184,6,0,0,0,0,0,0,0,0
127,2017-04-14,09:01:18,0,WH705,XZCE,3184,3178,3198,702,44752880,14854,14612,3329,3011,3170,3173,0,3190,0,0,0,2017-04-14,32478000,3183,3,0,0,0,0,0,0,0,0,3184,3,0,0,0,0,0,0,0,0
128,2017-04-14,09:01:19,0,WH705,XZCE,3183,3178,3198,704,44880200,14856,14612,3329,3011,3170,3173,0,3190,0,0,0,2017-04-14,32479000,3183,2,0,0,0,0,0,0,0,0,3184,3,0,0,0,0,0,0,0,0
129,2017-04-14,09:01:20,0,WH705,XZCE,3183,3178,3198,706,45007520,14858,14612,3329,3011,3170,3173,0,3190,0,0,0,2017-04-14,32480000,3183,1,0,0,0,0,0,0,0,0,3184,3,0,0,0,0,0,0,0,0
130,2017-04-14,09:01:21,0,WH705,XZCE,3183,3178,3198,708,45134840,14860,14612,3329,3011,3170,3173,0,3190,0,0,0,2017-04-14,32481000,3182,10,0,0,0,0,0,0,0,0,3184,5,0,0,0,0,0,0,0,0
131,2017-04-14,09:01:22,0,WH705,XZCE,3183,3178,3198,708,45134840,14860,14612,3329,3011,3170,3173,0,3190,0,0,0,2017-04-14,32482000,3183,5,0,0,0,0,0,0,0,0,3184,5,0,0,0,0,0,0,0,0
132,2017-04-14,09:01:22,0,WH705,XZCE,3183,3178,3198,710,45262160,14860,14612,3329,3011,3170,3173,0,3190,0,0,0,2017-04-14,32482000,3183,4,0,0,0,0,0,0,0,0,3184,5,0,0,0,0,0,0,0,0
133,2017-04-14,09:01:23,0,WH705,XZCE,3184,3178,3198,712,45389520,14860,14612,3329,3011,3170,3173,0,3190,0,0,0,2017-04-14,32483000,3183,4,0,0,0,0,0,0,0,0,3184,4,0,0,0,0,0,0,0,0
134,2017-04-14,09:01:24,0,WH705,XZCE,3184,3178,3198,712,45389520,14860,14612,3329,3011,3170,3173,0,3190,0,0,0,2017-04-14,32484000,3182,10,0,0,0,0,0,0,0,0,3184,4,0,0,0,0,0,0,0,0
135,2017-04-14,09:01:24,0,WH705,XZCE,3184,3178,3198,720,45898960,14860,14612,3329,3011,3170,3173,0,3190,0,0,0,2017-04-14,32484000,3182,10,0,0,0,0,0,0,0,0,3185,4,0,0,0,0,0,0,0,0
136,2017-04-14,09:01:25,0,WH705,XZCE,3184,3178,3198,720,45898960,14860,14612,3329,3011,3170,3173,0,3190,0,0,0,2017-04-14,32485000,3183,1,0,0,0,0,0,0,0,0,3185,4,0,0,0,0,0,0,0,0
137,2017-04-14,09:01:25,0,WH705,XZCE,3183,3178,3198,722,46026280,14862,14612,3329,3011,3170,3173,0,3190,0,0,0,2017-04-14,32485000,3182,10,0,0,0,0,0,0,0,0,3185,4,0,0,0,0,0,0,0,0
138,2017-04-14,09:01:26,0,WH705,XZCE,3183,3178,3198,722,46026280,14862,14612,3329,3011,3170,3173,0,3190,0,0,0,2017-04-14,32486000,3182,10,0,0,0,0,0,0,0,0,3185,5,0,0,0,0,0,0,0,0
139,2017-04-14,09:01:27,0,WH705,XZCE,3183,3178,3198,722,46026280,14862,14612,3329,3011,3170,3173,0,3190,0,0,0,2017-04-14,32487000,3182,10,0,0,0,0,0,0,0,0,3184,1,0,0,0,0,0,0,0,0
140,2017-04-14,09:01:28,0,WH705,XZCE,3183,3178,3198,722,46026280,14862,14612,3329,3011,3170,3173,0,3190,0,0,0,2017-04-14,32488000,3183,5,0,0,0,0,0,0,0,0,3184,1,0,0,0,0,0,0,0,0
141,2017-04-14,09:01:28,0,WH705,XZCE,3183,3178,3198,722,46026280,14862,14612,3329,3011,3170,3173,0,3190,0,0,0,2017-04-14,32488000,3183,6,0,0,0,0,0,0,0,0,3184,1,0,0,0,0,0,0,0,0
142,2017-04-14,09:01:29,0,WH705,XZCE,3183,3178,3198,722,46026280,14862,14612,3329,3011,3170,3173,0,3190,0,0,0,2017-04-14,32489000,3183,6,0,0,0,0,0,0,0,0,3185,4,0,0,0,0,0,0,0,0
143,2017-04-14,09:01:30,0,WH705,XZCE,3183,3178,3198,722,46026280,14862,14612,3329,3011,3170,3173,0,3190,0,0,0,2017-04-14,32490000,3183,1,0,0,0,0,0,0,0,0,3185,4,0,0,0,0,0,0,0,0
144,2017-04-14,09:01:30,0,WH705,XZCE,3186,3178,3198,732,46663480,14862,14612,3329,3011,3170,3173,0,3190,0,0,0,2017-04-14,32490000,3183,2,0,0,0,0,0,0,0,0,3186,12,0,0,0,0,0,0,0,0
145,2017-04-14,09:01:31,0,WH705,XZCE,3186,3178,3198,732,46663480,14862,14612,3329,3011,3170,3173,0,3190,0,0,0,2017-04-14,32491000,3184,1,0,0,0,0,0,0,0,0,3186,11,0,0,0,0,0,0,0,0
146,2017-04-14,09:01:31,0,WH705,XZCE,3184,3178,3198,734,46790840,14864,14612,3329,3011,3170,3173,0,3190,0,0,0,2017-04-14,32491000,3183,3,0,0,0,0,0,0,0,0,3186,11,0,0,0,0,0,0,0,0
147,2017-04-14,09:01:32,0,WH705,XZCE,3184,3178,3198,734,46790840,14864,14612,3329,3011,3170,3173,0,3190,0,0,0,2017-04-14,32492000,3183,3,0,0,0,0,0,0,0,0,3185,2,0,0,0,0,0,0,0,0
148,2017-04-14,09:01:33,0,WH705,XZCE,3184,3178,3198,734,46790840,14864,14612,3329,3011,3170,3173,0,3190,0,0,0,2017-04-14,32493000,3183,3,0,0,0,0,0,0,0,0,3185,4,0,0,0,0,0,0,0,0
149,2017-04-14,09:01:33,0,WH705,XZCE,3184,3178,3198,734,46790840,14864,14612,3329,3011,3170,3173,0,3190,0,0,0,2017-04-14,32493000,3183,4,0,0,0,0,0,0,0,0,3185,4,0,0,0,0,0,0,0,0
150,2017-04-14,09:01:34,0,WH705,XZCE,3184,3178,3198,734,46790840,14864,14612,3329,3011,3170,3173,0,3190,0,0,0,2017-04-14,32494000,3184,5,0,0,0,0,0,0,0,0,3185,4,0,0,0,0,0,0,0,0
151,2017-04-14,09:01:34,0,WH705,XZCE,3184,3178,3198,734,46790840,14864,14612,3329,3011,3170,3173,0,3190,0,0,0,2017-04-14,32494000,3184,5,0,0,0,0,0,0,0,0,3185,5,0,0,0,0,0,0,0,0
152,2017-04-14,09:01:35,0,WH705,XZCE,3184,3178,3198,734,46790840,14864,14612,3329,3011,3170,3173,0,3190,0,0,0,2017-04-14,32495000,3184,5,0,0,0,0,0,0,0,0,3185,3,0,0,0,0,0,0,0,0
153,2017-04-14,09:01:36,0,WH705,XZCE,3184,3178,3198,734,46790840,14864,14612,3329,3011,3170,3173,0,3190,0,0,0,2017-04-14,32496000,3183,3,0,0,0,0,0,0,0,0,3185,3,0,0,0,0,0,0,0,0
154,2017-04-14,09:01:36,0,WH705,XZCE,3186,3178,3198,744,47428040,14864,14612,3329,3011,3170,3173,0,3190,0,0,0,2017-04-14,32496000,3183,3,0,0,0,0,0,0,0,0,3186,9,0,0,0,0,0,0,0,0
155,2017-04-14,09:01:37,0,WH705,XZCE,3186,3178,3198,744,47428040,14864,14612,3329,3011,3170,3173,0,3190,0,0,0,2017-04-14,32497000,3183,3,0,0,0,0,0,0,0,0,3185,2,0,0,0,0,0,0,0,0
156,2017-04-14,09:01:40,0,WH705,XZCE,3186,3178,3198,744,47428040,14864,14612,3329,3011,3170,3173,0,3190,0,0,0,2017-04-14,32500000,3184,5,0,0,0,0,0,0,0,0,3185,2,0,0,0,0,0,0,0,0
157,2017-04-14,09:01:41,0,WH705,XZCE,3185,3178,3198,746,47555440,14862,14612,3329,3011,3170,3173,0,3190,0,0,0,2017-04-14,32501000,3184,5,0,0,0,0,0,0,0,0,3185,1,0,0,0,0,0,0,0,0
158,2017-04-14,09:01:42,0,WH705,XZCE,3185,3178,3198,746,47555440,14862,14612,3329,3011,3170,3173,0,3190,0,0,0,2017-04-14,32502000,3183,3,0,0,0,0,0,0,0,0,3185,1,0,0,0,0,0,0,0,0
159,2017-04-14,09:01:42,0,WH705,XZCE,3186,3178,3198,756,48192640,14860,14612,3329,3011,3170,3173,0,3190,0,0,0,2017-04-14,32502000,3183,3,0,0,0,0,0,0,0,0,3186,5,0,0,0,0,0,0,0,0
160,2017-04-14,09:01:46,0,WH705,XZCE,3186,3178,3198,756,48192640,14860,14612,3329,3011,3170,3173,0,3190,0,0,0,2017-04-14,32506000,3183,3,0,0,0,0,0,0,0,0,3185,1,0,0,0,0,0,0,0,0
161,2017-04-14,09:01:51,0,WH705,XZCE,3186,3178,3198,756,48192640,14860,14612,3329,3011,3170,3173,0,3190,0,0,0,2017-04-14,32511000,3183,3,0,0,0,0,0,0,0,0,3185,2,0,0,0,0,0,0,0,0
162,2017-04-14,09:02:18,0,WH705,XZCE,3186,3178,3198,756,48192640,14860,14612,3329,3011,3170,3173,0,3190,0,0,0,2017-04-14,32538000,3183,2,0,0,0,0,0,0,0,0,3185,5,0,0,0,0,0,0,0,0
163,2017-04-14,09:02:19,0,WH705,XZCE,3186,3178,3198,756,48192640,14860,14612,3329,3011,3170,3173,0,3190,0,0,0,2017-04-14,32539000,3183,2,0,0,0,0,0,0,0,0,3185,7,0,0,0,0,0,0,0,0
164,2017-04-14,09:02:21,0,WH705,XZCE,3186,3178,3198,756,48192640,14860,14612,3329,3011,3170,3173,0,3190,0,0,0,2017-04-14,32541000,3183,2,0,0,0,0,0,0,0,0,3184,1,0,0,0,0,0,0,0,0
165,2017-04-14,09:02:22,0,WH705,XZCE,3186,3178,3198,758,48320080,14862,14612,3329,3011,3170,3173,0,3190,0,0,0,2017-04-14,32542000,3183,2,0,0,0,0,0,0,0,0,3185,3,0,0,0,0,0,0,0,0
166,2017-04-14,09:02:22,0,WH705,XZCE,3186,3178,3198,760,48447520,14862,14612,3329,3011,3170,3173,0,3190,0,0,0,2017-04-14,32542000,3183,2,0,0,0,0,0,0,0,0,3185,4,0,0,0,0,0,0,0,0
167,2017-04-14,09:02:23,0,WH705,XZCE,3183,3178,3198,764,48702160,14864,14612,3329,3011,3170,3173,0,3190,0,0,0,2017-04-14,32543000,3183,1,0,0,0,0,0,0,0,0,3185,6,0,0,0,0,0,0,0,0
168,2017-04-14,09:02:25,0,WH705,XZCE,3183,3178,3198,764,48702160,14864,14612,3329,3011,3170,3173,0,3190,0,0,0,2017-04-14,32545000,3183,1,0,0,0,0,0,0,0,0,3185,7,0,0,0,0,0,0,0,0
169,2017-04-14,09:02:26,0,WH705,XZCE,3183,3178,3198,766,48829480,14864,14612,3329,3011,3170,3173,0,3190,0,0,0,2017-04-14,32546000,3182,10,0,0,0,0,0,0,0,0,3185,7,0,0,0,0,0,0,0,0
170,2017-04-14,09:02:27,0,WH705,XZCE,3183,3178,3198,766,48829480,14864,14612,3329,3011,3170,3173,0,3190,0,0,0,2017-04-14,32547000,3183,1,0,0,0,0,0,0,0,0,3185,7,0,0,0,0,0,0,0,0
171,2017-04-14,09:02:27,0,WH705,XZCE,3183,3178,3198,766,48829480,14864,14612,3329,3011,3170,3173,0,3190,0,0,0,2017-04-14,32547000,3183,1,0,0,0,0,0,0,0,0,3184,1,0,0,0,0,0,0,0,0
172,2017-04-14,09:02:29,0,WH705,XZCE,3183,3178,3198,766,48829480,14864,14612,3329,3011,3170,3173,0,3190,0,0,0,2017-04-14,32549000,3183,2,0,0,0,0,0,0,0,0,3184,1,0,0,0,0,0,0,0,0
173,2017-04-14,09:02:30,0,WH705,XZCE,3183,3178,3198,766,48829480,14864,14612,3329,3011,3170,3173,0,3190,0,0,0,2017-04-14,32550000,3183,2,0,0,0,0,0,0,0,0,3185,6,0,0,0,0,0,0,0,0
174,2017-04-14,09:02:30,0,WH705,XZCE,3183,3178,3198,766,48829480,14864,14612,3329,3011,3170,3173,0,3190,0,0,0,2017-04-14,32550000,3183,2,0,0,0,0,0,0,0,0,3185,8,0,0,0,0,0,0,0,0
175,2017-04-14,09:02:34,0,WH705,XZCE,3183,3178,3198,770,49084120,14862,14612,3329,3011,3170,3173,0,3190,0,0,0,2017-04-14,32554000,3182,10,0,0,0,0,0,0,0,0,3185,8,0,0,0,0,0,0,0,0
176,2017-04-14,09:02:36,0,WH705,XZCE,3183,3178,3198,770,49084120,14862,14612,3329,3011,3170,3173,0,3190,0,0,0,2017-04-14,32556000,3182,10,0,0,0,0,0,0,0,0,3183,1,0,0,0,0,0,0,0,0
177,2017-04-14,09:02:39,0,WH705,XZCE,3183,3178,3198,770,49084120,14862,14612,3329,3011,3170,3173,0,3190,0,0,0,2017-04-14,32559000,3181,2,0,0,0,0,0,0,0,0,3183,3,0,0,0,0,0,0,0,0
178,2017-04-14,09:02:39,0,WH705,XZCE,3183,3178,3198,770,49084120,14862,14612,3329,3011,3170,3173,0,3190,0,0,0,2017-04-14,32559000,3181,2,0,0,0,0,0,0,0,0,3183,5,0,0,0,0,0,0,0,0
179,2017-04-14,09:02:40,0,WH705,XZCE,3183,3178,3198,770,49084120,14862,14612,3329,3011,3170,3173,0,3190,0,0,0,2017-04-14,32560000,3181,1,0,0,0,0,0,0,0,0,3182,2,0,0,0,0,0,0,0,0
180,2017-04-14,09:02:40,0,WH705,XZCE,3185,3178,3198,792,50485520,14880,14612,3329,3011,3170,3173,0,3190,0,0,0,2017-04-14,32560000,3180,2,0,0,0,0,0,0,0,0,3181,3,0,0,0,0,0,0,0,0
181,2017-04-14,09:02:41,0,WH705,XZCE,3180,3178,3198,794,50612720,14882,14612,3329,3011,3170,3173,0,3190,0,0,0,2017-04-14,32561000,3180,1,0,0,0,0,0,0,0,0,3181,5,0,0,0,0,0,0,0,0
182,2017-04-14,09:02:41,0,WH705,XZCE,3180,3178,3198,794,50612720,14882,14612,3329,3011,3170,3173,0,3190,0,0,0,2017-04-14,32561000,3180,1,0,0,0,0,0,0,0,0,3181,4,0,0,0,0,0,0,0,0
183,2017-04-14,09:02:42,0,WH705,XZCE,3180,3178,3198,796,50739920,14882,14612,3329,3011,3170,3173,0,3190,0,0,0,2017-04-14,32562000,3178,3,0,0,0,0,0,0,0,0,3181,4,0,0,0,0,0,0,0,0
184,2017-04-14,09:02:42,0,WH705,XZCE,3180,3178,3198,796,50739920,14882,14612,3329,3011,3170,3173,0,3190,0,0,0,2017-04-14,32562000,3178,2,0,0,0,0,0,0,0,0,3181,4,0,0,0,0,0,0,0,0
185,2017-04-14,09:02:43,0,WH705,XZCE,3180,3178,3198,796,50739920,14882,14612,3329,3011,3170,3173,0,3190,0,0,0,2017-04-14,32563000,3178,2,0,0,0,0,0,0,0,0,3180,2,0,0,0,0,0,0,0,0
186,2017-04-14,09:02:44,0,WH705,XZCE,3180,3178,3198,804,51248720,14878,14612,3329,3011,3170,3173,0,3190,0,0,0,2017-04-14,32564000,3181,1,0,0,0,0,0,0,0,0,3185,2,0,0,0,0,0,0,0,0
187,2017-04-14,09:02:44,0,WH705,XZCE,3180,3178,3198,804,51248720,14878,14612,3329,3011,3170,3173,0,3190,0,0,0,2017-04-14,32564000,3181,2,0,0,0,0,0,0,0,0,3185,13,0,0,0,0,0,0,0,0
188,2017-04-14,09:02:46,0,WH705,XZCE,3180,3178,3198,804,51248720,14878,14612,3329,3011,3170,3173,0,3190,0,0,0,2017-04-14,32566000,3181,2,0,0,0,0,0,0,0,0,3185,14,0,0,0,0,0,0,0,0
189,2017-04-14,09:02:47,0,WH705,XZCE,3180,3178,3198,804,51248720,14878,14612,3329,3011,3170,3173,0,3190,0,0,0,2017-04-14,32567000,3182,1,0,0,0,0,0,0,0,0,3184,2,0,0,0,0,0,0,0,0
190,2017-04-14,09:02:48,0,WH705,XZCE,3180,3178,3198,806,51375920,14878,14612,3329,3011,3170,3173,0,3190,0,0,0,2017-04-14,32568000,3181,2,0,0,0,0,0,0,0,0,3184,4,0,0,0,0,0,0,0,0
191,2017-04-14,09:02:49,0,WH705,XZCE,3180,3178,3198,806,51375920,14878,14612,3329,3011,3170,3173,0,3190,0,0,0,2017-04-14,32569000,3182,1,0,0,0,0,0,0,0,0,3184,3,0,0,0,0,0,0,0,0
192,2017-04-14,09:02:51,0,WH705,XZCE,3180,3178,3198,806,51375920,14878,14612,3329,3011,3170,3173,0,3190,0,0,0,2017-04-14,32571000,3182,1,0,0,0,0,0,0,0,0,3184,4,0,0,0,0,0,0,0,0
193,2017-04-14,09:02:52,0,WH705,XZCE,3180,3178,3198,806,51375920,14878,14612,3329,3011,3170,3173,0,3190,0,0,0,2017-04-14,32572000,3182,1,0,0,0,0,0,0,0,0,3184,5,0,0,0,0,0,0,0,0
194,2017-04-14,09:02:52,0,WH705,XZCE,3180,3178,3198,806,51375920,14878,14612,3329,3011,3170,3173,0,3190,0,0,0,2017-04-14,32572000,3182,1,0,0,0,0,0,0,0,0,3184,6,0,0,0,0,0,0,0,0
195,2017-04-14,09:02:53,0,WH705,XZCE,3180,3178,3198,806,51375920,14878,14612,3329,3011,3170,3173,0,3190,0,0,0,2017-04-14,32573000,3182,1,0,0,0,0,0,0,0,0,3183,2,0,0,0,0,0,0,0,0
196,2017-04-14,09:02:54,0,WH705,XZCE,3180,3178,3198,806,51375920,14878,14612,3329,3011,3170,3173,0,3190,0,0,0,2017-04-14,32574000,3182,4,0,0,0,0,0,0,0,0,3183,4,0,0,0,0,0,0,0,0
197,2017-04-14,09:02:57,0,WH705,XZCE,3183,3178,3198,808,51503240,14878,14612,3329,3011,3170,3173,0,3190,0,0,0,2017-04-14,32577000,3182,4,0,0,0,0,0,0,0,0,3183,3,0,0,0,0,0,0,0,0
198,2017-04-14,09:02:59,0,WH705,XZCE,3183,3178,3198,808,51503240,14878,14612,3329,3011,3170,3173,0,3190,0,0,0,2017-04-14,32579000,3182,3,0,0,0,0,0,0,0,0,3183,3,0,0,0,0,0,0,0,0
199,2017-04-14,09:03:03,0,WH705,XZCE,3183,3178,3198,808,51503240,14878,14612,3329,3011,3170,3173,0,3190,0,0,0,2017-04-14,32583000,3182,3,0,0,0,0,0,0,0,0,3183,4,0,0,0,0,0,0,0,0
200,2017-04-14,09:03:04,0,WH705,XZCE,3183,3178,3198,810,51630560,14878,14612,3329,3011,3170,3173,0,3190,0,0,0,2017-04-14,32584000,3182,3,0,0,0,0,0,0,0,0,3183,3,0,0,0,0,0,0,0,0
201,2017-04-14,09:03:09,0,WH705,XZCE,3183,3178,3198,810,51630560,14878,14612,3329,3011,3170,3173,0,3190,0,0,0,2017-04-14,32589000,3182,4,0,0,0,0,0,0,0,0,3183,4,0,0,0,0,0,0,0,0
202,2017-04-14,09:03:10,0,WH705,XZCE,3183,3178,3198,812,51757880,14876,14612,3329,3011,3170,3173,0,3190,0,0,0,2017-04-14,32590000,3182,4,0,0,0,0,0,0,0,0,3183,2,0,0,0,0,0,0,0,0
203,2017-04-14,09:03:11,0,WH705,XZCE,3182,3178,3198,816,52012440,14874,14612,3329,3011,3170,3173,0,3190,0,0,0,2017-04-14,32591000,3182,3,0,0,0,0,0,0,0,0,3183,10,0,0,0,0,0,0,0,0
204,2017-04-14,09:03:12,0,WH705,XZCE,3182,3178,3198,818,52139720,14874,14612,3329,3011,3170,3173,0,3190,0,0,0,2017-04-14,32592000,3182,2,0,0,0,0,0,0,0,0,3183,10,0,0,0,0,0,0,0,0
205,2017-04-14,09:03:13,0,WH705,XZCE,3182,3178,3198,822,52394280,14874,14612,3329,3011,3170,3173,0,3190,0,0,0,2017-04-14,32593000,3181,2,0,0,0,0,0,0,0,0,3183,10,0,0,0,0,0,0,0,0
206,2017-04-14,09:03:17,0,WH705,XZCE,3182,3178,3198,822,52394280,14874,14612,3329,3011,3170,3173,0,3190,0,0,0,2017-04-14,32597000,3181,1,0,0,0,0,0,0,0,0,3182,1,0,0,0,0,0,0,0,0
207,2017-04-14,09:03:18,0,WH705,XZCE,3182,3178,3198,822,52394280,14874,14612,3329,3011,3170,3173,0,3190,0,0,0,2017-04-14,32598000,3181,1,0,0,0,0,0,0,0,0,3182,4,0,0,0,0,0,0,0,0
208,2017-04-14,09:03:19,0,WH705,XZCE,3181,3178,3198,824,52521520,14874,14612,3329,3011,3170,3173,0,3190,0,0,0,2017-04-14,32599000,3179,2,0,0,0,0,0,0,0,0,3182,4,0,0,0,0,0,0,0,0
209,2017-04-14,09:03:19,0,WH705,XZCE,3181,3178,3198,824,52521520,14874,14612,3329,3011,3170,3173,0,3190,0,0,0,2017-04-14,32599000,3179,2,0,0,0,0,0,0,0,0,3181,1,0,0,0,0,0,0,0,0
210,2017-04-14,09:03:21,0,WH705,XZCE,3181,3178,3198,824,52521520,14874,14612,3329,3011,3170,3173,0,3190,0,0,0,2017-04-14,32601000,3180,2,0,0,0,0,0,0,0,0,3181,3,0,0,0,0,0,0,0,0
211,2017-04-14,09:03:25,0,WH705,XZCE,3181,3178,3198,824,52521520,14874,14612,3329,3011,3170,3173,0,3190,0,0,0,2017-04-14,32605000,3180,2,0,0,0,0,0,0,0,0,3181,2,0,0,0,0,0,0,0,0
212,2017-04-14,09:03:27,0,WH705,XZCE,3181,3178,3198,826,52648760,14872,14612,3329,3011,3170,3173,0,3190,0,0,0,2017-04-14,32607000,3180,3,0,0,0,0,0,0,0,0,3181,1,0,0,0,0,0,0,0,0
213,2017-04-14,09:03:28,0,WH705,XZCE,3181,3178,3198,828,52776000,14870,14612,3329,3011,3170,3173,0,3190,0,0,0,2017-04-14,32608000,3181,1,0,0,0,0,0,0,0,0,3182,3,0,0,0,0,0,0,0,0
214,2017-04-14,09:03:30,0,WH705,XZCE,3182,3178,3198,830,52903280,14870,14612,3329,3011,3170,3173,0,3190,0,0,0,2017-04-14,32610000,3181,1,0,0,0,0,0,0,0,0,3182,2,0,0,0,0,0,0,0,0
215,2017-04-14,09:03:31,0,WH705,XZCE,3182,3178,3198,834,53157840,14870,14612,3329,3011,3170,3173,0,3190,0,0,0,2017-04-14,32611000,3181,1,0,0,0,0,0,0,0,0,3183,10,0,0,0,0,0,0,0,0
216,2017-04-14,09:03:33,0,WH705,XZCE,3182,3178,3198,834,53157840,14870,14612,3329,3011,3170,3173,0,3190,0,0,0,2017-04-14,32613000,3181,2,0,0,0,0,0,0,0,0,3183,10,0,0,0,0,0,0,0,0
217,2017-04-14,09:03:38,0,WH705,XZCE,3182,3178,3198,834,53157840,14870,14612,3329,3011,3170,3173,0,3190,0,0,0,2017-04-14,32618000,3181,2,0,0,0,0,0,0,0,0,3182,1,0,0,0,0,0,0,0,0
218,2017-04-14,09:03:42,0,WH705,XZCE,3181,3178,3198,838,53412320,14870,14612,3329,3011,3170,3173,0,3190,0,0,0,2017-04-14,32622000,3180,2,0,0,0,0,0,0,0,0,3182,1,0,0,0,0,0,0,0,0
219,2017-04-14,09:03:42,0,WH705,XZCE,3181,3178,3198,838,53412320,14870,14612,3329,3011,3170,3173,0,3190,0,0,0,2017-04-14,32622000,3180,3,0,0,0,0,0,0,0,0,3182,1,0,0,0,0,0,0,0,0
220,2017-04-14,09:03:43,0,WH705,XZCE,3181,3178,3198,838,53412320,14870,14612,3329,3011,3170,3173,0,3190,0,0,0,2017-04-14,32623000,3180,3,0,0,0,0,0,0,0,0,3181,1,0,0,0,0,0,0,0,0
221,2017-04-14,09:03:44,0,WH705,XZCE,3181,3178,3198,838,53412320,14870,14612,3329,3011,3170,3173,0,3190,0,0,0,2017-04-14,32624000,3180,2,0,0,0,0,0,0,0,0,3181,1,0,0,0,0,0,0,0,0
222,2017-04-14,09:03:44,0,WH705,XZCE,3180,3178,3198,840,53539520,14870,14612,3329,3011,3170,3173,0,3190,0,0,0,2017-04-14,32624000,3180,1,0,0,0,0,0,0,0,0,3181,1,0,0,0,0,0,0,0,0
223,2017-04-14,09:03:48,0,WH705,XZCE,3180,3178,3198,840,53539520,14870,14612,3329,3011,3170,3173,0,3190,0,0,0,2017-04-14,32628000,3180,1,0,0,0,0,0,0,0,0,3181,2,0,0,0,0,0,0,0,0
224,2017-04-14,09:03:48,0,WH705,XZCE,3181,3178,3198,844,53794000,14870,14612,3329,3011,3170,3173,0,3190,0,0,0,2017-04-14,32628000,3181,1,0,0,0,0,0,0,0,0,3182,2,0,0,0,0,0,0,0,0
225,2017-04-14,09:03:52,0,WH705,XZCE,3181,3178,3198,846,53921240,14870,14612,3329,3011,3170,3173,0,3190,0,0,0,2017-04-14,32632000,3180,1,0,0,0,0,0,0,0,0,3182,2,0,0,0,0,0,0,0,0
226,2017-04-14,09:03:52,0,WH705,XZCE,3181,3178,3198,846,53921240,14870,14612,3329,3011,3170,3173,0,3190,0,0,0,2017-04-14,32632000,3180,2,0,0,0,0,0,0,0,0,3182,2,0,0,0,0,0,0,0,0
227,2017-04-14,09:03:55,0,WH705,XZCE,3181,3178,3198,846,53921240,14870,14612,3329,3011,3170,3173,0,3190,0,0,0,2017-04-14,32635000,3180,1,0,0,0,0,0,0,0,0,3181,1,0,0,0,0,0,0,0,0
228,2017-04-14,09:03:55,0,WH705,XZCE,3181,3178,3198,846,53921240,14870,14612,3329,3011,3170,3173,0,3190,0,0,0,2017-04-14,32635000,3180,1,0,0,0,0,0,0,0,0,3181,2,0,0,0,0,0,0,0,0
229,2017-04-14,09:03:58,0,WH705,XZCE,3181,3178,3198,846,53921240,14870,14612,3329,3011,3170,3173,0,3190,0,0,0,2017-04-14,32638000,3180,1,0,0,0,0,0,0,0,0,3181,3,0,0,0,0,0,0,0,0
230,2017-04-14,09:04:02,0,WH705,XZCE,3180,3178,3198,848,54048440,14870,14612,3329,3011,3170,3173,0,3190,0,0,0,2017-04-14,32642000,3179,2,0,0,0,0,0,0,0,0,3181,3,0,0,0,0,0,0,0,0
231,2017-04-14,09:04:04,0,WH705,XZCE,3180,3178,3198,848,54048440,14870,14612,3329,3011,3170,3173,0,3190,0,0,0,2017-04-14,32644000,3179,1,0,0,0,0,0,0,0,0,3180,1,0,0,0,0,0,0,0,0
232,2017-04-14,09:04:04,0,WH705,XZCE,3180,3178,3198,848,54048440,14870,14612,3329,3011,3170,3173,0,3190,0,0,0,2017-04-14,32644000,3179,1,0,0,0,0,0,0,0,0,3180,2,0,0,0,0,0,0,0,0
233,2017-04-14,09:04:06,0,WH705,XZCE,3180,3178,3198,850,54175640,14872,14612,3329,3011,3170,3173,0,3190,0,0,0,2017-04-14,32646000,3179,1,0,0,0,0,0,0,0,0,3180,1,0,0,0,0,0,0,0,0
234,2017-04-14,09:04:07,0,WH705,XZCE,3180,3178,3198,852,54302840,14870,14612,3329,3011,3170,3173,0,3190,0,0,0,2017-04-14,32647000,3179,2,0,0,0,0,0,0,0,0,3181,3,0,0,0,0,0,0,0,0
235,2017-04-14,09:04:07,0,WH705,XZCE,3180,3178,3198,852,54302840,14870,14612,3329,3011,3170,3173,0,3190,0,0,0,2017-04-14,32647000,3180,1,0,0,0,0,0,0,0,0,3181,3,0,0,0,0,0,0,0,0
236,2017-04-14,09:04:08,0,WH705,XZCE,3180,3178,3198,852,54302840,14870,14612,3329,3011,3170,3173,0,3190,0,0,0,2017-04-14,32648000,3180,1,0,0,0,0,0,0,0,0,3181,2,0,0,0,0,0,0,0,0
237,2017-04-14,09:04:09,0,WH705,XZCE,3180,3178,3198,852,54302840,14870,14612,3329,3011,3170,3173,0,3190,0,0,0,2017-04-14,32649000,3180,1,0,0,0,0,0,0,0,0,3181,22,0,0,0,0,0,0,0,0
238,2017-04-14,09:04:10,0,WH705,XZCE,3180,3178,3198,854,54430040,14870,14612,3329,3011,3170,3173,0,3190,0,0,0,2017-04-14,32650000,3179,1,0,0,0,0,0,0,0,0,3180,1,0,0,0,0,0,0,0,0
239,2017-04-14,09:04:10,0,WH705,XZCE,3180,3178,3198,856,54557240,14870,14612,3329,3011,3170,3173,0,3190,0,0,0,2017-04-14,32650000,3179,1,0,0,0,0,0,0,0,0,3180,1,0,0,0,0,0,0,0,0
240,2017-04-14,09:04:11,0,WH705,XZCE,3180,3178,3198,856,54557240,14870,14612,3329,3011,3170,3173,0,3190,0,0,0,2017-04-14,32651000,3179,1,0,0,0,0,0,0,0,0,3180,2,0,0,0,0,0,0,0,0
241,2017-04-14,09:04:12,0,WH705,XZCE,3179,3178,3198,858,54684400,14870,14612,3329,3011,3170,3173,0,3190,0,0,0,2017-04-14,32652000,3178,1,0,0,0,0,0,0,0,0,3179,4,0,0,0,0,0,0,0,0
242,2017-04-14,09:04:12,0,WH705,XZCE,3179,3178,3198,858,54684400,14870,14612,3329,3011,3170,3173,0,3190,0,0,0,2017-04-14,32652000,3178,1,0,0,0,0,0,0,0,0,3179,5,0,0,0,0,0,0,0,0
243,2017-04-14,09:04:13,0,WH705,XZCE,3178,3178,3198,860,54811520,14872,14612,3329,3011,3170,3173,0,3190,0,0,0,2017-04-14,32653000,3177,2,0,0,0,0,0,0,0,0,3179,5,0,0,0,0,0,0,0,0
244,2017-04-14,09:04:14,0,WH705,XZCE,3178,3178,3198,860,54811520,14872,14612,3329,3011,3170,3173,0,3190,0,0,0,2017-04-14,32654000,3177,3,0,0,0,0,0,0,0,0,3179,5,0,0,0,0,0,0,0,0
245,2017-04-14,09:04:14,0,WH705,XZCE,3180,3178,3198,872,55574720,14872,14612,3329,3011,3170,3173,0,3190,0,0,0,2017-04-14,32654000,3177,3,0,0,0,0,0,0,0,0,3181,3,0,0,0,0,0,0,0,0
246,2017-04-14,09:04:15,0,WH705,XZCE,3178,3178,3198,876,55828960,14872,14612,3329,3011,3170,3173,0,3190,0,0,0,2017-04-14,32655000,3177,3,0,0,0,0,0,0,0,0,3178,1,0,0,0,0,0,0,0,0
247,2017-04-14,09:04:17,0,WH705,XZCE,3178,3178,3198,878,55956080,14872,14612,3329,3011,3170,3173,0,3190,0,0,0,2017-04-14,32657000,3178,2,0,0,0,0,0,0,0,0,3181,3,0,0,0,0,0,0,0,0
248,2017-04-14,09:04:17,0,WH705,XZCE,3178,3178,3198,878,55956080,14872,14612,3329,3011,3170,3173,0,3190,0,0,0,2017-04-14,32657000,3178,3,0,0,0,0,0,0,0,0,3181,3,0,0,0,0,0,0,0,0
249,2017-04-14,09:04:18,0,WH705,XZCE,3178,3178,3198,880,56083200,14872,14612,3329,3011,3170,3173,0,3190,0,0,0,2017-04-14,32658000,3178,2,0,0,0,0,0,0,0,0,3180,1,0,0,0,0,0,0,0,0
250,2017-04-14,09:04:18,0,WH705,XZCE,3178,3178,3198,882,56210320,14874,14612,3329,3011,3170,3173,0,3190,0,0,0,2017-04-14,32658000,3178,1,0,0,0,0,0,0,0,0,3180,1,0,0,0,0,0,0,0,0
251,2017-04-14,09:04:20,0,WH705,XZCE,3178,3178,3198,882,56210320,14874,14612,3329,3011,3170,3173,0,3190,0,0,0,2017-04-14,32660000,3178,2,0,0,0,0,0,0,0,0,3180,1,0,0,0,0,0,0,0,0
252,2017-04-14,09:04:20,0,WH705,XZCE,3178,3178,3198,886,56464560,14874,14612,3329,3011,3170,3173,0,3190,0,0,0,2017-04-14,32660000,3177,2,0,0,0,0,0,0,0,0,3178,28,0,0,0,0,0,0,0,0
253,2017-04-14,09:04:21,0,WH705,XZCE,3177,3177,3198,888,56591640,14876,14612,3329,3011,3170,3173,0,3190,0,0,0,2017-04-14,32661000,3177,1,0,0,0,0,0,0,0,0,3178,28,0,0,0,0,0,0,0,0
254,2017-04-14,09:04:23,0,WH705,XZCE,3177,3177,3198,890,56718720,14878,14612,3329,3011,3170,3173,0,3190,0,0,0,2017-04-14,32663000,3176,6,0,0,0,0,0,0,0,0,3178,29,0,0,0,0,0,0,0,0
255,2017-04-14,09:04:25,0,WH705,XZCE,3177,3177,3198,890,56718720,14878,14612,3329,3011,3170,3173,0,3190,0,0,0,2017-04-14,32665000,3176,6,0,0,0,0,0,0,0,0,3178,30,0,0,0,0,0,0,0,0
256,2017-04-14,09:04:27,0,WH705,XZCE,3177,3177,3198,890,56718720,14878,14612,3329,3011,3170,3173,0,3190,0,0,0,2017-04-14,32667000,3176,6,0,0,0,0,0,0,0,0,3178,31,0,0,0,0,0,0,0,0
257,2017-04-14,09:04:29,0,WH705,XZCE,3176,3176,3198,898,57226880,14882,14612,3329,3011,3170,3173,0,3190,0,0,0,2017-04-14,32669000,3176,2,0,0,0,0,0,0,0,0,3178,31,0,0,0,0,0,0,0,0
258,2017-04-14,09:04:29,0,WH705,XZCE,3176,3176,3198,902,57480960,14882,14612,3329,3011,3170,3173,0,3190,0,0,0,2017-04-14,32669000,3175,4,0,0,0,0,0,0,0,0,3177,1,0,0,0,0,0,0,0,0
259,2017-04-14,09:04:30,0,WH705,XZCE,3176,3176,3198,902,57480960,14882,14612,3329,3011,3170,3173,0,3190,0,0,0,2017-04-14,32670000,3176,2,0,0,0,0,0,0,0,0,3177,1,0,0,0,0,0,0,0,0
260,2017-04-14,09:04:30,0,WH705,XZCE,3176,3176,3198,902,57480960,14882,14612,3329,3011,3170,3173,0,3190,0,0,0,2017-04-14,32670000,3175,4,0,0,0,0,0,0,0,0,3177,2,0,0,0,0,0,0,0,0
261,2017-04-14,09:04:31,0,WH705,XZCE,3176,3176,3198,902,57480960,14882,14612,3329,3011,3170,3173,0,3190,0,0,0,2017-04-14,32671000,3175,4,0,0,0,0,0,0,0,0,3177,3,0,0,0,0,0,0,0,0
262,2017-04-14,09:04:31,0,WH705,XZCE,3176,3176,3198,902,57480960,14882,14612,3329,3011,3170,3173,0,3190,0,0,0,2017-04-14,32671000,3175,4,0,0,0,0,0,0,0,0,3177,4,0,0,0,0,0,0,0,0
263,2017-04-14,09:04:34,0,WH705,XZCE,3176,3176,3198,902,57480960,14882,14612,3329,3011,3170,3173,0,3190,0,0,0,2017-04-14,32674000,3175,4,0,0,0,0,0,0,0,0,3176,1,0,0,0,0,0,0,0,0
264,2017-04-14,09:04:38,0,WH705,XZCE,3176,3176,3198,904,57608000,14882,14612,3329,3011,3170,3173,0,3190,0,0,0,2017-04-14,32678000,3175,4,0,0,0,0,0,0,0,0,3177,2,0,0,0,0,0,0,0,0
265,2017-04-14,09:04:39,0,WH705,XZCE,3176,3176,3198,904,57608000,14882,14612,3329,3011,3170,3173,0,3190,0,0,0,2017-04-14,32679000,3175,5,0,0,0,0,0,0,0,0,3177,2,0,0,0,0,0,0,0,0
266,2017-04-14,09:04:40,0,WH705,XZCE,3176,3176,3198,904,57608000,14882,14612,3329,3011,3170,3173,0,3190,0,0,0,2017-04-14,32680000,3175,5,0,0,0,0,0,0,0,0,3177,1,0,0,0,0,0,0,0,0
267,2017-04-14,09:04:41,0,WH705,XZCE,3177,3176,3198,906,57735080,14882,14612,3329,3011,3170,3173,0,3190,0,0,0,2017-04-14,32681000,3176,1,0,0,0,0,0,0,0,0,3178,30,0,0,0,0,0,0,0,0
268,2017-04-14,09:04:43,0,WH705,XZCE,3178,3176,3198,908,57862200,14882,14612,3329,3011,3170,3173,0,3190,0,0,0,2017-04-14,32683000,3176,1,0,0,0,0,0,0,0,0,3178,29,0,0,0,0,0,0,0,0
269,2017-04-14,09:04:44,0,WH705,XZCE,3176,3176,3198,910,57989240,14882,14612,3329,3011,3170,3173,0,3190,0,0,0,2017-04-14,32684000,3175,5,0,0,0,0,0,0,0,0,3177,1,0,0,0,0,0,0,0,0
270,2017-04-14,09:04:45,0,WH705,XZCE,3176,3176,3198,910,57989240,14882,14612,3329,3011,3170,3173,0,3190,0,0,0,2017-04-14,32685000,3175,5,0,0,0,0,0,0,0,0,3177,2,0,0,0,0,0,0,0,0
271,2017-04-14,09:04:47,0,WH705,XZCE,3175,3175,3198,912,58116240,14882,14612,3329,3011,3170,3173,0,3190,0,0,0,2017-04-14,32687000,3175,4,0,0,0,0,0,0,0,0,3177,2,0,0,0,0,0,0,0,0
272,2017-04-14,09:04:47,0,WH705,XZCE,3177,3175,3198,914,58243320,14882,14612,3329,3011,3170,3173,0,3190,0,0,0,2017-04-14,32687000,3176,1,0,0,0,0,0,0,0,0,3177,1,0,0,0,0,0,0,0,0
273,2017-04-14,09:04:48,0,WH705,XZCE,3177,3175,3198,916,58370400,14882,14612,3329,3011,3170,3173,0,3190,0,0,0,2017-04-14,32688000,3177,2,0,0,0,0,0,0,0,0,3178,29,0,0,0,0,0,0,0,0
274,2017-04-14,09:04:48,0,WH705,XZCE,3177,3175,3198,916,58370400,14882,14612,3329,3011,3170,3173,0,3190,0,0,0,2017-04-14,32688000,3177,2,0,0,0,0,0,0,0,0,3178,28,0,0,0,0,0,0,0,0
275,2017-04-14,09:04:49,0,WH705,XZCE,3177,3175,3198,918,58497480,14882,14612,3329,3011,3170,3173,0,3190,0,0,0,2017-04-14,32689000,3177,1,0,0,0,0,0,0,0,0,3178,28,0,0,0,0,0,0,0,0
276,2017-04-14,09:04:51,0,WH705,XZCE,3177,3175,3198,920,58624560,14882,14612,3329,3011,3170,3173,0,3190,0,0,0,2017-04-14,32691000,3176,2,0,0,0,0,0,0,0,0,3178,28,0,0,0,0,0,0,0,0
277,2017-04-14,09:04:52,0,WH705,XZCE,3177,3175,3198,920,58624560,14882,14612,3329,3011,3170,3173,0,3190,0,0,0,2017-04-14,32692000,3176,2,0,0,0,0,0,0,0,0,3177,3,0,0,0,0,0,0,0,0
278,2017-04-14,09:04:53,0,WH705,XZCE,3177,3175,3198,920,58624560,14882,14612,3329,3011,3170,3173,0,3190,0,0,0,2017-04-14,32693000,3176,2,0,0,0,0,0,0,0,0,3177,4,0,0,0,0,0,0,0,0
279,2017-04-14,09:04:54,0,WH705,XZCE,3177,3175,3198,920,58624560,14882,14612,3329,3011,3170,3173,0,3190,0,0,0,2017-04-14,32694000,3176,1,0,0,0,0,0,0,0,0,3177,4,0,0,0,0,0,0,0,0
280,2017-04-14,09:04:55,0,WH705,XZCE,3177,3175,3198,920,58624560,14882,14612,3329,3011,3170,3173,0,3190,0,0,0,2017-04-14,32695000,3176,1,0,0,0,0,0,0,0,0,3177,5,0,0,0,0,0,0,0,0
281,2017-04-14,09:04:56,0,WH705,XZCE,3176,3175,3198,922,58751600,14882,14612,3329,3011,3170,3173,0,3190,0,0,0,2017-04-14,32696000,3175,5,0,0,0,0,0,0,0,0,3176,3,0,0,0,0,0,0,0,0
282,2017-04-14,09:04:56,0,WH705,XZCE,3176,3175,3198,924,58878640,14882,14612,3329,3011,3170,3173,0,3190,0,0,0,2017-04-14,32696000,3175,5,0,0,0,0,0,0,0,0,3176,2,0,0,0,0,0,0,0,0
283,2017-04-14,09:04:57,0,WH705,XZCE,3176,3175,3198,924,58878640,14882,14612,3329,3011,3170,3173,0,3190,0,0,0,2017-04-14,32697000,3175,5,0,0,0,0,0,0,0,0,3176,3,0,0,0,0,0,0,0,0
284,2017-04-14,09:04:59,0,WH705,XZCE,3176,3175,3198,924,58878640,14882,14612,3329,3011,3170,3173,0,3190,0,0,0,2017-04-14,32699000,3175,5,0,0,0,0,0,0,0,0,3176,2,0,0,0,0,0,0,0,0
285,2017-04-14,09:05:00,0,WH705,XZCE,3176,3175,3198,928,59132720,14882,14612,3329,3011,3170,3173,0,3190,0,0,0,2017-04-14,32700000,3176,1,0,0,0,0,0,0,0,0,3177,1,0,0,0,0,0,0,0,0
286,2017-04-14,09:05:02,0,WH705,XZCE,3176,3175,3198,930,59259760,14882,14612,3329,3011,3170,3173,0,3190,0,0,0,2017-04-14,32702000,3175,5,0,0,0,0,0,0,0,0,3177,1,0,0,0,0,0,0,0,0
287,2017-04-14,09:05:03,0,WH705,XZCE,3176,3175,3198,930,59259760,14882,14612,3329,3011,3170,3173,0,3190,0,0,0,2017-04-14,32703000,3176,1,0,0,0,0,0,0,0,0,3177,2,0,0,0,0,0,0,0,0
288,2017-04-14,09:05:03,0,WH705,XZCE,3176,3175,3198,930,59259760,14882,14612,3329,3011,3170,3173,0,3190,0,0,0,2017-04-14,32703000,3176,2,0,0,0,0,0,0,0,0,3177,2,0,0,0,0,0,0,0,0
289,2017-04-14,09:05:04,0,WH705,XZCE,3176,3175,3198,930,59259760,14882,14612,3329,3011,3170,3173,0,3190,0,0,0,2017-04-14,32704000,3176,3,0,0,0,0,0,0,0,0,3177,4,0,0,0,0,0,0,0,0
290,2017-04-14,09:05:05,0,WH705,XZCE,3176,3175,3198,936,59640880,14882,14612,3329,3011,3170,3173,0,3190,0,0,0,2017-04-14,32705000,3175,5,0,0,0,0,0,0,0,0,3177,4,0,0,0,0,0,0,0,0
291,2017-04-14,09:05:05,0,WH705,XZCE,3176,3175,3198,936,59640880,14882,14612,3329,3011,3170,3173,0,3190,0,0,0,2017-04-14,32705000,3175,5,0,0,0,0,0,0,0,0,3177,6,0,0,0,0,0,0,0,0
292,2017-04-14,09:05:11,0,WH705,XZCE,3176,3175,3198,936,59640880,14882,14612,3329,3011,3170,3173,0,3190,0,0,0,2017-04-14,32711000,3176,1,0,0,0,0,0,0,0,0,3177,6,0,0,0,0,0,0,0,0
293,2017-04-14,09:05:11,0,WH705,XZCE,3176,3175,3198,936,59640880,14882,14612,3329,3011,3170,3173,0,3190,0,0,0,2017-04-14,32711000,3176,2,0,0,0,0,0,0,0,0,3177,6,0,0,0,0,0,0,0,0
294,2017-04-14,09:05:16,0,WH705,XZCE,3176,3175,3198,936,59640880,14882,14612,3329,3011,3170,3173,0,3190,0,0,0,2017-04-14,32716000,3176,3,0,0,0,0,0,0,0,0,3177,6,0,0,0,0,0,0,0,0
295,2017-04-14,09:05:20,0,WH705,XZCE,3177,3175,3198,938,59767960,14882,14612,3329,3011,3170,3173,0,3190,0,0,0,2017-04-14,32720000,3176,3,0,0,0,0,0,0,0,0,3177,5,0,0,0,0,0,0,0,0
296,2017-04-14,09:05:21,0,WH705,XZCE,3176,3175,3198,940,59895000,14882,14612,3329,3011,3170,3173,0,3190,0,0,0,2017-04-14,32721000,3176,2,0,0,0,0,0,0,0,0,3177,5,0,0,0,0,0,0,0,0
297,2017-04-14,09:05:22,0,WH705,XZCE,3177,3175,3198,942,60022080,14880,14612,3329,3011,3170,3173,0,3190,0,0,0,2017-04-14,32722000,3176,2,0,0,0,0,0,0,0,0,3177,4,0,0,0,0,0,0,0,0
298,2017-04-14,09:05:23,0,WH705,XZCE,3176,3175,3198,946,60276160,14882,14612,3329,3011,3170,3173,0,3190,0,0,0,2017-04-14,32723000,3175,3,0,0,0,0,0,0,0,0,3177,4,0,0,0,0,0,0,0,0
299,2017-04-14,09:05:34,0,WH705,XZCE,3177,3175,3198,954,60784480,14874,14612,3329,3011,3170,3173,0,3190,0,0,0,2017-04-14,32734000,3177,1,0,0,0,0,0,0,0,0,3178,29,0,0,0,0,0,0,0,0
300,2017-04-14,09:05:37,0,WH705,XZCE,3178,3175,3198,1008,64216720,14874,14612,3329,3011,3170,3173,0,3190,0,0,0,2017-04-14,32737000,3177,1,0,0,0,0,0,0,0,0,3178,2,0,0,0,0,0,0,0,0
301,2017-04-14,09:05:38,0,WH705,XZCE,3177,3175,3198,1010,64343800,14874,14612,3329,3011,3170,3173,0,3190,0,0,0,2017-04-14,32738000,3175,3,0,0,0,0,0,0,0,0,3178,2,0,0,0,0,0,0,0,0
302,2017-04-14,09:05:39,0,WH705,XZCE,3178,3175,3198,1014,64598040,14876,14612,3329,3011,3170,3173,0,3190,0,0,0,2017-04-14,32739000,3175,3,0,0,0,0,0,0,0,0,3179,2,0,0,0,0,0,0,0,0
303,2017-04-14,09:05:39,0,WH705,XZCE,3178,3175,3198,1022,65106520,14876,14612,3329,3011,3170,3173,0,3190,0,0,0,2017-04-14,32739000,3175,3,0,0,0,0,0,0,0,0,3180,2,0,0,0,0,0,0,0,0
304,2017-04-14,09:05:40,0,WH705,XZCE,3178,3175,3198,1022,65106520,14876,14612,3329,3011,3170,3173,0,3190,0,0,0,2017-04-14,32740000,3177,2,0,0,0,0,0,0,0,0,3180,2,0,0,0,0,0,0,0,0
305,2017-04-14,09:05:40,0,WH705,XZCE,3178,3175,3198,1022,65106520,14876,14612,3329,3011,3170,3173,0,3190,0,0,0,2017-04-14,32740000,3177,2,0,0,0,0,0,0,0,0,3180,1,0,0,0,0,0,0,0,0
306,2017-04-14,09:05:41,0,WH705,XZCE,3178,3175,3198,1022,65106520,14876,14612,3329,3011,3170,3173,0,3190,0,0,0,2017-04-14,32741000,3177,3,0,0,0,0,0,0,0,0,3180,1,0,0,0,0,0,0,0,0
307,2017-04-14,09:05:42,0,WH705,XZCE,3178,3175,3198,1022,65106520,14876,14612,3329,3011,3170,3173,0,3190,0,0,0,2017-04-14,32742000,3178,2,0,0,0,0,0,0,0,0,3180,1,0,0,0,0,0,0,0,0
308,2017-04-14,09:05:48,0,WH705,XZCE,3178,3175,3198,1026,65360760,14880,14612,3329,3011,3170,3173,0,3190,0,0,0,2017-04-14,32748000,3177,1,0,0,0,0,0,0,0,0,3178,1,0,0,0,0,0,0,0,0
309,2017-04-14,09:05:52,0,WH705,XZCE,3178,3175,3198,1028,65487880,14880,14612,3329,3011,3170,3173,0,3190,0,0,0,2017-04-14,32752000,3178,3,0,0,0,0,0,0,0,0,3180,4,0,0,0,0,0,0,0,0
310,2017-04-14,09:05:54,0,WH705,XZCE,3178,3175,3198,1028,65487880,14880,14612,3329,3011,3170,3173,0,3190,0,0,0,2017-04-14,32754000,3178,4,0,0,0,0,0,0,0,0,3180,4,0,0,0,0,0,0,0,0
311,2017-04-14,09:05:58,0,WH705,XZCE,3180,3175,3198,1030,65615080,14880,14612,3329,3011,3170,3173,0,3190,0,0,0,2017-04-14,32758000,3178,4,0,0,0,0,0,0,0,0,3180,3,0,0,0,0,0,0,0,0
312,2017-04-14,09:06:00,0,WH705,XZCE,3180,3175,3198,1030,65615080,14880,14612,3329,3011,3170,3173,0,3190,0,0,0,2017-04-14,32760000,3179,1,0,0,0,0,0,0,0,0,3180,3,0,0,0,0,0,0,0,0
313,2017-04-14,09:06:01,0,WH705,XZCE,3179,3175,3198,1032,65742240,14878,14612,3329,3011,3170,3173,0,3190,0,0,0,2017-04-14,32761000,3178,4,0,0,0,0,0,0,0,0,3180,3,0,0,0,0,0,0,0,0
314,2017-04-14,09:06:01,0,WH705,XZCE,3178,3175,3198,1034,65869360,14878,14612,3329,3011,3170,3173,0,3190,0,0,0,2017-04-14,32761000,3178,3,0,0,0,0,0,0,0,0,3180,3,0,0,0,0,0,0,0,0
315,2017-04-14,09:06:02,0,WH705,XZCE,3178,3175,3198,1034,65869360,14878,14612,3329,3011,3170,3173,0,3190,0,0,0,2017-04-14,32762000,3178,2,0,0,0,0,0,0,0,0,3180,3,0,0,0,0,0,0,0,0
316,2017-04-14,09:06:08,0,WH705,XZCE,3178,3175,3198,1034,65869360,14878,14612,3329,3011,3170,3173,0,3190,0,0,0,2017-04-14,32768000,3178,2,0,0,0,0,0,0,0,0,3179,1,0,0,0,0,0,0,0,0
317,2017-04-14,09:06:11,0,WH705,XZCE,3178,3175,3198,1036,65996480,14878,14612,3329,3011,3170,3173,0,3190,0,0,0,2017-04-14,32771000,3178,1,0,0,0,0,0,0,0,0,3179,1,0,0,0,0,0,0,0,0
318,2017-04-14,09:06:15,0,WH705,XZCE,3178,3175,3198,1036,65996480,14878,14612,3329,3011,3170,3173,0,3190,0,0,0,2017-04-14,32775000,3177,2,0,0,0,0,0,0,0,0,3179,1,0,0,0,0,0,0,0,0
319,2017-04-14,09:06:16,0,WH705,XZCE,3178,3175,3198,1036,65996480,14878,14612,3329,3011,3170,3173,0,3190,0,0,0,2017-04-14,32776000,3177,2,0,0,0,0,0,0,0,0,3179,2,0,0,0,0,0,0,0,0
320,2017-04-14,09:06:16,0,WH705,XZCE,3178,3175,3198,1036,65996480,14878,14612,3329,3011,3170,3173,0,3190,0,0,0,2017-04-14,32776000,3177,2,0,0,0,0,0,0,0,0,3178,3,0,0,0,0,0,0,0,0
321,2017-04-14,09:06:23,0,WH705,XZCE,3178,3175,3198,1036,65996480,14878,14612,3329,3011,3170,3173,0,3190,0,0,0,2017-04-14,32783000,3177,2,0,0,0,0,0,0,0,0,3179,2,0,0,0,0,0,0,0,0
322,2017-04-14,09:06:24,0,WH705,XZCE,3176,3175,3198,1042,66377600,14878,14612,3329,3011,3170,3173,0,3190,0,0,0,2017-04-14,32784000,3175,5,0,0,0,0,0,0,0,0,3179,3,0,0,0,0,0,0,0,0
323,2017-04-14,09:06:25,0,WH705,XZCE,3176,3175,3198,1042,66377600,14878,14612,3329,3011,3170,3173,0,3190,0,0,0,2017-04-14,32785000,3175,5,0,0,0,0,0,0,0,0,3177,1,0,0,0,0,0,0,0,0
324,2017-04-14,09:06:26,0,WH705,XZCE,3177,3175,3198,1044,66504680,14878,14612,3329,3011,3170,3173,0,3190,0,0,0,2017-04-14,32786000,3178,15,0,0,0,0,0,0,0,0,3179,2,0,0,0,0,0,0,0,0
325,2017-04-14,09:06:27,0,WH705,XZCE,3180,3175,3198,1052,67013480,14886,14612,3329,3011,3170,3173,0,3190,0,0,0,2017-04-14,32787000,3180,1,0,0,0,0,0,0,0,0,3181,4,0,0,0,0,0,0,0,0
326,2017-04-14,09:06:27,0,WH705,XZCE,3180,3175,3198,1054,67140680,14886,14612,3329,3011,3170,3173,0,3190,0,0,0,2017-04-14,32787000,3179,1,0,0,0,0,0,0,0,0,3181,4,0,0,0,0,0,0,0,0
327,2017-04-14,09:06:28,0,WH705,XZCE,3179,3175,3198,1056,67267840,14886,14612,3329,3011,3170,3173,0,3190,0,0,0,2017-04-14,32788000,3178,15,0,0,0,0,0,0,0,0,3181,4,0,0,0,0,0,0,0,0
328,2017-04-14,09:06:29,0,WH705,XZCE,3179,3175,3198,1056,67267840,14886,14612,3329,3011,3170,3173,0,3190,0,0,0,2017-04-14,32789000,3179,1,0,0,0,0,0,0,0,0,3181,4,0,0,0,0,0,0,0,0
329,2017-04-14,09:06:29,0,WH705,XZCE,3179,3175,3198,1056,67267840,14886,14612,3329,3011,3170,3173,0,3190,0,0,0,2017-04-14,32789000,3180,1,0,0,0,0,0,0,0,0,3181,4,0,0,0,0,0,0,0,0
330,2017-04-14,09:06:30,0,WH705,XZCE,3179,3175,3198,1056,67267840,14886,14612,3329,3011,3170,3173,0,3190,0,0,0,2017-04-14,32790000,3179,2,0,0,0,0,0,0,0,0,3180,1,0,0,0,0,0,0,0,0
331,2017-04-14,09:06:31,0,WH705,XZCE,3179,3175,3198,1058,67395000,14888,14612,3329,3011,3170,3173,0,3190,0,0,0,2017-04-14,32791000,3179,1,0,0,0,0,0,0,0,0,3180,1,0,0,0,0,0,0,0,0
332,2017-04-14,09:06:32,0,WH705,XZCE,3180,3175,3198,1060,67522200,14886,14612,3329,3011,3170,3173,0,3190,0,0,0,2017-04-14,32792000,3179,1,0,0,0,0,0,0,0,0,3181,5,0,0,0,0,0,0,0,0
333,2017-04-14,09:06:32,0,WH705,XZCE,3180,3175,3198,1060,67522200,14886,14612,3329,3011,3170,3173,0,3190,0,0,0,2017-04-14,32792000,3179,1,0,0,0,0,0,0,0,0,3181,6,0,0,0,0,0,0,0,0
334,2017-04-14,09:06:32,0,WH705,XZCE,3180,3175,3198,1060,67522200,14886,14612,3329,3011,3170,3173,0,3190,0,0,0,2017-04-14,32792000,3179,1,0,0,0,0,0,0,0,0,3180,1,0,0,0,0,0,0,0,0
335,2017-04-14,09:06:33,0,WH705,XZCE,3180,3175,3198,1060,67522200,14886,14612,3329,3011,3170,3173,0,3190,0,0,0,2017-04-14,32793000,3179,1,0,0,0,0,0,0,0,0,3180,2,0,0,0,0,0,0,0,0
336,2017-04-14,09:06:35,0,WH705,XZCE,3180,3175,3198,1060,67522200,14886,14612,3329,3011,3170,3173,0,3190,0,0,0,2017-04-14,32795000,3179,1,0,0,0,0,0,0,0,0,3180,4,0,0,0,0,0,0,0,0
337,2017-04-14,09:06:37,0,WH705,XZCE,3179,3175,3198,1062,67649360,14888,14612,3329,3011,3170,3173,0,3190,0,0,0,2017-04-14,32797000,3178,15,0,0,0,0,0,0,0,0,3180,4,0,0,0,0,0,0,0,0
338,2017-04-14,09:06:37,0,WH705,XZCE,3179,3175,3198,1062,67649360,14888,14612,3329,3011,3170,3173,0,3190,0,0,0,2017-04-14,32797000,3177,1,0,0,0,0,0,0,0,0,3180,4,0,0,0,0,0,0,0,0
339,2017-04-14,09:06:38,0,WH705,XZCE,3179,3175,3198,1062,67649360,14888,14612,3329,3011,3170,3173,0,3190,0,0,0,2017-04-14,32798000,3177,1,0,0,0,0,0,0,0,0,3179,2,0,0,0,0,0,0,0,0
340,2017-04-14,09:06:42,0,WH705,XZCE,3177,3175,3198,1064,67776440,14888,14612,3329,3011,3170,3173,0,3190,0,0,0,2017-04-14,32802000,3176,2,0,0,0,0,0,0,0,0,3179,3,0,0,0,0,0,0,0,0
341,2017-04-14,09:06:43,0,WH705,XZCE,3177,3175,3198,1064,67776440,14888,14612,3329,3011,3170,3173,0,3190,0,0,0,2017-04-14,32803000,3177,1,0,0,0,0,0,0,0,0,3179,3,0,0,0,0,0,0,0,0
342,2017-04-14,09:06:44,0,WH705,XZCE,3177,3175,3198,1064,67776440,14888,14612,3329,3011,3170,3173,0,3190,0,0,0,2017-04-14,32804000,3177,2,0,0,0,0,0,0,0,0,3179,3,0,0,0,0,0,0,0,0
343,2017-04-14,09:06:44,0,WH705,XZCE,3177,3175,3198,1068,68030600,14888,14612,3329,3011,3170,3173,0,3190,0,0,0,2017-04-14,32804000,3176,2,0,0,0,0,0,0,0,0,3179,3,0,0,0,0,0,0,0,0
344,2017-04-14,09:06:44,0,WH705,XZCE,3177,3175,3198,1068,68030600,14888,14612,3329,3011,3170,3173,0,3190,0,0,0,2017-04-14,32804000,3176,2,0,0,0,0,0,0,0,0,3178,1,0,0,0,0,0,0,0,0
345,2017-04-14,09:06:49,0,WH705,XZCE,3178,3175,3198,1070,68157720,14886,14612,3329,3011,3170,3173,0,3190,0,0,0,2017-04-14,32809000,3178,5,0,0,0,0,0,0,0,0,3179,2,0,0,0,0,0,0,0,0
346,2017-04-14,09:06:50,0,WH705,XZCE,3178,3175,3198,1070,68157720,14886,14612,3329,3011,3170,3173,0,3190,0,0,0,2017-04-14,32810000,3178,5,0,0,0,0,0,0,0,0,3179,1,0,0,0,0,0,0,0,0
347,2017-04-14,09:06:55,0,WH705,XZCE,3178,3175,3198,1070,68157720,14886,14612,3329,3011,3170,3173,0,3190,0,0,0,2017-04-14,32815000,3178,5,0,0,0,0,0,0,0,0,3179,2,0,0,0,0,0,0,0,0
348,2017-04-14,09:06:57,0,WH705,XZCE,3179,3175,3198,1074,68412040,14888,14612,3329,3011,3170,3173,0,3190,0,0,0,2017-04-14,32817000,3179,3,0,0,0,0,0,0,0,0,3180,6,0,0,0,0,0,0,0,0
349,2017-04-14,09:07:01,0,WH705,XZCE,3180,3175,3198,1084,69048040,14896,14612,3329,3011,3170,3173,0,3190,0,0,0,2017-04-14,32821000,3179,3,0,0,0,0,0,0,0,0,3180,1,0,0,0,0,0,0,0,0
350,2017-04-14,09:07:02,0,WH705,XZCE,3180,3175,3198,1086,69175240,14898,14612,3329,3011,3170,3173,0,3190,0,0,0,2017-04-14,32822000,3179,3,0,0,0,0,0,0,0,0,3181,3,0,0,0,0,0,0,0,0
351,2017-04-14,09:07:03,0,WH705,XZCE,3180,3175,3198,1086,69175240,14898,14612,3329,3011,3170,3173,0,3190,0,0,0,2017-04-14,32823000,3179,3,0,0,0,0,0,0,0,0,3180,1,0,0,0,0,0,0,0,0
352,2017-04-14,09:07:10,0,WH705,XZCE,3180,3175,3198,1086,69175240,14898,14612,3329,3011,3170,3173,0,3190,0,0,0,2017-04-14,32830000,3179,3,0,0,0,0,0,0,0,0,3180,2,0,0,0,0,0,0,0,0
353,2017-04-14,09:07:12,0,WH705,XZCE,3180,3175,3198,1090,69429640,14902,14612,3329,3011,3170,3173,0,3190,0,0,0,2017-04-14,32832000,3180,1,0,0,0,0,0,0,0,0,3181,3,0,0,0,0,0,0,0,0
354,2017-04-14,09:07:13,0,WH705,XZCE,3180,3175,3198,1092,69556840,14902,14612,3329,3011,3170,3173,0,3190,0,0,0,2017-04-14,32833000,3179,3,0,0,0,0,0,0,0,0,3180,1,0,0,0,0,0,0,0,0
355,2017-04-14,09:07:16,0,WH705,XZCE,3181,3175,3198,1098,69938560,14906,14612,3329,3011,3170,3173,0,3190,0,0,0,2017-04-14,32836000,3179,3,0,0,0,0,0,0,0,0,3181,1,0,0,0,0,0,0,0,0
356,2017-04-14,09:07:20,0,WH705,XZCE,3179,3175,3198,1104,70320040,14906,14612,3329,3011,3170,3173,0,3190,0,0,0,2017-04-14,32840000,3178,5,0,0,0,0,0,0,0,0,3179,16,0,0,0,0,0,0,0,0
357,2017-04-14,09:07:21,0,WH705,XZCE,3178,3175,3198,1108,70574280,14906,14612,3329,3011,3170,3173,0,3190,0,0,0,2017-04-14,32841000,3178,3,0,0,0,0,0,0,0,0,3179,16,0,0,0,0,0,0,0,0
358,2017-04-14,09:07:21,0,WH705,XZCE,3178,3175,3198,1114,70955640,14900,14612,3329,3011,3170,3173,0,3190,0,0,0,2017-04-14,32841000,3177,1,0,0,0,0,0,0,0,0,3178,1,0,0,0,0,0,0,0,0
359,2017-04-14,09:07:27,0,WH705,XZCE,3178,3175,3198,1116,71082760,14902,14612,3329,3011,3170,3173,0,3190,0,0,0,2017-04-14,32847000,3177,1,0,0,0,0,0,0,0,0,3179,16,0,0,0,0,0,0,0,0
360,2017-04-14,09:07:30,0,WH705,XZCE,3178,3175,3198,1116,71082760,14902,14612,3329,3011,3170,3173,0,3190,0,0,0,2017-04-14,32850000,3177,2,0,0,0,0,0,0,0,0,3179,16,0,0,0,0,0,0,0,0
361,2017-04-14,09:07:32,0,WH705,XZCE,3178,3175,3198,1116,71082760,14902,14612,3329,3011,3170,3173,0,3190,0,0,0,2017-04-14,32852000,3178,1,0,0,0,0,0,0,0,0,3179,16,0,0,0,0,0,0,0,0
362,2017-04-14,09:07:38,0,WH705,XZCE,3178,3175,3198,1116,71082760,14902,14612,3329,3011,3170,3173,0,3190,0,0,0,2017-04-14,32858000,3178,2,0,0,0,0,0,0,0,0,3179,16,0,0,0,0,0,0,0,0
363,2017-04-14,09:07:42,0,WH705,XZCE,3178,3175,3198,1116,71082760,14902,14612,3329,3011,3170,3173,0,3190,0,0,0,2017-04-14,32862000,3178,2,0,0,0,0,0,0,0,0,3180,3,0,0,0,0,0,0,0,0
364,2017-04-14,09:07:45,0,WH705,XZCE,3178,3175,3198,1116,71082760,14902,14612,3329,3011,3170,3173,0,3190,0,0,0,2017-04-14,32865000,3178,1,0,0,0,0,0,0,0,0,3180,3,0,0,0,0,0,0,0,0
365,2017-04-14,09:07:52,0,WH705,XZCE,3178,3175,3198,1118,71209880,14900,14612,3329,3011,3170,3173,0,3190,0,0,0,2017-04-14,32872000,3177,2,0,0,0,0,0,0,0,0,3178,15,0,0,0,0,0,0,0,0
366,2017-04-14,09:07:55,0,WH705,XZCE,3178,3175,3198,1118,71209880,14900,14612,3329,3011,3170,3173,0,3190,0,0,0,2017-04-14,32875000,3177,2,0,0,0,0,0,0,0,0,3178,85,0,0,0,0,0,0,0,0
367,2017-04-14,09:07:55,0,WH705,XZCE,3177,3175,3198,1120,71336960,14900,14612,3329,3011,3170,3173,0,3190,0,0,0,2017-04-14,32875000,3177,1,0,0,0,0,0,0,0,0,3178,85,0,0,0,0,0,0,0,0
368,2017-04-14,09:07:55,0,WH705,XZCE,3177,3175,3198,1120,71336960,14900,14612,3329,3011,3170,3173,0,3190,0,0,0,2017-04-14,32875000,3177,1,0,0,0,0,0,0,0,0,3178,15,0,0,0,0,0,0,0,0
369,2017-04-14,09:07:56,0,WH705,XZCE,3177,3175,3198,1122,71464040,14900,14612,3329,3011,3170,3173,0,3190,0,0,0,2017-04-14,32876000,3176,2,0,0,0,0,0,0,0,0,3180,4,0,0,0,0,0,0,0,0
370,2017-04-14,09:07:58,0,WH705,XZCE,3177,3175,3198,1122,71464040,14900,14612,3329,3011,3170,3173,0,3190,0,0,0,2017-04-14,32878000,3177,1,0,0,0,0,0,0,0,0,3180,4,0,0,0,0,0,0,0,0
371,2017-04-14,09:08:02,0,WH705,XZCE,3177,3175,3198,1122,71464040,14900,14612,3329,3011,3170,3173,0,3190,0,0,0,2017-04-14,32882000,3177,1,0,0,0,0,0,0,0,0,3180,5,0,0,0,0,0,0,0,0
372,2017-04-14,09:08:02,0,WH705,XZCE,3177,3175,3198,1124,71591120,14900,14612,3329,3011,3170,3173,0,3190,0,0,0,2017-04-14,32882000,3176,2,0,0,0,0,0,0,0,0,3180,5,0,0,0,0,0,0,0,0
373,2017-04-14,09:08:03,0,WH705,XZCE,3177,3175,3198,1124,71591120,14900,14612,3329,3011,3170,3173,0,3190,0,0,0,2017-04-14,32883000,3177,1,0,0,0,0,0,0,0,0,3180,5,0,0,0,0,0,0,0,0
374,2017-04-14,09:08:04,0,WH705,XZCE,3177,3175,3198,1124,71591120,14900,14612,3329,3011,3170,3173,0,3190,0,0,0,2017-04-14,32884000,3177,1,0,0,0,0,0,0,0,0,3179,1,0,0,0,0,0,0,0,0
375,2017-04-14,09:08:08,0,WH705,XZCE,3177,3175,3198,1124,71591120,14900,14612,3329,3011,3170,3173,0,3190,0,0,0,2017-04-14,32888000,3177,1,0,0,0,0,0,0,0,0,3178,1,0,0,0,0,0,0,0,0
376,2017-04-14,09:08:09,0,WH705,XZCE,3178,3175,3198,1126,71718240,14900,14612,3329,3011,3170,3173,0,3190,0,0,0,2017-04-14,32889000,3177,1,0,0,0,0,0,0,0,0,3179,1,0,0,0,0,0,0,0,0
377,2017-04-14,09:08:09,0,WH705,XZCE,3178,3175,3198,1126,71718240,14900,14612,3329,3011,3170,3173,0,3190,0,0,0,2017-04-14,32889000,3177,1,0,0,0,0,0,0,0,0,3179,2,0,0,0,0,0,0,0,0
378,2017-04-14,09:08:16,0,WH705,XZCE,3178,3175,3198,1126,71718240,14900,14612,3329,3011,3170,3173,0,3190,0,0,0,2017-04-14,32896000,3177,2,0,0,0,0,0,0,0,0,3179,2,0,0,0,0,0,0,0,0
379,2017-04-14,09:08:16,0,WH705,XZCE,3178,3175,3198,1126,71718240,14900,14612,3329,3011,3170,3173,0,3190,0,0,0,2017-04-14,32896000,3177,3,0,0,0,0,0,0,0,0,3179,2,0,0,0,0,0,0,0,0
380,2017-04-14,09:08:18,0,WH705,XZCE,3178,3175,3198,1126,71718240,14900,14612,3329,3011,3170,3173,0,3190,0,0,0,2017-04-14,32898000,3177,2,0,0,0,0,0,0,0,0,3179,2,0,0,0,0,0,0,0,0
381,2017-04-14,09:08:19,0,WH705,XZCE,3179,3175,3198,1130,71972560,14902,14612,3329,3011,3170,3173,0,3190,0,0,0,2017-04-14,32899000,3179,4,0,0,0,0,0,0,0,0,3180,4,0,0,0,0,0,0,0,0
382,2017-04-14,09:08:22,0,WH705,XZCE,3179,3175,3198,1130,71972560,14902,14612,3329,3011,3170,3173,0,3190,0,0,0,2017-04-14,32902000,3179,4,0,0,0,0,0,0,0,0,3180,24,0,0,0,0,0,0,0,0
383,2017-04-14,09:08:23,0,WH705,XZCE,3179,3175,3198,1132,72099720,14904,14612,3329,3011,3170,3173,0,3190,0,0,0,2017-04-14,32903000,3179,3,0,0,0,0,0,0,0,0,3180,24,0,0,0,0,0,0,0,0
384,2017-04-14,09:08:24,0,WH705,XZCE,3180,3175,3198,1144,72862920,14904,14612,3329,3011,3170,3173,0,3190,0,0,0,2017-04-14,32904000,3179,3,0,0,0,0,0,0,0,0,3181,4,0,0,0,0,0,0,0,0
385,2017-04-14,09:08:25,0,WH705,XZCE,3179,3175,3198,1146,72990080,14906,14612,3329,3011,3170,3173,0,3190,0,0,0,2017-04-14,32905000,3179,2,0,0,0,0,0,0,0,0,3181,4,0,0,0,0,0,0,0,0
386,2017-04-14,09:08:29,0,WH705,XZCE,3179,3175,3198,1146,72990080,14906,14612,3329,3011,3170,3173,0,3190,0,0,0,2017-04-14,32909000,3179,2,0,0,0,0,0,0,0,0,3180,1,0,0,0,0,0,0,0,0
387,2017-04-14,09:08:31,0,WH705,XZCE,3180,3175,3198,1148,73117280,14906,14612,3329,3011,3170,3173,0,3190,0,0,0,2017-04-14,32911000,3180,2,0,0,0,0,0,0,0,0,3181,4,0,0,0,0,0,0,0,0
388,2017-04-14,09:08:31,0,WH705,XZCE,3180,3175,3198,1148,73117280,14906,14612,3329,3011,3170,3173,0,3190,0,0,0,2017-04-14,32911000,3180,2,0,0,0,0,0,0,0,0,3181,2,0,0,0,0,0,0,0,0
389,2017-04-14,09:08:34,0,WH705,XZCE,3181,3175,3198,1150,73244520,14906,14612,3329,3011,3170,3173,0,3190,0,0,0,2017-04-14,32914000,3180,2,0,0,0,0,0,0,0,0,3181,1,0,0,0,0,0,0,0,0
390,2017-04-14,09:08:36,0,WH705,XZCE,3180,3175,3198,1152,73371720,14908,14612,3329,3011,3170,3173,0,3190,0,0,0,2017-04-14,32916000,3180,1,0,0,0,0,0,0,0,0,3181,1,0,0,0,0,0,0,0,0
391,2017-04-14,09:08:38,0,WH705,XZCE,3180,3175,3198,1154,73498920,14910,14612,3329,3011,3170,3173,0,3190,0,0,0,2017-04-14,32918000,3179,3,0,0,0,0,0,0,0,0,3181,2,0,0,0,0,0,0,0,0
392,2017-04-14,09:08:39,0,WH705,XZCE,3180,3175,3198,1154,73498920,14910,14612,3329,3011,3170,3173,0,3190,0,0,0,2017-04-14,32919000,3180,1,0,0,0,0,0,0,0,0,3181,2,0,0,0,0,0,0,0,0
393,2017-04-14,09:08:40,0,WH705,XZCE,3180,3175,3198,1156,73626120,14910,14612,3329,3011,3170,3173,0,3190,0,0,0,2017-04-14,32920000,3179,3,0,0,0,0,0,0,0,0,3181,2,0,0,0,0,0,0,0,0
394,2017-04-14,09:08:41,0,WH705,XZCE,3180,3175,3198,1156,73626120,14910,14612,3329,3011,3170,3173,0,3190,0,0,0,2017-04-14,32921000,3180,1,0,0,0,0,0,0,0,0,3181,2,0,0,0,0,0,0,0,0
395,2017-04-14,09:08:41,0,WH705,XZCE,3180,3175,3198,1156,73626120,14910,14612,3329,3011,3170,3173,0,3190,0,0,0,2017-04-14,32921000,3180,1,0,0,0,0,0,0,0,0,3181,3,0,0,0,0,0,0,0,0
396,2017-04-14,09:08:44,0,WH705,XZCE,3180,3175,3198,1156,73626120,14910,14612,3329,3011,3170,3173,0,3190,0,0,0,2017-04-14,32924000,3179,2,0,0,0,0,0,0,0,0,3180,1,0,0,0,0,0,0,0,0
397,2017-04-14,09:08:48,0,WH705,XZCE,3180,3175,3198,1158,73753320,14910,14612,3329,3011,3170,3173,0,3190,0,0,0,2017-04-14,32928000,3179,2,0,0,0,0,0,0,0,0,3181,13,0,0,0,0,0,0,0,0
398,2017-04-14,09:08:49,0,WH705,XZCE,3180,3175,3198,1158,73753320,14910,14612,3329,3011,3170,3173,0,3190,0,0,0,2017-04-14,32929000,3179,3,0,0,0,0,0,0,0,0,3181,3,0,0,0,0,0,0,0,0
399,2017-04-14,09:08:55,0,WH705,XZCE,3180,3175,3198,1158,73753320,14910,14612,3329,3011,3170,3173,0,3190,0,0,0,2017-04-14,32935000,3179,3,0,0,0,0,0,0,0,0,3181,4,0,0,0,0,0,0,0,0
400,2017-04-14,09:08:58,0,WH705,XZCE,3180,3175,3198,1158,73753320,14910,14612,3329,3011,3170,3173,0,3190,0,0,0,2017-04-14,32938000,3179,2,0,0,0,0,0,0,0,0,3180,1,0,0,0,0,0,0,0,0
401,2017-04-14,09:08:59,0,WH705,XZCE,3180,3175,3198,1160,73880520,14910,14612,3329,3011,3170,3173,0,3190,0,0,0,2017-04-14,32939000,3179,2,0,0,0,0,0,0,0,0,3181,4,0,0,0,0,0,0,0,0
402,2017-04-14,09:09:04,0,WH705,XZCE,3180,3175,3198,1160,73880520,14910,14612,3329,3011,3170,3173,0,3190,0,0,0,2017-04-14,32944000,3179,2,0,0,0,0,0,0,0,0,3181,3,0,0,0,0,0,0,0,0
403,2017-04-14,09:09:05,0,WH705,XZCE,3180,3175,3198,1160,73880520,14910,14612,3329,3011,3170,3173,0,3190,0,0,0,2017-04-14,32945000,3179,4,0,0,0,0,0,0,0,0,3181,3,0,0,0,0,0,0,0,0
404,2017-04-14,09:09:08,0,WH705,XZCE,3180,3175,3198,1160,73880520,14910,14612,3329,3011,3170,3173,0,3190,0,0,0,2017-04-14,32948000,3179,4,0,0,0,0,0,0,0,0,3181,10,0,0,0,0,0,0,0,0
405,2017-04-14,09:09:11,0,WH705,XZCE,3180,3175,3198,1160,73880520,14910,14612,3329,3011,3170,3173,0,3190,0,0,0,2017-04-14,32951000,3180,2,0,0,0,0,0,0,0,0,3181,10,0,0,0,0,0,0,0,0
406,2017-04-14,09:09:12,0,WH705,XZCE,3180,3175,3198,1160,73880520,14910,14612,3329,3011,3170,3173,0,3190,0,0,0,2017-04-14,32952000,3180,2,0,0,0,0,0,0,0,0,3181,3,0,0,0,0,0,0,0,0
407,2017-04-14,09:09:13,0,WH705,XZCE,3180,3175,3198,1160,73880520,14910,14612,3329,3011,3170,3173,0,3190,0,0,0,2017-04-14,32953000,3180,3,0,0,0,0,0,0,0,0,3181,4,0,0,0,0,0,0,0,0
408,2017-04-14,09:09:13,0,WH705,XZCE,3181,3175,3198,1162,74007760,14910,14612,3329,3011,3170,3173,0,3190,0,0,0,2017-04-14,32953000,3180,3,0,0,0,0,0,0,0,0,3181,3,0,0,0,0,0,0,0,0
409,2017-04-14,09:09:15,0,WH705,XZCE,3180,3175,3198,1164,74134960,14912,14612,3329,3011,3170,3173,0,3190,0,0,0,2017-04-14,32955000,3180,2,0,0,0,0,0,0,0,0,3181,3,0,0,0,0,0,0,0,0
410,2017-04-14,09:09:16,0,WH705,XZCE,3180,3175,3198,1166,74262160,14914,14612,3329,3011,3170,3173,0,3190,0,0,0,2017-04-14,32956000,3180,1,0,0,0,0,0,0,0,0,3181,3,0,0,0,0,0,0,0,0
411,2017-04-14,09:09:20,0,WH705,XZCE,3180,3175,3198,1166,74262160,14914,14612,3329,3011,3170,3173,0,3190,0,0,0,2017-04-14,32960000,3180,1,0,0,0,0,0,0,0,0,3181,4,0,0,0,0,0,0,0,0
412,2017-04-14,09:09:21,0,WH705,XZCE,3181,3175,3198,1168,74389400,14914,14612,3329,3011,3170,3173,0,3190,0,0,0,2017-04-14,32961000,3180,1,0,0,0,0,0,0,0,0,3181,3,0,0,0,0,0,0,0,0
413,2017-04-14,09:09:21,0,WH705,XZCE,3181,3175,3198,1174,74771120,14916,14612,3329,3011,3170,3173,0,3190,0,0,0,2017-04-14,32961000,3179,3,0,0,0,0,0,0,0,0,3181,1,0,0,0,0,0,0,0,0
414,2017-04-14,09:09:22,0,WH705,XZCE,3181,3175,3198,1174,74771120,14916,14612,3329,3011,3170,3173,0,3190,0,0,0,2017-04-14,32962000,3179,2,0,0,0,0,0,0,0,0,3180,1,0,0,0,0,0,0,0,0
415,2017-04-14,09:09:22,0,WH705,XZCE,3180,3175,3198,1176,74898320,14916,14612,3329,3011,3170,3173,0,3190,0,0,0,2017-04-14,32962000,3179,3,0,0,0,0,0,0,0,0,3181,2,0,0,0,0,0,0,0,0
416,2017-04-14,09:09:23,0,WH705,XZCE,3180,3175,3198,1176,74898320,14916,14612,3329,3011,3170,3173,0,3190,0,0,0,2017-04-14,32963000,3180,1,0,0,0,0,0,0,0,0,3181,2,0,0,0,0,0,0,0,0
417,2017-04-14,09:09:27,0,WH705,XZCE,3180,3175,3198,1176,74898320,14916,14612,3329,3011,3170,3173,0,3190,0,0,0,2017-04-14,32967000,3180,1,0,0,0,0,0,0,0,0,3181,3,0,0,0,0,0,0,0,0
418,2017-04-14,09:09:31,0,WH705,XZCE,3180,3175,3198,1176,74898320,14916,14612,3329,3011,3170,3173,0,3190,0,0,0,2017-04-14,32971000,3180,1,0,0,0,0,0,0,0,0,3181,4,0,0,0,0,0,0,0,0
419,2017-04-14,09:09:33,0,WH705,XZCE,3180,3175,3198,1178,75025520,14916,14612,3329,3011,3170,3173,0,3190,0,0,0,2017-04-14,32973000,3179,3,0,0,0,0,0,0,0,0,3181,4,0,0,0,0,0,0,0,0
420,2017-04-14,09:09:35,0,WH705,XZCE,3179,3175,3198,1180,75152680,14916,14612,3329,3011,3170,3173,0,3190,0,0,0,2017-04-14,32975000,3179,2,0,0,0,0,0,0,0,0,3181,4,0,0,0,0,0,0,0,0
421,2017-04-14,09:09:38,0,WH705,XZCE,3181,3175,3198,1188,75661640,14916,14612,3329,3011,3170,3173,0,3190,0,0,0,2017-04-14,32978000,3179,2,0,0,0,0,0,0,0,0,3182,3,0,0,0,0,0,0,0,0
422,2017-04-14,09:09:39,0,WH705,XZCE,3181,3175,3198,1188,75661640,14916,14612,3329,3011,3170,3173,0,3190,0,0,0,2017-04-14,32979000,3180,1,0,0,0,0,0,0,0,0,3182,3,0,0,0,0,0,0,0,0
423,2017-04-14,09:09:41,0,WH705,XZCE,3181,3175,3198,1188,75661640,14916,14612,3329,3011,3170,3173,0,3190,0,0,0,2017-04-14,32981000,3180,1,0,0,0,0,0,0,0,0,3181,1,0,0,0,0,0,0,0,0
424,2017-04-14,09:09:46,0,WH705,XZCE,3181,3175,3198,1188,75661640,14916,14612,3329,3011,3170,3173,0,3190,0,0,0,2017-04-14,32986000,3180,1,0,0,0,0,0,0,0,0,3181,2,0,0,0,0,0,0,0,0
425,2017-04-14,09:09:50,0,WH705,XZCE,3181,3175,3198,1188,75661640,14916,14612,3329,3011,3170,3173,0,3190,0,0,0,2017-04-14,32990000,3180,1,0,0,0,0,0,0,0,0,3181,3,0,0,0,0,0,0,0,0
426,2017-04-14,09:09:52,0,WH705,XZCE,3181,3175,3198,1188,75661640,14916,14612,3329,3011,3170,3173,0,3190,0,0,0,2017-04-14,32992000,3180,2,0,0,0,0,0,0,0,0,3181,3,0,0,0,0,0,0,0,0
427,2017-04-14,09:09:53,0,WH705,XZCE,3181,3175,3198,1188,75661640,14916,14612,3329,3011,3170,3173,0,3190,0,0,0,2017-04-14,32993000,3180,3,0,0,0,0,0,0,0,0,3181,3,0,0,0,0,0,0,0,0
428,2017-04-14,09:09:54,0,WH705,XZCE,3180,3175,3198,1192,75916040,14916,14612,3329,3011,3170,3173,0,3190,0,0,0,2017-04-14,32994000,3180,2,0,0,0,0,0,0,0,0,3181,2,0,0,0,0,0,0,0,0
429,2017-04-14,09:09:54,0,WH705,XZCE,3181,3175,3198,1194,76043280,14916,14612,3329,3011,3170,3173,0,3190,0,0,0,2017-04-14,32994000,3180,2,0,0,0,0,0,0,0,0,3181,1,0,0,0,0,0,0,0,0
430,2017-04-14,09:09:58,0,WH705,XZCE,3181,3175,3198,1196,76170520,14916,14612,3329,3011,3170,3173,0,3190,0,0,0,2017-04-14,32998000,3180,2,0,0,0,0,0,0,0,0,3182,3,0,0,0,0,0,0,0,0
431,2017-04-14,09:09:58,0,WH705,XZCE,3180,3175,3198,1198,76297720,14916,14612,3329,3011,3170,3173,0,3190,0,0,0,2017-04-14,32998000,3180,1,0,0,0,0,0,0,0,0,3182,3,0,0,0,0,0,0,0,0
432,2017-04-14,09:10:01,0,WH705,XZCE,3182,3175,3198,1200,76425000,14916,14612,3329,3011,3170,3173,0,3190,0,0,0,2017-04-14,33001000,3180,1,0,0,0,0,0,0,0,0,3182,2,0,0,0,0,0,0,0,0
433,2017-04-14,09:10:02,0,WH705,XZCE,3182,3175,3198,1200,76425000,14916,14612,3329,3011,3170,3173,0,3190,0,0,0,2017-04-14,33002000,3180,1,0,0,0,0,0,0,0,0,3182,4,0,0,0,0,0,0,0,0
434,2017-04-14,09:10:06,0,WH705,XZCE,3182,3175,3198,1200,76425000,14916,14612,3329,3011,3170,3173,0,3190,0,0,0,2017-04-14,33006000,3180,2,0,0,0,0,0,0,0,0,3182,4,0,0,0,0,0,0,0,0
435,2017-04-14,09:10:07,0,WH705,XZCE,3182,3175,3198,1200,76425000,14916,14612,3329,3011,3170,3173,0,3190,0,0,0,2017-04-14,33007000,3180,3,0,0,0,0,0,0,0,0,3182,4,0,0,0,0,0,0,0,0
436,2017-04-14,09:10:09,0,WH705,XZCE,3182,3175,3198,1200,76425000,14916,14612,3329,3011,3170,3173,0,3190,0,0,0,2017-04-14,33009000,3180,3,0,0,0,0,0,0,0,0,3182,5,0,0,0,0,0,0,0,0
437,2017-04-14,09:10:15,0,WH705,XZCE,3180,3175,3198,1202,76552200,14914,14612,3329,3011,3170,3173,0,3190,0,0,0,2017-04-14,33015000,3180,2,0,0,0,0,0,0,0,0,3182,5,0,0,0,0,0,0,0,0
438,2017-04-14,09:10:18,0,WH705,XZCE,3180,3175,3198,1202,76552200,14914,14612,3329,3011,3170,3173,0,3190,0,0,0,2017-04-14,33018000,3180,2,0,0,0,0,0,0,0,0,3181,1,0,0,0,0,0,0,0,0
439,2017-04-14,09:10:21,0,WH705,XZCE,3180,3175,3198,1202,76552200,14914,14612,3329,3011,3170,3173,0,3190,0,0,0,2017-04-14,33021000,3180,2,0,0,0,0,0,0,0,0,3181,3,0,0,0,0,0,0,0,0
440,2017-04-14,09:10:21,0,WH705,XZCE,3181,3175,3198,1206,76806680,14912,14612,3329,3011,3170,3173,0,3190,0,0,0,2017-04-14,33021000,3180,2,0,0,0,0,0,0,0,0,3181,2,0,0,0,0,0,0,0,0
441,2017-04-14,09:10:31,0,WH705,XZCE,3181,3175,3198,1206,76806680,14912,14612,3329,3011,3170,3173,0,3190,0,0,0,2017-04-14,33031000,3180,2,0,0,0,0,0,0,0,0,3181,4,0,0,0,0,0,0,0,0
442,2017-04-14,09:10:40,0,WH705,XZCE,3180,3175,3198,1208,76933880,14910,14612,3329,3011,3170,3173,0,3190,0,0,0,2017-04-14,33040000,3180,1,0,0,0,0,0,0,0,0,3181,4,0,0,0,0,0,0,0,0
443,2017-04-14,09:10:44,0,WH705,XZCE,3180,3175,3198,1208,76933880,14910,14612,3329,3011,3170,3173,0,3190,0,0,0,2017-04-14,33044000,3180,2,0,0,0,0,0,0,0,0,3181,4,0,0,0,0,0,0,0,0
444,2017-04-14,09:10:48,0,WH705,XZCE,3180,3175,3198,1210,77061080,14912,14612,3329,3011,3170,3173,0,3190,0,0,0,2017-04-14,33048000,3180,1,0,0,0,0,0,0,0,0,3181,4,0,0,0,0,0,0,0,0
445,2017-04-14,09:10:50,0,WH705,XZCE,3181,3175,3198,1212,77188320,14910,14612,3329,3011,3170,3173,0,3190,0,0,0,2017-04-14,33050000,3180,1,0,0,0,0,0,0,0,0,3181,3,0,0,0,0,0,0,0,0
446,2017-04-14,09:10:54,0,WH705,XZCE,3181,3175,3198,1218,77570040,14914,14612,3329,3011,3170,3173,0,3190,0,0,0,2017-04-14,33054000,3181,2,0,0,0,0,0,0,0,0,3182,3,0,0,0,0,0,0,0,0
447,2017-04-14,09:11:08,0,WH705,XZCE,3181,3175,3198,1222,77824520,14914,14612,3329,3011,3170,3173,0,3190,0,0,0,2017-04-14,33068000,3180,1,0,0,0,0,0,0,0,0,3181,4,0,0,0,0,0,0,0,0
448,2017-04-14,09:11:11,0,WH705,XZCE,3180,3175,3198,1224,77951720,14912,14612,3329,3011,3170,3173,0,3190,0,0,0,2017-04-14,33071000,3179,1,0,0,0,0,0,0,0,0,3180,14,0,0,0,0,0,0,0,0
449,2017-04-14,09:11:12,0,WH705,XZCE,3179,3175,3198,1226,78078880,14914,14612,3329,3011,3170,3173,0,3190,0,0,0,2017-04-14,33072000,3178,1,0,0,0,0,0,0,0,0,3180,14,0,0,0,0,0,0,0,0
450,2017-04-14,09:11:13,0,WH705,XZCE,3179,3175,3198,1226,78078880,14914,14612,3329,3011,3170,3173,0,3190,0,0,0,2017-04-14,33073000,3178,1,0,0,0,0,0,0,0,0,3179,1,0,0,0,0,0,0,0,0
451,2017-04-14,09:11:14,0,WH705,XZCE,3179,3175,3198,1226,78078880,14914,14612,3329,3011,3170,3173,0,3190,0,0,0,2017-04-14,33074000,3178,1,0,0,0,0,0,0,0,0,3180,14,0,0,0,0,0,0,0,0
452,2017-04-14,09:11:15,0,WH705,XZCE,3179,3175,3198,1226,78078880,14914,14612,3329,3011,3170,3173,0,3190,0,0,0,2017-04-14,33075000,3178,2,0,0,0,0,0,0,0,0,3181,4,0,0,0,0,0,0,0,0
453,2017-04-14,09:11:16,0,WH705,XZCE,3178,3175,3198,1228,78206000,14916,14612,3329,3011,3170,3173,0,3190,0,0,0,2017-04-14,33076000,3177,2,0,0,0,0,0,0,0,0,3179,1,0,0,0,0,0,0,0,0
454,2017-04-14,09:11:17,0,WH705,XZCE,3178,3175,3198,1228,78206000,14916,14612,3329,3011,3170,3173,0,3190,0,0,0,2017-04-14,33077000,3177,2,0,0,0,0,0,0,0,0,3178,2,0,0,0,0,0,0,0,0
455,2017-04-14,09:11:17,0,WH705,XZCE,3177,3175,3198,1230,78333080,14916,14612,3329,3011,3170,3173,0,3190,0,0,0,2017-04-14,33077000,3177,1,0,0,0,0,0,0,0,0,3178,4,0,0,0,0,0,0,0,0
456,2017-04-14,09:11:18,0,WH705,XZCE,3177,3175,3198,1232,78460160,14916,14612,3329,3011,3170,3173,0,3190,0,0,0,2017-04-14,33078000,3176,4,0,0,0,0,0,0,0,0,3178,4,0,0,0,0,0,0,0,0
457,2017-04-14,09:11:18,0,WH705,XZCE,3178,3175,3198,1234,78587280,14918,14612,3329,3011,3170,3173,0,3190,0,0,0,2017-04-14,33078000,3176,4,0,0,0,0,0,0,0,0,3178,3,0,0,0,0,0,0,0,0
458,2017-04-14,09:11:19,0,WH705,XZCE,3178,3175,3198,1234,78587280,14918,14612,3329,3011,3170,3173,0,3190,0,0,0,2017-04-14,33079000,3176,4,0,0,0,0,0,0,0,0,3178,2,0,0,0,0,0,0,0,0
459,2017-04-14,09:11:20,0,WH705,XZCE,3178,3175,3198,1234,78587280,14918,14612,3329,3011,3170,3173,0,3190,0,0,0,2017-04-14,33080000,3176,4,0,0,0,0,0,0,0,0,3178,9,0,0,0,0,0,0,0,0
460,2017-04-14,09:11:21,0,WH705,XZCE,3178,3175,3198,1234,78587280,14918,14612,3329,3011,3170,3173,0,3190,0,0,0,2017-04-14,33081000,3176,4,0,0,0,0,0,0,0,0,3178,2,0,0,0,0,0,0,0,0
461,2017-04-14,09:11:23,0,WH705,XZCE,3176,3175,3198,1242,79095440,14912,14612,3329,3011,3170,3173,0,3190,0,0,0,2017-04-14,33083000,3175,4,0,0,0,0,0,0,0,0,3176,10,0,0,0,0,0,0,0,0
462,2017-04-14,09:11:24,0,WH705,XZCE,3175,3175,3198,1244,79222440,14914,14612,3329,3011,3170,3173,0,3190,0,0,0,2017-04-14,33084000,3175,3,0,0,0,0,0,0,0,0,3176,10,0,0,0,0,0,0,0,0
463,2017-04-14,09:11:25,0,WH705,XZCE,3175,3175,3198,1244,79222440,14914,14612,3329,3011,3170,3173,0,3190,0,0,0,2017-04-14,33085000,3175,3,0,0,0,0,0,0,0,0,3176,30,0,0,0,0,0,0,0,0
464,2017-04-14,09:11:25,0,WH705,XZCE,3175,3175,3198,1246,79349440,14916,14612,3329,3011,3170,3173,0,3190,0,0,0,2017-04-14,33085000,3175,2,0,0,0,0,0,0,0,0,3176,10,0,0,0,0,0,0,0,0
465,2017-04-14,09:11:26,0,WH705,XZCE,3175,3175,3198,1250,79603440,14916,14612,3329,3011,3170,3173,0,3190,0,0,0,2017-04-14,33086000,3174,2,0,0,0,0,0,0,0,0,3176,10,0,0,0,0,0,0,0,0
466,2017-04-14,09:11:27,0,WH705,XZCE,3175,3175,3198,1250,79603440,14916,14612,3329,3011,3170,3173,0,3190,0,0,0,2017-04-14,33087000,3175,3,0,0,0,0,0,0,0,0,3176,10,0,0,0,0,0,0,0,0
467,2017-04-14,09:11:28,0,WH705,XZCE,3176,3175,3198,1270,80873840,14896,14612,3329,3011,3170,3173,0,3190,0,0,0,2017-04-14,33088000,3175,3,0,0,0,0,0,0,0,0,3178,2,0,0,0,0,0,0,0,0
468,2017-04-14,09:11:29,0,WH705,XZCE,3176,3175,3198,1274,81127920,14898,14612,3329,3011,3170,3173,0,3190,0,0,0,2017-04-14,33089000,3175,3,0,0,0,0,0,0,0,0,3181,5,0,0,0,0,0,0,0,0
469,2017-04-14,09:11:31,0,WH705,XZCE,3176,3175,3198,1274,81127920,14898,14612,3329,3011,3170,3173,0,3190,0,0,0,2017-04-14,33091000,3175,5,0,0,0,0,0,0,0,0,3181,5,0,0,0,0,0,0,0,0
470,2017-04-14,09:11:31,0,WH705,XZCE,3176,3175,3198,1274,81127920,14898,14612,3329,3011,3170,3173,0,3190,0,0,0,2017-04-14,33091000,3176,1,0,0,0,0,0,0,0,0,3181,5,0,0,0,0,0,0,0,0
471,2017-04-14,09:11:32,0,WH705,XZCE,3176,3175,3198,1274,81127920,14898,14612,3329,3011,3170,3173,0,3190,0,0,0,2017-04-14,33092000,3176,2,0,0,0,0,0,0,0,0,3179,2,0,0,0,0,0,0,0,0
472,2017-04-14,09:11:34,0,WH705,XZCE,3176,3175,3198,1278,81382000,14900,14612,3329,3011,3170,3173,0,3190,0,0,0,2017-04-14,33094000,3175,5,0,0,0,0,0,0,0,0,3179,2,0,0,0,0,0,0,0,0
473,2017-04-14,09:11:34,0,WH705,XZCE,3176,3175,3198,1280,81509040,14902,14612,3329,3011,3170,3173,0,3190,0,0,0,2017-04-14,33094000,3175,6,0,0,0,0,0,0,0,0,3176,3,0,0,0,0,0,0,0,0
474,2017-04-14,09:11:35,0,WH705,XZCE,3176,3175,3198,1280,81509040,14902,14612,3329,3011,3170,3173,0,3190,0,0,0,2017-04-14,33095000,3175,6,0,0,0,0,0,0,0,0,3176,36,0,0,0,0,0,0,0,0
475,2017-04-14,09:11:38,0,WH705,XZCE,3176,3175,3198,1280,81509040,14902,14612,3329,3011,3170,3173,0,3190,0,0,0,2017-04-14,33098000,3175,6,0,0,0,0,0,0,0,0,3176,3,0,0,0,0,0,0,0,0
476,2017-04-14,09:11:40,0,WH705,XZCE,3176,3175,3198,1280,81509040,14902,14612,3329,3011,3170,3173,0,3190,0,0,0,2017-04-14,33100000,3175,3,0,0,0,0,0,0,0,0,3176,3,0,0,0,0,0,0,0,0
477,2017-04-14,09:11:42,0,WH705,XZCE,3176,3175,3198,1286,81890160,14902,14612,3329,3011,3170,3173,0,3190,0,0,0,2017-04-14,33102000,3175,3,0,0,0,0,0,0,0,0,3179,2,0,0,0,0,0,0,0,0
478,2017-04-14,09:11:42,0,WH705,XZCE,3176,3175,3198,1286,81890160,14902,14612,3329,3011,3170,3173,0,3190,0,0,0,2017-04-14,33102000,3175,3,0,0,0,0,0,0,0,0,3179,3,0,0,0,0,0,0,0,0
479,2017-04-14,09:11:44,0,WH705,XZCE,3176,3175,3198,1286,81890160,14902,14612,3329,3011,3170,3173,0,3190,0,0,0,2017-04-14,33104000,3176,1,0,0,0,0,0,0,0,0,3178,1,0,0,0,0,0,0,0,0
480,2017-04-14,09:11:44,0,WH705,XZCE,3176,3175,3198,1286,81890160,14902,14612,3329,3011,3170,3173,0,3190,0,0,0,2017-04-14,33104000,3176,1,0,0,0,0,0,0,0,0,3178,2,0,0,0,0,0,0,0,0
481,2017-04-14,09:11:51,0,WH705,XZCE,3176,3175,3198,1286,81890160,14902,14612,3329,3011,3170,3173,0,3190,0,0,0,2017-04-14,33111000,3176,1,0,0,0,0,0,0,0,0,3177,2,0,0,0,0,0,0,0,0
482,2017-04-14,09:11:51,0,WH705,XZCE,3176,3175,3198,1288,82017200,14902,14612,3329,3011,3170,3173,0,3190,0,0,0,2017-04-14,33111000,3175,3,0,0,0,0,0,0,0,0,3177,2,0,0,0,0,0,0,0,0
483,2017-04-14,09:11:54,0,WH705,XZCE,3176,3175,3198,1288,82017200,14902,14612,3329,3011,3170,3173,0,3190,0,0,0,2017-04-14,33114000,3175,3,0,0,0,0,0,0,0,0,3177,1,0,0,0,0,0,0,0,0
484,2017-04-14,09:11:56,0,WH705,XZCE,3176,3175,3198,1288,82017200,14902,14612,3329,3011,3170,3173,0,3190,0,0,0,2017-04-14,33116000,3175,3,0,0,0,0,0,0,0,0,3177,2,0,0,0,0,0,0,0,0
485,2017-04-14,09:12:01,0,WH705,XZCE,3176,3175,3198,1288,82017200,14902,14612,3329,3011,3170,3173,0,3190,0,0,0,2017-04-14,33121000,3176,1,0,0,0,0,0,0,0,0,3177,2,0,0,0,0,0,0,0,0
486,2017-04-14,09:12:02,0,WH705,XZCE,3176,3175,3198,1290,82144240,14900,14612,3329,3011,3170,3173,0,3190,0,0,0,2017-04-14,33122000,3175,3,0,0,0,0,0,0,0,0,3177,2,0,0,0,0,0,0,0,0
487,2017-04-14,09:12:07,0,WH705,XZCE,3176,3175,3198,1290,82144240,14900,14612,3329,3011,3170,3173,0,3190,0,0,0,2017-04-14,33127000,3176,1,0,0,0,0,0,0,0,0,3177,2,0,0,0,0,0,0,0,0
488,2017-04-14,09:12:09,0,WH705,XZCE,3177,3175,3198,1292,82271320,14898,14612,3329,3011,3170,3173,0,3190,0,0,0,2017-04-14,33129000,3176,1,0,0,0,0,0,0,0,0,3177,1,0,0,0,0,0,0,0,0
489,2017-04-14,09:12:09,0,WH705,XZCE,3177,3175,3198,1292,82271320,14898,14612,3329,3011,3170,3173,0,3190,0,0,0,2017-04-14,33129000,3176,2,0,0,0,0,0,0,0,0,3177,1,0,0,0,0,0,0,0,0
490,2017-04-14,09:12:11,0,WH705,XZCE,3177,3175,3198,1294,82398400,14900,14612,3329,3011,3170,3173,0,3190,0,0,0,2017-04-14,33131000,3176,2,0,0,0,0,0,0,0,0,3178,2,0,0,0,0,0,0,0,0
491,2017-04-14,09:12:21,0,WH705,XZCE,3178,3175,3198,1298,82652640,14900,14612,3329,3011,3170,3173,0,3190,0,0,0,2017-04-14,33141000,3178,3,0,0,0,0,0,0,0,0,3179,2,0,0,0,0,0,0,0,0
492,2017-04-14,09:12:25,0,WH705,XZCE,3179,3175,3198,1302,82906960,14900,14612,3329,3011,3170,3173,0,3190,0,0,0,2017-04-14,33145000,3178,3,0,0,0,0,0,0,0,0,3180,6,0,0,0,0,0,0,0,0
493,2017-04-14,09:12:26,0,WH705,XZCE,3179,3175,3198,1302,82906960,14900,14612,3329,3011,3170,3173,0,3190,0,0,0,2017-04-14,33146000,3179,6,0,0,0,0,0,0,0,0,3180,6,0,0,0,0,0,0,0,0
494,2017-04-14,09:12:28,0,WH705,XZCE,3180,3175,3198,1304,83034160,14902,14612,3329,3011,3170,3173,0,3190,0,0,0,2017-04-14,33148000,3179,6,0,0,0,0,0,0,0,0,3180,6,0,0,0,0,0,0,0,0
495,2017-04-14,09:12:29,0,WH705,XZCE,3180,3175,3198,1306,83161360,14904,14612,3329,3011,3170,3173,0,3190,0,0,0,2017-04-14,33149000,3179,6,0,0,0,0,0,0,0,0,3180,5,0,0,0,0,0,0,0,0
496,2017-04-14,09:12:30,0,WH705,XZCE,3180,3175,3198,1306,83161360,14904,14612,3329,3011,3170,3173,0,3190,0,0,0,2017-04-14,33150000,3179,28,0,0,0,0,0,0,0,0,3180,5,0,0,0,0,0,0,0,0
497,2017-04-14,09:12:32,0,WH705,XZCE,3180,3175,3198,1306,83161360,14904,14612,3329,3011,3170,3173,0,3190,0,0,0,2017-04-14,33152000,3179,6,0,0,0,0,0,0,0,0,3180,5,0,0,0,0,0,0,0,0
498,2017-04-14,09:12:34,0,WH705,XZCE,3180,3175,3198,1308,83288560,14904,14612,3329,3011,3170,3173,0,3190,0,0,0,2017-04-14,33154000,3179,6,0,0,0,0,0,0,0,0,3180,4,0,0,0,0,0,0,0,0
499,2017-04-14,09:12:37,0,WH705,XZCE,3180,3175,3198,1308,83288560,14904,14612,3329,3011,3170,3173,0,3190,0,0,0,2017-04-14,33157000,3179,6,0,0,0,0,0,0,0,0,3180,5,0,0,0,0,0,0,0,0
500,2017-04-14,09:12:38,0,WH705,XZCE,3179,3175,3198,1310,83415720,14902,14612,3329,3011,3170,3173,0,3190,0,0,0,2017-04-14,33158000,3179,5,0,0,0,0,0,0,0,0,3180,5,0,0,0,0,0,0,0,0
501,2017-04-14,09:12:42,0,WH705,XZCE,3179,3175,3198,1310,83415720,14902,14612,3329,3011,3170,3173,0,3190,0,0,0,2017-04-14,33162000,3179,5,0,0,0,0,0,0,0,0,3180,6,0,0,0,0,0,0,0,0
502,2017-04-14,09:13:04,0,WH705,XZCE,3179,3175,3198,1316,83797200,14902,14612,3329,3011,3170,3173,0,3190,0,0,0,2017-04-14,33184000,3179,2,0,0,0,0,0,0,0,0,3180,6,0,0,0,0,0,0,0,0
503,2017-04-14,09:13:05,0,WH705,XZCE,3179,3175,3198,1320,84051520,14898,14612,3329,3011,3170,3173,0,3190,0,0,0,2017-04-14,33185000,3178,3,0,0,0,0,0,0,0,0,3180,6,0,0,0,0,0,0,0,0
504,2017-04-14,09:13:21,0,WH705,XZCE,3180,3175,3198,1324,84305920,14896,14612,3329,3011,3170,3173,0,3190,0,0,0,2017-04-14,33201000,3178,3,0,0,0,0,0,0,0,0,3180,4,0,0,0,0,0,0,0,0
505,2017-04-14,09:13:29,0,WH705,XZCE,3178,3175,3198,1328,84560160,14900,14612,3329,3011,3170,3173,0,3190,0,0,0,2017-04-14,33209000,3178,1,0,0,0,0,0,0,0,0,3180,4,0,0,0,0,0,0,0,0
506,2017-04-14,09:13:29,0,WH705,XZCE,3177,3175,3198,1334,84941400,14896,14612,3329,3011,3170,3173,0,3190,0,0,0,2017-04-14,33209000,3176,2,0,0,0,0,0,0,0,0,3180,4,0,0,0,0,0,0,0,0
507,2017-04-14,09:13:30,0,WH705,XZCE,3177,3175,3198,1334,84941400,14896,14612,3329,3011,3170,3173,0,3190,0,0,0,2017-04-14,33210000,3176,2,0,0,0,0,0,0,0,0,3179,1,0,0,0,0,0,0,0,0
508,2017-04-14,09:13:31,0,WH705,XZCE,3176,3175,3198,1338,85195480,14896,14612,3329,3011,3170,3173,0,3190,0,0,0,2017-04-14,33211000,3175,6,0,0,0,0,0,0,0,0,3179,2,0,0,0,0,0,0,0,0
509,2017-04-14,09:13:33,0,WH705,XZCE,3176,3175,3198,1338,85195480,14896,14612,3329,3011,3170,3173,0,3190,0,0,0,2017-04-14,33213000,3175,7,0,0,0,0,0,0,0,0,3179,2,0,0,0,0,0,0,0,0
510,2017-04-14,09:13:34,0,WH705,XZCE,3176,3175,3198,1338,85195480,14896,14612,3329,3011,3170,3173,0,3190,0,0,0,2017-04-14,33214000,3176,1,0,0,0,0,0,0,0,0,3179,2,0,0,0,0,0,0,0,0
511,2017-04-14,09:13:34,0,WH705,XZCE,3176,3175,3198,1338,85195480,14896,14612,3329,3011,3170,3173,0,3190,0,0,0,2017-04-14,33214000,3176,3,0,0,0,0,0,0,0,0,3179,2,0,0,0,0,0,0,0,0
512,2017-04-14,09:13:38,0,WH705,XZCE,3176,3175,3198,1338,85195480,14896,14612,3329,3011,3170,3173,0,3190,0,0,0,2017-04-14,33218000,3176,2,0,0,0,0,0,0,0,0,3179,2,0,0,0,0,0,0,0,0
513,2017-04-14,09:13:42,0,WH705,XZCE,3176,3175,3198,1338,85195480,14896,14612,3329,3011,3170,3173,0,3190,0,0,0,2017-04-14,33222000,3176,2,0,0,0,0,0,0,0,0,3178,2,0,0,0,0,0,0,0,0
514,2017-04-14,09:13:43,0,WH705,XZCE,3176,3175,3198,1340,85322520,14896,14612,3329,3011,3170,3173,0,3190,0,0,0,2017-04-14,33223000,3176,1,0,0,0,0,0,0,0,0,3178,1,0,0,0,0,0,0,0,0
515,2017-04-14,09:13:43,0,WH705,XZCE,3176,3175,3198,1340,85322520,14896,14612,3329,3011,3170,3173,0,3190,0,0,0,2017-04-14,33223000,3176,1,0,0,0,0,0,0,0,0,3178,2,0,0,0,0,0,0,0,0
516,2017-04-14,09:13:44,0,WH705,XZCE,3176,3175,3198,1340,85322520,14896,14612,3329,3011,3170,3173,0,3190,0,0,0,2017-04-14,33224000,3176,3,0,0,0,0,0,0,0,0,3178,2,0,0,0,0,0,0,0,0
517,2017-04-14,09:13:53,0,WH705,XZCE,3176,3175,3198,1340,85322520,14896,14612,3329,3011,3170,3173,0,3190,0,0,0,2017-04-14,33233000,3176,3,0,0,0,0,0,0,0,0,3178,1,0,0,0,0,0,0,0,0
518,2017-04-14,09:13:53,0,WH705,XZCE,3176,3175,3198,1340,85322520,14896,14612,3329,3011,3170,3173,0,3190,0,0,0,2017-04-14,33233000,3176,4,0,0,0,0,0,0,0,0,3178,1,0,0,0,0,0,0,0,0
519,2017-04-14,09:13:56,0,WH705,XZCE,3176,3175,3198,1348,85830680,14898,14612,3329,3011,3170,3173,0,3190,0,0,0,2017-04-14,33236000,3175,5,0,0,0,0,0,0,0,0,3176,1,0,0,0,0,0,0,0,0
520,2017-04-14,09:13:58,0,WH705,XZCE,3175,3175,3198,1350,85957680,14898,14612,3329,3011,3170,3173,0,3190,0,0,0,2017-04-14,33238000,3175,4,0,0,0,0,0,0,0,0,3176,1,0,0,0,0,0,0,0,0
521,2017-04-14,09:13:59,0,WH705,XZCE,3175,3175,3198,1352,86084680,14898,14612,3329,3011,3170,3173,0,3190,0,0,0,2017-04-14,33239000,3175,3,0,0,0,0,0,0,0,0,3176,1,0,0,0,0,0,0,0,0
522,2017-04-14,09:14:01,0,WH705,XZCE,3176,3175,3198,1354,86211720,14900,14612,3329,3011,3170,3173,0,3190,0,0,0,2017-04-14,33241000,3175,3,0,0,0,0,0,0,0,0,3179,1,0,0,0,0,0,0,0,0
523,2017-04-14,09:14:02,0,WH705,XZCE,3176,3175,3198,1354,86211720,14900,14612,3329,3011,3170,3173,0,3190,0,0,0,2017-04-14,33242000,3175,3,0,0,0,0,0,0,0,0,3178,3,0,0,0,0,0,0,0,0
524,2017-04-14,09:14:04,0,WH705,XZCE,3176,3175,3198,1354,86211720,14900,14612,3329,3011,3170,3173,0,3190,0,0,0,2017-04-14,33244000,3175,3,0,0,0,0,0,0,0,0,3176,2,0,0,0,0,0,0,0,0
525,2017-04-14,09:14:05,0,WH705,XZCE,3176,3175,3198,1354,86211720,14900,14612,3329,3011,3170,3173,0,3190,0,0,0,2017-04-14,33245000,3175,5,0,0,0,0,0,0,0,0,3176,2,0,0,0,0,0,0,0,0
526,2017-04-14,09:14:06,0,WH705,XZCE,3176,3175,3198,1358,86465800,14900,14612,3329,3011,3170,3173,0,3190,0,0,0,2017-04-14,33246000,3177,1,0,0,0,0,0,0,0,0,3178,3,0,0,0,0,0,0,0,0
527,2017-04-14,09:14:07,0,WH705,XZCE,3176,3175,3198,1360,86592840,14900,14612,3329,3011,3170,3173,0,3190,0,0,0,2017-04-14,33247000,3175,5,0,0,0,0,0,0,0,0,3178,2,0,0,0,0,0,0,0,0
528,2017-04-14,09:14:08,0,WH705,XZCE,3175,3175,3198,1362,86719840,14900,14612,3329,3011,3170,3173,0,3190,0,0,0,2017-04-14,33248000,3175,4,0,0,0,0,0,0,0,0,3178,2,0,0,0,0,0,0,0,0
529,2017-04-14,09:14:08,0,WH705,XZCE,3175,3175,3198,1362,86719840,14900,14612,3329,3011,3170,3173,0,3190,0,0,0,2017-04-14,33248000,3175,2,0,0,0,0,0,0,0,0,3178,2,0,0,0,0,0,0,0,0
530,2017-04-14,09:14:10,0,WH705,XZCE,3175,3175,3198,1362,86719840,14900,14612,3329,3011,3170,3173,0,3190,0,0,0,2017-04-14,33250000,3175,2,0,0,0,0,0,0,0,0,3178,1,0,0,0,0,0,0,0,0
531,2017-04-14,09:14:14,0,WH705,XZCE,3175,3175,3198,1364,86846840,14900,14612,3329,3011,3170,3173,0,3190,0,0,0,2017-04-14,33254000,3175,1,0,0,0,0,0,0,0,0,3178,1,0,0,0,0,0,0,0,0
532,2017-04-14,09:14:15,0,WH705,XZCE,3175,3175,3198,1364,86846840,14900,14612,3329,3011,3170,3173,0,3190,0,0,0,2017-04-14,33255000,3175,1,0,0,0,0,0,0,0,0,3177,2,0,0,0,0,0,0,0,0
533,2017-04-14,09:14:16,0,WH705,XZCE,3175,3175,3198,1364,86846840,14900,14612,3329,3011,3170,3173,0,3190,0,0,0,2017-04-14,33256000,3175,2,0,0,0,0,0,0,0,0,3177,2,0,0,0,0,0,0,0,0
534,2017-04-14,09:14:17,0,WH705,XZCE,3175,3175,3198,1364,86846840,14900,14612,3329,3011,3170,3173,0,3190,0,0,0,2017-04-14,33257000,3175,2,0,0,0,0,0,0,0,0,3177,1,0,0,0,0,0,0,0,0
535,2017-04-14,09:14:22,0,WH705,XZCE,3175,3175,3198,1368,87100840,14900,14612,3329,3011,3170,3173,0,3190,0,0,0,2017-04-14,33262000,3174,2,0,0,0,0,0,0,0,0,3175,9,0,0,0,0,0,0,0,0
536,2017-04-14,09:14:24,0,WH705,XZCE,3174,3174,3198,1370,87227800,14902,14612,3329,3011,3170,3173,0,3190,0,0,0,2017-04-14,33264000,3174,1,0,0,0,0,0,0,0,0,3175,9,0,0,0,0,0,0,0,0
537,2017-04-14,09:14:24,0,WH705,XZCE,3173,3173,3198,1374,87481640,14902,14612,3329,3011,3170,3173,0,3190,0,0,0,2017-04-14,33264000,3173,4,0,0,0,0,0,0,0,0,3174,2,0,0,0,0,0,0,0,0
538,2017-04-14,09:14:25,0,WH705,XZCE,3173,3173,3198,1374,87481640,14902,14612,3329,3011,3170,3173,0,3190,0,0,0,2017-04-14,33265000,3173,4,0,0,0,0,0,0,0,0,3174,1,0,0,0,0,0,0,0,0
539,2017-04-14,09:14:27,0,WH705,XZCE,3174,3173,3198,1376,87608600,14902,14612,3329,3011,3170,3173,0,3190,0,0,0,2017-04-14,33267000,3174,4,0,0,0,0,0,0,0,0,3175,9,0,0,0,0,0,0,0,0
540,2017-04-14,09:14:28,0,WH705,XZCE,3174,3173,3198,1380,87862520,14902,14612,3329,3011,3170,3173,0,3190,0,0,0,2017-04-14,33268000,3174,2,0,0,0,0,0,0,0,0,3175,9,0,0,0,0,0,0,0,0
541,2017-04-14,09:14:30,0,WH705,XZCE,3174,3173,3198,1384,88116440,14902,14612,3329,3011,3170,3173,0,3190,0,0,0,2017-04-14,33270000,3173,4,0,0,0,0,0,0,0,0,3174,2,0,0,0,0,0,0,0,0
542,2017-04-14,09:14:31,0,WH705,XZCE,3175,3173,3198,1394,88751440,14908,14612,3329,3011,3170,3173,0,3190,0,0,0,2017-04-14,33271000,3173,4,0,0,0,0,0,0,0,0,3175,6,0,0,0,0,0,0,0,0
543,2017-04-14,09:14:32,0,WH705,XZCE,3175,3173,3198,1394,88751440,14908,14612,3329,3011,3170,3173,0,3190,0,0,0,2017-04-14,33272000,3174,2,0,0,0,0,0,0,0,0,3175,6,0,0,0,0,0,0,0,0
544,2017-04-14,09:14:33,0,WH705,XZCE,3175,3173,3198,1396,88878440,14908,14612,3329,3011,3170,3173,0,3190,0,0,0,2017-04-14,33273000,3174,2,0,0,0,0,0,0,0,0,3175,5,0,0,0,0,0,0,0,0
545,2017-04-14,09:14:34,0,WH705,XZCE,3175,3173,3198,1406,89513440,14918,14612,3329,3011,3170,3173,0,3190,0,0,0,2017-04-14,33274000,3174,2,0,0,0,0,0,0,0,0,3177,1,0,0,0,0,0,0,0,0
546,2017-04-14,09:14:35,0,WH705,XZCE,3175,3173,3198,1406,89513440,14918,14612,3329,3011,3170,3173,0,3190,0,0,0,2017-04-14,33275000,3174,3,0,0,0,0,0,0,0,0,3177,1,0,0,0,0,0,0,0,0
547,2017-04-14,09:14:36,0,WH705,XZCE,3175,3173,3198,1406,89513440,14918,14612,3329,3011,3170,3173,0,3190,0,0,0,2017-04-14,33276000,3174,4,0,0,0,0,0,0,0,0,3175,1,0,0,0,0,0,0,0,0
548,2017-04-14,09:14:37,0,WH705,XZCE,3174,3173,3198,1410,89767360,14920,14612,3329,3011,3170,3173,0,3190,0,0,0,2017-04-14,33277000,3174,3,0,0,0,0,0,0,0,0,3177,1,0,0,0,0,0,0,0,0
549,2017-04-14,09:14:37,0,WH705,XZCE,3174,3173,3198,1410,89767360,14920,14612,3329,3011,3170,3173,0,3190,0,0,0,2017-04-14,33277000,3174,4,0,0,0,0,0,0,0,0,3177,1,0,0,0,0,0,0,0,0
550,2017-04-14,09:14:38,0,WH705,XZCE,3174,3173,3198,1410,89767360,14920,14612,3329,3011,3170,3173,0,3190,0,0,0,2017-04-14,33278000,3174,3,0,0,0,0,0,0,0,0,3177,1,0,0,0,0,0,0,0,0
551,2017-04-14,09:14:39,0,WH705,XZCE,3174,3173,3198,1410,89767360,14920,14612,3329,3011,3170,3173,0,3190,0,0,0,2017-04-14,33279000,3175,1,0,0,0,0,0,0,0,0,3177,1,0,0,0,0,0,0,0,0
552,2017-04-14,09:14:41,0,WH705,XZCE,3175,3173,3198,1412,89894360,14920,14612,3329,3011,3170,3173,0,3190,0,0,0,2017-04-14,33281000,3174,3,0,0,0,0,0,0,0,0,3177,1,0,0,0,0,0,0,0,0
553,2017-04-14,09:14:43,0,WH705,XZCE,3175,3173,3198,1412,89894360,14920,14612,3329,3011,3170,3173,0,3190,0,0,0,2017-04-14,33283000,3174,3,0,0,0,0,0,0,0,0,3175,2,0,0,0,0,0,0,0,0
554,2017-04-14,09:14:44,0,WH705,XZCE,3175,3173,3198,1416,90148360,14924,14612,3329,3011,3170,3173,0,3190,0,0,0,2017-04-14,33284000,3174,3,0,0,0,0,0,0,0,0,3175,1,0,0,0,0,0,0,0,0
555,2017-04-14,09:14:44,0,WH705,XZCE,3175,3173,3198,1416,90148360,14924,14612,3329,3011,3170,3173,0,3190,0,0,0,2017-04-14,33284000,3174,5,0,0,0,0,0,0,0,0,3175,1,0,0,0,0,0,0,0,0
556,2017-04-14,09:14:45,0,WH705,XZCE,3175,3173,3198,1418,90275360,14926,14612,3329,3011,3170,3173,0,3190,0,0,0,2017-04-14,33285000,3174,5,0,0,0,0,0,0,0,0,3177,6,0,0,0,0,0,0,0,0
557,2017-04-14,09:14:46,0,WH705,XZCE,3175,3173,3198,1418,90275360,14926,14612,3329,3011,3170,3173,0,3190,0,0,0,2017-04-14,33286000,3175,1,0,0,0,0,0,0,0,0,3177,18,0,0,0,0,0,0,0,0
558,2017-04-14,09:14:47,0,WH705,XZCE,3175,3173,3198,1418,90275360,14926,14612,3329,3011,3170,3173,0,3190,0,0,0,2017-04-14,33287000,3175,2,0,0,0,0,0,0,0,0,3176,1,0,0,0,0,0,0,0,0
559,2017-04-14,09:14:47,0,WH705,XZCE,3175,3173,3198,1418,90275360,14926,14612,3329,3011,3170,3173,0,3190,0,0,0,2017-04-14,33287000,3175,2,0,0,0,0,0,0,0,0,3176,2,0,0,0,0,0,0,0,0
560,2017-04-14,09:14:48,0,WH705,XZCE,3175,3173,3198,1420,90402360,14926,14612,3329,3011,3170,3173,0,3190,0,0,0,2017-04-14,33288000,3175,1,0,0,0,0,0,0,0,0,3176,2,0,0,0,0,0,0,0,0
561,2017-04-14,09:14:50,0,WH705,XZCE,3175,3173,3198,1420,90402360,14926,14612,3329,3011,3170,3173,0,3190,0,0,0,2017-04-14,33290000,3175,2,0,0,0,0,0,0,0,0,3176,2,0,0,0,0,0,0,0,0
562,2017-04-14,09:14:51,0,WH705,XZCE,3175,3173,3198,1420,90402360,14926,14612,3329,3011,3170,3173,0,3190,0,0,0,2017-04-14,33291000,3175,2,0,0,0,0,0,0,0,0,3176,1,0,0,0,0,0,0,0,0
563,2017-04-14,09:14:52,0,WH705,XZCE,3175,3173,3198,1420,90402360,14926,14612,3329,3011,3170,3173,0,3190,0,0,0,2017-04-14,33292000,3175,2,0,0,0,0,0,0,0,0,3177,6,0,0,0,0,0,0,0,0
