,dataDate,dataTime,dataMillisec,instrumentID,exchangeCD,lastPrice,lowPrice,highPrice,volume,value,openInterest,preOpenInterest,upperLimitPrice,lowerLimitPrice,preSettlementPrice,prevClosePrice,settlementPrice,openPrice,closePrice,preDelta,currDelta,clearingDay,milliSecOffset,bidPrice1,bidVolume1,bidPrice2,bidVolume2,bidPrice3,bidVolume3,bidPrice4,bidVolume4,bidPrice5,bidVolume5,askPrice1,askVolume1,askPrice2,askVolume2,askPrice3,askVolume3,askPrice4,askVolume4,askPrice5,askVolume5
0,2017-04-13,19:31:03,0,ZC705,XZCE,623.2,0.0,0.0,0,0.0,265232,265232,659.6,584.8,622.2,623.2,0.0,0.0,0.0,0,0,2017-04-14,70263000,0.0,0,0,0,0,0,0,0,0,0,0.0,0,0,0,0,0,0,0,0,0
1,2017-04-13,19:31:03,0,ZC705,XZCE,623.2,0.0,0.0,0,0.0,265232,265232,659.6,584.8,622.2,623.2,0.0,623.6,0.0,0,0,2017-04-14,70263000,0.0,0,0,0,0,0,0,0,0,0,0.0,0,0,0,0,0,0,0,0,0
2,2017-04-13,19:31:03,0,ZC705,XZCE,623.2,0.0,0.0,0,0.0,265232,265232,659.6,584.8,622.2,623.2,0.0,622.8,0.0,0,0,2017-04-14,70263000,0.0,0,0,0,0,0,0,0,0,0,0.0,0,0,0,0,0,0,0,0,0
3,2017-04-13,19:31:03,0,ZC705,XZCE,623.2,0.0,0.0,0,0.0,265232,265232,659.6,584.8,622.2,623.2,0.0,624.0,0.0,0,0,2017-04-14,70263000,0.0,0,0,0,0,0,0,0,0,0,0.0,0,0,0,0,0,0,0,0,0
4,2017-04-13,19:31:03,0,ZC705,XZCE,623.2,0.0,0.0,0,0.0,265232,265232,659.6,584.8,622.2,623.2,0.0,622.8,0.0,0,0,2017-04-14,70263000,0.0,0,0,0,0,0,0,0,0,0,0.0,0,0,0,0,0,0,0,0,0
5,2017-04-13,19:31:03,0,ZC705,XZCE,623.2,0.0,0.0,0,0.0,265232,265232,659.6,584.8,622.2,623.2,0.0,623.0,0.0,0,0,2017-04-14,70263000,0.0,0,0,0,0,0,0,0,0,0,0.0,0,0,0,0,0,0,0,0,0
6,2017-04-13,19:31:03,0,ZC705,XZCE,623.2,0.0,0.0,0,0.0,265232,265232,659.6,584.8,622.2,623.2,0.0,622.8,0.0,0,0,2017-04-14,70263000,0.0,0,0,0,0,0,0,0,0,0,0.0,0,0,0,0,0,0,0,0,0
7,2017-04-13,19:31:03,0,ZC705,XZCE,623.2,0.0,0.0,0,0.0,265232,265232,659.6,584.8,622.2,623.2,0.0,623.0,0.0,0,0,2017-04-14,70263000,0.0,0,0,0,0,0,0,0,0,0,0.0,0,0,0,0,0,0,0,0,0
8,2017-04-13,19:31:03,0,ZC705,XZCE,623.2,0.0,0.0,0,0.0,265232,265232,659.6,584.8,622.2,623.2,0.0,623.2,0.0,0,0,2017-04-14,70263000,0.0,0,0,0,0,0,0,0,0,0,0.0,0,0,0,0,0,0,0,0,0
9,2017-04-13,19:31:03,0,ZC705,XZCE,623.2,0.0,0.0,0,0.0,265232,265232,659.6,584.8,622.2,623.2,0.0,623.4,0.0,0,0,2017-04-14,70263000,0.0,0,0,0,0,0,0,0,0,0,0.0,0,0,0,0,0,0,0,0,0
10,2017-04-13,19:31:03,0,ZC705,XZCE,623.2,0.0,0.0,0,0.0,265232,265232,659.6,584.8,622.2,623.2,0.0,623.2,0.0,0,0,2017-04-14,70263000,0.0,0,0,0,0,0,0,0,0,0,0.0,0,0,0,0,0,0,0,0,0
11,2017-04-13,19:31:03,0,ZC705,XZCE,623.2,0.0,0.0,0,0.0,265232,265232,659.6,584.8,622.2,623.2,0.0,623.0,0.0,0,0,2017-04-14,70263000,0.0,0,0,0,0,0,0,0,0,0,0.0,0,0,0,0,0,0,0,0,0
12,2017-04-13,19:31:03,0,ZC705,XZCE,623.2,0.0,0.0,0,0.0,265232,265232,659.6,584.8,622.2,623.2,0.0,622.8,0.0,0,0,2017-04-14,70263000,0.0,0,0,0,0,0,0,0,0,0,0.0,0,0,0,0,0,0,0,0,0
13,2017-04-13,19:31:03,0,ZC705,XZCE,623.2,0.0,0.0,0,0.0,265232,265232,659.6,584.8,622.2,623.2,0.0,623.0,0.0,0,0,2017-04-14,70263000,0.0,0,0,0,0,0,0,0,0,0,0.0,0,0,0,0,0,0,0,0,0
14,2017-04-13,19:31:03,0,ZC705,XZCE,623.2,0.0,0.0,0,0.0,265232,265232,659.6,584.8,622.2,623.2,0.0,622.8,0.0,0,0,2017-04-14,70263000,0.0,0,0,0,0,0,0,0,0,0,0.0,0,0,0,0,0,0,0,0,0
15,2017-04-13,20:59:00,0,ZC705,XZCE,622.8,622.8,622.8,226,14075280.0,265342,265232,659.6,584.8,622.2,623.2,0.0,622.8,0.0,0,0,2017-04-14,75540000,622.8,25,0,0,0,0,0,0,0,0,623.0,16,0,0,0,0,0,0,0,0
16,2017-04-13,21:00:00,0,ZC705,XZCE,623.0,622.8,623.0,300,18685480.0,265360,265232,659.6,584.8,622.2,623.2,0.0,622.8,0.0,0,0,2017-04-14,75600000,623.0,12,0,0,0,0,0,0,0,0,623.2,13,0,0,0,0,0,0,0,0
17,2017-04-13,21:00:01,0,ZC705,XZCE,622.6,622.6,623.4,484,30141320.0,265268,265232,659.6,584.8,622.2,623.2,0.0,622.8,0.0,0,0,2017-04-14,75601000,622.4,10,0,0,0,0,0,0,0,0,622.6,52,0,0,0,0,0,0,0,0
18,2017-04-13,21:00:01,0,ZC705,XZCE,622.0,622.0,623.4,882,54896920.0,265478,265232,659.6,584.8,622.2,623.2,0.0,622.8,0.0,0,0,2017-04-14,75601000,622.0,25,0,0,0,0,0,0,0,0,622.2,40,0,0,0,0,0,0,0,0
19,2017-04-13,21:00:02,0,ZC705,XZCE,621.8,621.0,623.4,1144,71188080.0,265512,265232,659.6,584.8,622.2,623.2,0.0,622.8,0.0,0,0,2017-04-14,75602000,621.2,7,0,0,0,0,0,0,0,0,621.8,10,0,0,0,0,0,0,0,0
20,2017-04-13,21:00:02,0,ZC705,XZCE,621.0,621.0,623.4,1190,74044680.0,265526,265232,659.6,584.8,622.2,623.2,0.0,622.8,0.0,0,0,2017-04-14,75602000,621.0,52,0,0,0,0,0,0,0,0,621.8,1,0,0,0,0,0,0,0,0
21,2017-04-13,21:00:03,0,ZC705,XZCE,621.2,621.0,623.4,1234,76777960.0,265510,265232,659.6,584.8,622.2,623.2,0.0,622.8,0.0,0,0,2017-04-14,75603000,621.2,14,0,0,0,0,0,0,0,0,621.6,6,0,0,0,0,0,0,0,0
22,2017-04-13,21:00:03,0,ZC705,XZCE,621.6,621.0,623.4,1236,76902280.0,265510,265232,659.6,584.8,622.2,623.2,0.0,622.8,0.0,0,0,2017-04-14,75603000,621.2,20,0,0,0,0,0,0,0,0,621.6,5,0,0,0,0,0,0,0,0
23,2017-04-13,21:00:04,0,ZC705,XZCE,621.8,621.0,623.4,1266,78767680.0,265516,265232,659.6,584.8,622.2,623.2,0.0,622.8,0.0,0,0,2017-04-14,75604000,621.4,2,0,0,0,0,0,0,0,0,622.0,46,0,0,0,0,0,0,0,0
24,2017-04-13,21:00:04,0,ZC705,XZCE,621.2,621.0,623.4,1398,86967520.0,265526,265232,659.6,584.8,622.2,623.2,0.0,622.8,0.0,0,0,2017-04-14,75604000,621.0,10,0,0,0,0,0,0,0,0,621.2,4,0,0,0,0,0,0,0,0
25,2017-04-13,21:00:05,0,ZC705,XZCE,621.2,620.8,623.4,1436,89328080.0,265512,265232,659.6,584.8,622.2,623.2,0.0,622.8,0.0,0,0,2017-04-14,75605000,621.0,25,0,0,0,0,0,0,0,0,621.2,2,0,0,0,0,0,0,0,0
26,2017-04-13,21:00:05,0,ZC705,XZCE,621.0,620.8,623.4,1482,92184680.0,265490,265232,659.6,584.8,622.2,623.2,0.0,622.8,0.0,0,0,2017-04-14,75605000,621.0,5,0,0,0,0,0,0,0,0,621.6,2,0,0,0,0,0,0,0,0
27,2017-04-13,21:00:06,0,ZC705,XZCE,621.2,620.6,623.4,1626,101129960.0,265538,265232,659.6,584.8,622.2,623.2,0.0,622.8,0.0,0,0,2017-04-14,75606000,620.8,8,0,0,0,0,0,0,0,0,622.0,20,0,0,0,0,0,0,0,0
28,2017-04-13,21:00:06,0,ZC705,XZCE,621.6,620.6,623.4,1672,103989320.0,265536,265232,659.6,584.8,622.2,623.2,0.0,622.8,0.0,0,0,2017-04-14,75606000,621.0,8,0,0,0,0,0,0,0,0,621.8,10,0,0,0,0,0,0,0,0
29,2017-04-13,21:00:07,0,ZC705,XZCE,621.6,620.6,623.4,1720,106973000.0,265530,265232,659.6,584.8,622.2,623.2,0.0,622.8,0.0,0,0,2017-04-14,75607000,621.6,40,0,0,0,0,0,0,0,0,621.8,9,0,0,0,0,0,0,0,0
30,2017-04-13,21:00:07,0,ZC705,XZCE,621.8,620.6,623.4,1754,109087120.0,265512,265232,659.6,584.8,622.2,623.2,0.0,622.8,0.0,0,0,2017-04-14,75607000,621.6,24,0,0,0,0,0,0,0,0,621.8,8,0,0,0,0,0,0,0,0
31,2017-04-13,21:00:08,0,ZC705,XZCE,621.8,620.6,623.4,1760,109460200.0,265508,265232,659.6,584.8,622.2,623.2,0.0,622.8,0.0,0,0,2017-04-14,75608000,621.6,33,0,0,0,0,0,0,0,0,621.8,7,0,0,0,0,0,0,0,0
32,2017-04-13,21:00:09,0,ZC705,XZCE,621.8,620.6,623.4,1760,109460200.0,265508,265232,659.6,584.8,622.2,623.2,0.0,622.8,0.0,0,0,2017-04-14,75609000,621.6,33,0,0,0,0,0,0,0,0,621.8,1,0,0,0,0,0,0,0,0
33,2017-04-13,21:00:09,0,ZC705,XZCE,621.6,620.6,623.4,1830,113811400.0,265480,265232,659.6,584.8,622.2,623.2,0.0,622.8,0.0,0,0,2017-04-14,75609000,621.4,12,0,0,0,0,0,0,0,0,621.6,16,0,0,0,0,0,0,0,0
34,2017-04-13,21:00:10,0,ZC705,XZCE,621.6,620.6,623.4,1830,113811400.0,265480,265232,659.6,584.8,622.2,623.2,0.0,622.8,0.0,0,0,2017-04-14,75610000,621.4,13,0,0,0,0,0,0,0,0,621.6,17,0,0,0,0,0,0,0,0
35,2017-04-13,21:00:11,0,ZC705,XZCE,621.4,620.6,623.4,1836,114184240.0,265474,265232,659.6,584.8,622.2,623.2,0.0,622.8,0.0,0,0,2017-04-14,75611000,621.4,10,0,0,0,0,0,0,0,0,621.6,17,0,0,0,0,0,0,0,0
36,2017-04-13,21:00:11,0,ZC705,XZCE,621.6,620.6,623.4,1848,114930160.0,265470,265232,659.6,584.8,622.2,623.2,0.0,622.8,0.0,0,0,2017-04-14,75611000,621.4,6,0,0,0,0,0,0,0,0,621.6,15,0,0,0,0,0,0,0,0
37,2017-04-13,21:00:11,0,ZC705,XZCE,621.4,620.6,623.4,1876,116670080.0,265466,265232,659.6,584.8,622.2,623.2,0.0,622.8,0.0,0,0,2017-04-14,75611000,621.2,31,0,0,0,0,0,0,0,0,621.4,39,0,0,0,0,0,0,0,0
38,2017-04-13,21:00:12,0,ZC705,XZCE,621.6,620.6,623.4,1982,123259040.0,265464,265232,659.6,584.8,622.2,623.2,0.0,622.8,0.0,0,0,2017-04-14,75612000,621.6,1,0,0,0,0,0,0,0,0,621.8,5,0,0,0,0,0,0,0,0
39,2017-04-13,21:00:13,0,ZC705,XZCE,621.8,620.6,623.4,1992,123880840.0,265464,265232,659.6,584.8,622.2,623.2,0.0,622.8,0.0,0,0,2017-04-14,75613000,621.6,1,0,0,0,0,0,0,0,0,621.8,1,0,0,0,0,0,0,0,0
40,2017-04-13,21:00:13,0,ZC705,XZCE,621.6,620.6,623.4,2034,126491560.0,265462,265232,659.6,584.8,622.2,623.2,0.0,622.8,0.0,0,0,2017-04-14,75613000,621.4,25,0,0,0,0,0,0,0,0,622.0,3,0,0,0,0,0,0,0,0
41,2017-04-13,21:00:14,0,ZC705,XZCE,622.0,620.6,623.4,2044,127113560.0,265462,265232,659.6,584.8,622.2,623.2,0.0,622.8,0.0,0,0,2017-04-14,75614000,622.0,2,0,0,0,0,0,0,0,0,622.2,9,0,0,0,0,0,0,0,0
42,2017-04-13,21:00:14,0,ZC705,XZCE,622.2,620.6,623.4,2048,127362440.0,265460,265232,659.6,584.8,622.2,623.2,0.0,622.8,0.0,0,0,2017-04-14,75614000,622.0,10,0,0,0,0,0,0,0,0,622.2,7,0,0,0,0,0,0,0,0
43,2017-04-13,21:00:15,0,ZC705,XZCE,622.2,620.6,623.4,2050,127486880.0,265460,265232,659.6,584.8,622.2,623.2,0.0,622.8,0.0,0,0,2017-04-14,75615000,622.0,16,0,0,0,0,0,0,0,0,622.2,6,0,0,0,0,0,0,0,0
44,2017-04-13,21:00:15,0,ZC705,XZCE,622.2,620.6,623.4,2082,129477920.0,265490,265232,659.6,584.8,622.2,623.2,0.0,622.8,0.0,0,0,2017-04-14,75615000,622.0,3,0,0,0,0,0,0,0,0,622.2,4,0,0,0,0,0,0,0,0
45,2017-04-13,21:00:15,0,ZC705,XZCE,622.0,620.6,623.4,2088,129851120.0,265488,265232,659.6,584.8,622.2,623.2,0.0,622.8,0.0,0,0,2017-04-14,75615000,621.8,1,0,0,0,0,0,0,0,0,622.0,2,0,0,0,0,0,0,0,0
46,2017-04-13,21:00:16,0,ZC705,XZCE,621.8,620.6,623.4,2108,131094720.0,265476,265232,659.6,584.8,622.2,623.2,0.0,622.8,0.0,0,0,2017-04-14,75616000,621.6,8,0,0,0,0,0,0,0,0,621.8,45,0,0,0,0,0,0,0,0
47,2017-04-13,21:00:17,0,ZC705,XZCE,621.8,620.6,623.4,2118,131716520.0,265476,265232,659.6,584.8,622.2,623.2,0.0,622.8,0.0,0,0,2017-04-14,75617000,621.6,14,0,0,0,0,0,0,0,0,621.8,40,0,0,0,0,0,0,0,0
48,2017-04-13,21:00:17,0,ZC705,XZCE,621.8,620.6,623.4,2118,131716520.0,265476,265232,659.6,584.8,622.2,623.2,0.0,622.8,0.0,0,0,2017-04-14,75617000,621.6,19,0,0,0,0,0,0,0,0,621.8,40,0,0,0,0,0,0,0,0
49,2017-04-13,21:00:18,0,ZC705,XZCE,621.8,620.6,623.4,2124,132089600.0,265470,265232,659.6,584.8,622.2,623.2,0.0,622.8,0.0,0,0,2017-04-14,75618000,621.6,17,0,0,0,0,0,0,0,0,621.8,42,0,0,0,0,0,0,0,0
50,2017-04-13,21:00:18,0,ZC705,XZCE,621.6,620.6,623.4,2128,132338240.0,265470,265232,659.6,584.8,622.2,623.2,0.0,622.8,0.0,0,0,2017-04-14,75618000,621.6,15,0,0,0,0,0,0,0,0,621.8,42,0,0,0,0,0,0,0,0
51,2017-04-13,21:00:19,0,ZC705,XZCE,621.8,620.6,623.4,2142,133208760.0,265456,265232,659.6,584.8,622.2,623.2,0.0,622.8,0.0,0,0,2017-04-14,75619000,621.6,15,0,0,0,0,0,0,0,0,621.8,35,0,0,0,0,0,0,0,0
52,2017-04-13,21:00:19,0,ZC705,XZCE,621.6,620.6,623.4,2160,134327640.0,265442,265232,659.6,584.8,622.2,623.2,0.0,622.8,0.0,0,0,2017-04-14,75619000,621.6,10,0,0,0,0,0,0,0,0,621.8,30,0,0,0,0,0,0,0,0
53,2017-04-13,21:00:20,0,ZC705,XZCE,621.8,620.6,623.4,2188,136068679.99,265428,265232,659.6,584.8,622.2,623.2,0.0,622.8,0.0,0,0,2017-04-14,75620000,621.6,2,0,0,0,0,0,0,0,0,621.8,24,0,0,0,0,0,0,0,0
54,2017-04-13,21:00:20,0,ZC705,XZCE,622.2,620.6,623.4,2256,140299639.99,265392,265232,659.6,584.8,622.2,623.2,0.0,622.8,0.0,0,0,2017-04-14,75620000,622.2,15,0,0,0,0,0,0,0,0,622.4,4,0,0,0,0,0,0,0,0
55,2017-04-13,21:00:21,0,ZC705,XZCE,622.4,620.6,623.4,2264,140797559.99,265384,265232,659.6,584.8,622.2,623.2,0.0,622.8,0.0,0,0,2017-04-14,75621000,622.2,15,0,0,0,0,0,0,0,0,622.6,45,0,0,0,0,0,0,0,0
56,2017-04-13,21:00:21,0,ZC705,XZCE,622.0,620.6,623.4,2320,144280759.99,265328,265232,659.6,584.8,622.2,623.2,0.0,622.8,0.0,0,0,2017-04-14,75621000,621.8,2,0,0,0,0,0,0,0,0,622.2,78,0,0,0,0,0,0,0,0
57,2017-04-13,21:00:22,0,ZC705,XZCE,622.2,620.6,623.4,2366,147142879.99,265298,265232,659.6,584.8,622.2,623.2,0.0,622.8,0.0,0,0,2017-04-14,75622000,621.8,2,0,0,0,0,0,0,0,0,622.0,1,0,0,0,0,0,0,0,0
58,2017-04-13,21:00:22,0,ZC705,XZCE,622.0,620.6,623.4,2368,147267279.99,265300,265232,659.6,584.8,622.2,623.2,0.0,622.8,0.0,0,0,2017-04-14,75622000,622.0,4,0,0,0,0,0,0,0,0,622.2,55,0,0,0,0,0,0,0,0
59,2017-04-13,21:00:24,0,ZC705,XZCE,622.0,620.6,623.4,2376,147764879.99,265300,265232,659.6,584.8,622.2,623.2,0.0,622.8,0.0,0,0,2017-04-14,75624000,621.8,2,0,0,0,0,0,0,0,0,622.0,1,0,0,0,0,0,0,0,0
60,2017-04-13,21:00:24,0,ZC705,XZCE,621.8,620.6,623.4,2378,147889239.99,265300,265232,659.6,584.8,622.2,623.2,0.0,622.8,0.0,0,0,2017-04-14,75624000,621.8,3,0,0,0,0,0,0,0,0,622.0,1,0,0,0,0,0,0,0,0
61,2017-04-13,21:00:25,0,ZC705,XZCE,622.2,620.6,623.4,2386,148386999.99,265294,265232,659.6,584.8,622.2,623.2,0.0,622.8,0.0,0,0,2017-04-14,75625000,622.0,1,0,0,0,0,0,0,0,0,622.2,53,0,0,0,0,0,0,0,0
62,2017-04-13,21:00:26,0,ZC705,XZCE,622.0,620.6,623.4,2388,148511399.99,265292,265232,659.6,584.8,622.2,623.2,0.0,622.8,0.0,0,0,2017-04-14,75626000,621.8,3,0,0,0,0,0,0,0,0,622.0,2,0,0,0,0,0,0,0,0
63,2017-04-13,21:00:26,0,ZC705,XZCE,622.0,620.6,623.4,2390,148635799.99,265292,265232,659.6,584.8,622.2,623.2,0.0,622.8,0.0,0,0,2017-04-14,75626000,621.8,5,0,0,0,0,0,0,0,0,622.0,1,0,0,0,0,0,0,0,0
64,2017-04-13,21:00:27,0,ZC705,XZCE,622.0,620.6,623.4,2392,148760199.99,265290,265232,659.6,584.8,622.2,623.2,0.0,622.8,0.0,0,0,2017-04-14,75627000,621.8,6,0,0,0,0,0,0,0,0,622.2,53,0,0,0,0,0,0,0,0
65,2017-04-13,21:00:27,0,ZC705,XZCE,621.8,620.6,623.4,2402,149381999.99,265294,265232,659.6,584.8,622.2,623.2,0.0,622.8,0.0,0,0,2017-04-14,75627000,621.8,4,0,0,0,0,0,0,0,0,622.2,54,0,0,0,0,0,0,0,0
66,2017-04-13,21:00:28,0,ZC705,XZCE,622.2,620.6,623.4,2406,149630879.99,265290,265232,659.6,584.8,622.2,623.2,0.0,622.8,0.0,0,0,2017-04-14,75628000,621.8,3,0,0,0,0,0,0,0,0,622.2,53,0,0,0,0,0,0,0,0
67,2017-04-13,21:00:28,0,ZC705,XZCE,622.2,620.6,623.4,2406,149630879.99,265290,265232,659.6,584.8,622.2,623.2,0.0,622.8,0.0,0,0,2017-04-14,75628000,621.8,3,0,0,0,0,0,0,0,0,622.2,54,0,0,0,0,0,0,0,0
68,2017-04-13,21:00:29,0,ZC705,XZCE,622.2,620.6,623.4,2410,149879759.99,265288,265232,659.6,584.8,622.2,623.2,0.0,622.8,0.0,0,0,2017-04-14,75629000,621.8,3,0,0,0,0,0,0,0,0,622.2,52,0,0,0,0,0,0,0,0
69,2017-04-13,21:00:29,0,ZC705,XZCE,622.0,620.6,623.4,2412,150004159.99,265288,265232,659.6,584.8,622.2,623.2,0.0,622.8,0.0,0,0,2017-04-14,75629000,621.8,3,0,0,0,0,0,0,0,0,622.2,52,0,0,0,0,0,0,0,0
70,2017-04-13,21:00:30,0,ZC705,XZCE,622.0,620.6,623.4,2412,150004159.99,265288,265232,659.6,584.8,622.2,623.2,0.0,622.8,0.0,0,0,2017-04-14,75630000,621.8,4,0,0,0,0,0,0,0,0,622.2,52,0,0,0,0,0,0,0,0
71,2017-04-13,21:00:31,0,ZC705,XZCE,622.2,620.6,623.4,2424,150750799.99,265288,265232,659.6,584.8,622.2,623.2,0.0,622.8,0.0,0,0,2017-04-14,75631000,622.0,3,0,0,0,0,0,0,0,0,622.2,46,0,0,0,0,0,0,0,0
72,2017-04-13,21:00:31,0,ZC705,XZCE,622.0,620.6,623.4,2426,150875199.99,265286,265232,659.6,584.8,622.2,623.2,0.0,622.8,0.0,0,0,2017-04-14,75631000,622.0,2,0,0,0,0,0,0,0,0,622.2,46,0,0,0,0,0,0,0,0
73,2017-04-13,21:00:32,0,ZC705,XZCE,622.2,620.6,623.4,2438,151621839.99,265276,265232,659.6,584.8,622.2,623.2,0.0,622.8,0.0,0,0,2017-04-14,75632000,621.8,9,0,0,0,0,0,0,0,0,622.2,42,0,0,0,0,0,0,0,0
74,2017-04-13,21:00:32,0,ZC705,XZCE,621.8,620.6,623.4,2440,151746199.99,265274,265232,659.6,584.8,622.2,623.2,0.0,622.8,0.0,0,0,2017-04-14,75632000,621.8,8,0,0,0,0,0,0,0,0,622.2,42,0,0,0,0,0,0,0,0
75,2017-04-13,21:00:32,0,ZC705,XZCE,621.8,620.6,623.4,2440,151746199.99,265274,265232,659.6,584.8,622.2,623.2,0.0,622.8,0.0,0,0,2017-04-14,75632000,621.8,8,0,0,0,0,0,0,0,0,622.0,20,0,0,0,0,0,0,0,0
76,2017-04-13,21:00:33,0,ZC705,XZCE,622.0,620.6,623.4,2444,151994999.99,265274,265232,659.6,584.8,622.2,623.2,0.0,622.8,0.0,0,0,2017-04-14,75633000,621.8,9,0,0,0,0,0,0,0,0,622.0,18,0,0,0,0,0,0,0,0
77,2017-04-13,21:00:34,0,ZC705,XZCE,622.0,620.6,623.4,2444,151994999.99,265274,265232,659.6,584.8,622.2,623.2,0.0,622.8,0.0,0,0,2017-04-14,75634000,621.8,9,0,0,0,0,0,0,0,0,622.0,19,0,0,0,0,0,0,0,0
78,2017-04-13,21:00:34,0,ZC705,XZCE,622.0,620.6,623.4,2468,153487799.99,265278,265232,659.6,584.8,622.2,623.2,0.0,622.8,0.0,0,0,2017-04-14,75634000,621.6,72,0,0,0,0,0,0,0,0,622.0,17,0,0,0,0,0,0,0,0
79,2017-04-13,21:00:35,0,ZC705,XZCE,621.6,620.6,623.4,2512,156222839.99,265276,265232,659.6,584.8,622.2,623.2,0.0,622.8,0.0,0,0,2017-04-14,75635000,621.8,2,0,0,0,0,0,0,0,0,622.0,26,0,0,0,0,0,0,0,0
80,2017-04-13,21:00:35,0,ZC705,XZCE,622.0,620.6,623.4,2522,156844839.99,265286,265232,659.6,584.8,622.2,623.2,0.0,622.8,0.0,0,0,2017-04-14,75635000,621.8,3,0,0,0,0,0,0,0,0,622.0,21,0,0,0,0,0,0,0,0
81,2017-04-13,21:00:36,0,ZC705,XZCE,622.0,620.6,623.4,2526,157093639.99,265284,265232,659.6,584.8,622.2,623.2,0.0,622.8,0.0,0,0,2017-04-14,75636000,621.8,4,0,0,0,0,0,0,0,0,622.0,20,0,0,0,0,0,0,0,0
82,2017-04-13,21:00:36,0,ZC705,XZCE,621.8,620.6,623.4,2542,158088519.99,265282,265232,659.6,584.8,622.2,623.2,0.0,622.8,0.0,0,0,2017-04-14,75636000,621.6,50,0,0,0,0,0,0,0,0,621.8,17,0,0,0,0,0,0,0,0
83,2017-04-13,21:00:36,0,ZC705,XZCE,622.0,620.6,623.4,2580,160452119.99,265252,265232,659.6,584.8,622.2,623.2,0.0,622.8,0.0,0,0,2017-04-14,75636000,621.6,50,0,0,0,0,0,0,0,0,622.0,15,0,0,0,0,0,0,0,0
84,2017-04-13,21:00:37,0,ZC705,XZCE,622.0,620.6,623.4,2582,160576519.99,265254,265232,659.6,584.8,622.2,623.2,0.0,622.8,0.0,0,0,2017-04-14,75637000,621.6,51,0,0,0,0,0,0,0,0,622.0,14,0,0,0,0,0,0,0,0
85,2017-04-13,21:00:37,0,ZC705,XZCE,621.8,620.6,623.4,2586,160825239.99,265250,265232,659.6,584.8,622.2,623.2,0.0,622.8,0.0,0,0,2017-04-14,75637000,621.6,51,0,0,0,0,0,0,0,0,622.0,14,0,0,0,0,0,0,0,0
86,2017-04-13,21:00:38,0,ZC705,XZCE,621.6,620.6,623.4,2692,167414199.99,265188,265232,659.6,584.8,622.2,623.2,0.0,622.8,0.0,0,0,2017-04-14,75638000,621.4,18,0,0,0,0,0,0,0,0,621.8,20,0,0,0,0,0,0,0,0
87,2017-04-13,21:00:39,0,ZC705,XZCE,621.6,620.6,623.4,2698,167787159.99,265184,265232,659.6,584.8,622.2,623.2,0.0,622.8,0.0,0,0,2017-04-14,75639000,621.4,18,0,0,0,0,0,0,0,0,621.6,11,0,0,0,0,0,0,0,0
88,2017-04-13,21:00:39,0,ZC705,XZCE,621.6,620.6,623.4,2700,167911479.99,265184,265232,659.6,584.8,622.2,623.2,0.0,622.8,0.0,0,0,2017-04-14,75639000,621.4,17,0,0,0,0,0,0,0,0,621.6,10,0,0,0,0,0,0,0,0
89,2017-04-13,21:00:39,0,ZC705,XZCE,621.6,620.6,623.4,2700,167911479.99,265184,265232,659.6,584.8,622.2,623.2,0.0,622.8,0.0,0,0,2017-04-14,75639000,621.4,18,0,0,0,0,0,0,0,0,621.6,10,0,0,0,0,0,0,0,0
90,2017-04-13,21:00:40,0,ZC705,XZCE,621.6,620.6,623.4,2722,169278999.99,265174,265232,659.6,584.8,622.2,623.2,0.0,622.8,0.0,0,0,2017-04-14,75640000,621.6,1,0,0,0,0,0,0,0,0,621.8,18,0,0,0,0,0,0,0,0
91,2017-04-13,21:00:41,0,ZC705,XZCE,621.6,620.6,623.4,2728,169651959.99,265172,265232,659.6,584.8,622.2,623.2,0.0,622.8,0.0,0,0,2017-04-14,75641000,621.6,4,0,0,0,0,0,0,0,0,621.8,17,0,0,0,0,0,0,0,0
92,2017-04-13,21:00:41,0,ZC705,XZCE,621.8,620.6,623.4,2730,169776319.99,265170,265232,659.6,584.8,622.2,623.2,0.0,622.8,0.0,0,0,2017-04-14,75641000,621.6,5,0,0,0,0,0,0,0,0,621.8,16,0,0,0,0,0,0,0,0
93,2017-04-13,21:00:42,0,ZC705,XZCE,621.8,620.6,623.4,2730,169776319.99,265170,265232,659.6,584.8,622.2,623.2,0.0,622.8,0.0,0,0,2017-04-14,75642000,621.6,5,0,0,0,0,0,0,0,0,621.8,19,0,0,0,0,0,0,0,0
94,2017-04-13,21:00:42,0,ZC705,XZCE,621.4,620.6,623.4,2766,172013359.99,265146,265232,659.6,584.8,622.2,623.2,0.0,622.8,0.0,0,0,2017-04-14,75642000,621.4,17,0,0,0,0,0,0,0,0,621.6,8,0,0,0,0,0,0,0,0
95,2017-04-13,21:00:43,0,ZC705,XZCE,621.6,620.6,623.4,2768,172137679.99,265146,265232,659.6,584.8,622.2,623.2,0.0,622.8,0.0,0,0,2017-04-14,75643000,621.4,19,0,0,0,0,0,0,0,0,621.6,9,0,0,0,0,0,0,0,0
96,2017-04-13,21:00:43,0,ZC705,XZCE,621.6,620.6,623.4,2768,172137679.99,265146,265232,659.6,584.8,622.2,623.2,0.0,622.8,0.0,0,0,2017-04-14,75643000,621.4,20,0,0,0,0,0,0,0,0,621.6,9,0,0,0,0,0,0,0,0
97,2017-04-13,21:00:44,0,ZC705,XZCE,621.6,620.6,623.4,2786,173256559.99,265148,265232,659.6,584.8,622.2,623.2,0.0,622.8,0.0,0,0,2017-04-14,75644000,621.6,3,0,0,0,0,0,0,0,0,621.8,19,0,0,0,0,0,0,0,0
98,2017-04-13,21:00:45,0,ZC705,XZCE,621.6,620.6,623.4,2786,173256559.99,265148,265232,659.6,584.8,622.2,623.2,0.0,622.8,0.0,0,0,2017-04-14,75645000,621.6,3,0,0,0,0,0,0,0,0,621.8,34,0,0,0,0,0,0,0,0
99,2017-04-13,21:00:45,0,ZC705,XZCE,621.6,620.6,623.4,2786,173256559.99,265148,265232,659.6,584.8,622.2,623.2,0.0,622.8,0.0,0,0,2017-04-14,75645000,621.6,8,0,0,0,0,0,0,0,0,621.8,34,0,0,0,0,0,0,0,0
100,2017-04-13,21:00:46,0,ZC705,XZCE,621.6,620.6,623.4,2786,173256559.99,265148,265232,659.6,584.8,622.2,623.2,0.0,622.8,0.0,0,0,2017-04-14,75646000,621.6,14,0,0,0,0,0,0,0,0,621.8,34,0,0,0,0,0,0,0,0
101,2017-04-13,21:00:46,0,ZC705,XZCE,621.6,620.6,623.4,2790,173505199.99,265150,265232,659.6,584.8,622.2,623.2,0.0,622.8,0.0,0,0,2017-04-14,75646000,621.6,14,0,0,0,0,0,0,0,0,621.8,34,0,0,0,0,0,0,0,0
102,2017-04-13,21:00:47,0,ZC705,XZCE,621.8,620.6,623.4,2792,173629559.99,265150,265232,659.6,584.8,622.2,623.2,0.0,622.8,0.0,0,0,2017-04-14,75647000,621.6,23,0,0,0,0,0,0,0,0,621.8,33,0,0,0,0,0,0,0,0
103,2017-04-13,21:00:48,0,ZC705,XZCE,621.8,620.6,623.4,2792,173629559.99,265150,265232,659.6,584.8,622.2,623.2,0.0,622.8,0.0,0,0,2017-04-14,75648000,621.6,21,0,0,0,0,0,0,0,0,621.8,33,0,0,0,0,0,0,0,0
104,2017-04-13,21:00:48,0,ZC705,XZCE,621.6,620.6,623.4,2822,175494359.99,265122,265232,659.6,584.8,622.2,623.2,0.0,622.8,0.0,0,0,2017-04-14,75648000,621.6,6,0,0,0,0,0,0,0,0,621.8,33,0,0,0,0,0,0,0,0
105,2017-04-13,21:00:48,0,ZC705,XZCE,621.6,620.6,623.4,2828,175867319.99,265116,265232,659.6,584.8,622.2,623.2,0.0,622.8,0.0,0,0,2017-04-14,75648000,621.6,3,0,0,0,0,0,0,0,0,621.8,33,0,0,0,0,0,0,0,0
106,2017-04-13,21:00:49,0,ZC705,XZCE,621.8,620.6,623.4,2830,175991679.99,265114,265232,659.6,584.8,622.2,623.2,0.0,622.8,0.0,0,0,2017-04-14,75649000,621.6,3,0,0,0,0,0,0,0,0,621.8,32,0,0,0,0,0,0,0,0
107,2017-04-13,21:00:51,0,ZC705,XZCE,621.6,620.6,623.4,2836,176364639.99,265108,265232,659.6,584.8,622.2,623.2,0.0,622.8,0.0,0,0,2017-04-14,75651000,621.6,12,0,0,0,0,0,0,0,0,621.8,32,0,0,0,0,0,0,0,0
108,2017-04-13,21:00:51,0,ZC705,XZCE,621.6,620.6,623.4,2838,176488959.99,265106,265232,659.6,584.8,622.2,623.2,0.0,622.8,0.0,0,0,2017-04-14,75651000,621.6,11,0,0,0,0,0,0,0,0,621.8,32,0,0,0,0,0,0,0,0
109,2017-04-13,21:00:52,0,ZC705,XZCE,621.6,620.6,623.4,2838,176488959.99,265106,265232,659.6,584.8,622.2,623.2,0.0,622.8,0.0,0,0,2017-04-14,75652000,621.6,11,0,0,0,0,0,0,0,0,621.8,33,0,0,0,0,0,0,0,0
110,2017-04-13,21:00:52,0,ZC705,XZCE,621.6,620.6,623.4,2860,177856479.99,265088,265232,659.6,584.8,622.2,623.2,0.0,622.8,0.0,0,0,2017-04-14,75652000,621.4,41,0,0,0,0,0,0,0,0,621.6,41,0,0,0,0,0,0,0,0
111,2017-04-13,21:00:53,0,ZC705,XZCE,621.6,620.6,623.4,2860,177856479.99,265088,265232,659.6,584.8,622.2,623.2,0.0,622.8,0.0,0,0,2017-04-14,75653000,621.4,41,0,0,0,0,0,0,0,0,621.6,42,0,0,0,0,0,0,0,0
112,2017-04-13,21:00:54,0,ZC705,XZCE,621.6,620.6,623.4,2864,178105119.99,265084,265232,659.6,584.8,622.2,623.2,0.0,622.8,0.0,0,0,2017-04-14,75654000,621.4,41,0,0,0,0,0,0,0,0,621.6,40,0,0,0,0,0,0,0,0
113,2017-04-13,21:00:54,0,ZC705,XZCE,621.4,620.6,623.4,2900,180342159.99,265094,265232,659.6,584.8,622.2,623.2,0.0,622.8,0.0,0,0,2017-04-14,75654000,621.4,29,0,0,0,0,0,0,0,0,621.6,84,0,0,0,0,0,0,0,0
114,2017-04-13,21:00:55,0,ZC705,XZCE,621.4,620.6,623.4,2980,185313359.99,265028,265232,659.6,584.8,622.2,623.2,0.0,622.8,0.0,0,0,2017-04-14,75655000,621.2,52,0,0,0,0,0,0,0,0,621.4,40,0,0,0,0,0,0,0,0
115,2017-04-13,21:00:56,0,ZC705,XZCE,621.2,620.6,623.4,2994,186183039.99,265028,265232,659.6,584.8,622.2,623.2,0.0,622.8,0.0,0,0,2017-04-14,75656000,621.2,48,0,0,0,0,0,0,0,0,621.4,37,0,0,0,0,0,0,0,0
116,2017-04-13,21:00:56,0,ZC705,XZCE,621.4,620.6,623.4,2996,186307319.99,265028,265232,659.6,584.8,622.2,623.2,0.0,622.8,0.0,0,0,2017-04-14,75656000,621.2,49,0,0,0,0,0,0,0,0,621.4,36,0,0,0,0,0,0,0,0
117,2017-04-13,21:00:57,0,ZC705,XZCE,621.2,620.6,623.4,3098,192643559.99,264974,265232,659.6,584.8,622.2,623.2,0.0,622.8,0.0,0,0,2017-04-14,75657000,621.2,1,0,0,0,0,0,0,0,0,621.4,36,0,0,0,0,0,0,0,0
118,2017-04-13,21:00:57,0,ZC705,XZCE,621.0,620.6,623.4,3260,202703759.99,264852,265232,659.6,584.8,622.2,623.2,0.0,622.8,0.0,0,0,2017-04-14,75657000,620.8,11,0,0,0,0,0,0,0,0,621.2,20,0,0,0,0,0,0,0,0
119,2017-04-13,21:00:58,0,ZC705,XZCE,621.0,620.6,623.4,3262,202827959.99,264850,265232,659.6,584.8,622.2,623.2,0.0,622.8,0.0,0,0,2017-04-14,75658000,620.8,14,0,0,0,0,0,0,0,0,621.0,5,0,0,0,0,0,0,0,0
120,2017-04-13,21:00:58,0,ZC705,XZCE,621.0,620.6,623.4,3266,203076359.99,264848,265232,659.6,584.8,622.2,623.2,0.0,622.8,0.0,0,0,2017-04-14,75658000,620.8,13,0,0,0,0,0,0,0,0,621.0,4,0,0,0,0,0,0,0,0
121,2017-04-13,21:00:59,0,ZC705,XZCE,621.2,620.6,623.4,3276,203697559.99,264848,265232,659.6,584.8,622.2,623.2,0.0,622.8,0.0,0,0,2017-04-14,75659000,620.8,13,0,0,0,0,0,0,0,0,621.2,21,0,0,0,0,0,0,0,0
122,2017-04-13,21:00:59,0,ZC705,XZCE,621.2,620.6,623.4,3316,206182359.99,264844,265232,659.6,584.8,622.2,623.2,0.0,622.8,0.0,0,0,2017-04-14,75659000,620.6,22,0,0,0,0,0,0,0,0,621.2,1,0,0,0,0,0,0,0,0
123,2017-04-13,21:01:00,0,ZC705,XZCE,621.0,620.6,623.4,3322,206554959.99,264844,265232,659.6,584.8,622.2,623.2,0.0,622.8,0.0,0,0,2017-04-14,75660000,621.0,4,0,0,0,0,0,0,0,0,621.2,1,0,0,0,0,0,0,0,0
124,2017-04-13,21:01:00,0,ZC705,XZCE,621.0,620.6,623.4,3342,207796959.99,264844,265232,659.6,584.8,622.2,623.2,0.0,622.8,0.0,0,0,2017-04-14,75660000,620.8,8,0,0,0,0,0,0,0,0,621.0,2,0,0,0,0,0,0,0,0
125,2017-04-13,21:01:01,0,ZC705,XZCE,621.0,620.6,623.4,3354,208542159.99,264840,265232,659.6,584.8,622.2,623.2,0.0,622.8,0.0,0,0,2017-04-14,75661000,620.8,10,0,0,0,0,0,0,0,0,621.2,1,0,0,0,0,0,0,0,0
126,2017-04-13,21:01:01,0,ZC705,XZCE,621.0,620.6,623.4,3354,208542159.99,264840,265232,659.6,584.8,622.2,623.2,0.0,622.8,0.0,0,0,2017-04-14,75661000,620.8,11,0,0,0,0,0,0,0,0,621.2,1,0,0,0,0,0,0,0,0
127,2017-04-13,21:01:01,0,ZC705,XZCE,621.0,620.6,623.4,3356,208666359.99,264838,265232,659.6,584.8,622.2,623.2,0.0,622.8,0.0,0,0,2017-04-14,75661000,620.8,12,0,0,0,0,0,0,0,0,621.2,1,0,0,0,0,0,0,0,0
128,2017-04-13,21:01:02,0,ZC705,XZCE,621.0,620.6,623.4,3356,208666359.99,264838,265232,659.6,584.8,622.2,623.2,0.0,622.8,0.0,0,0,2017-04-14,75662000,620.8,12,0,0,0,0,0,0,0,0,621.2,2,0,0,0,0,0,0,0,0
129,2017-04-13,21:01:03,0,ZC705,XZCE,620.8,620.6,623.4,3366,209287159.99,264834,265232,659.6,584.8,622.2,623.2,0.0,622.8,0.0,0,0,2017-04-14,75663000,620.8,9,0,0,0,0,0,0,0,0,621.4,86,0,0,0,0,0,0,0,0
130,2017-04-13,21:01:03,0,ZC705,XZCE,620.8,620.6,623.4,3392,210901239.99,264836,265232,659.6,584.8,622.2,623.2,0.0,622.8,0.0,0,0,2017-04-14,75663000,620.6,23,0,0,0,0,0,0,0,0,620.8,12,0,0,0,0,0,0,0,0
131,2017-04-13,21:01:04,0,ZC705,XZCE,620.8,620.6,623.4,3414,212266999.99,264836,265232,659.6,584.8,622.2,623.2,0.0,622.8,0.0,0,0,2017-04-14,75664000,620.6,23,0,0,0,0,0,0,0,0,620.8,17,0,0,0,0,0,0,0,0
132,2017-04-13,21:01:05,0,ZC705,XZCE,620.8,620.6,623.4,3418,212515319.99,264836,265232,659.6,584.8,622.2,623.2,0.0,622.8,0.0,0,0,2017-04-14,75665000,620.6,25,0,0,0,0,0,0,0,0,620.8,15,0,0,0,0,0,0,0,0
133,2017-04-13,21:01:05,0,ZC705,XZCE,620.6,620.6,623.4,3496,217355999.99,264840,265232,659.6,584.8,622.2,623.2,0.0,622.8,0.0,0,0,2017-04-14,75665000,620.6,17,0,0,0,0,0,0,0,0,621.0,7,0,0,0,0,0,0,0,0
134,2017-04-13,21:01:06,0,ZC705,XZCE,620.8,620.6,623.4,3542,220211679.99,264816,265232,659.6,584.8,622.2,623.2,0.0,622.8,0.0,0,0,2017-04-14,75666000,620.8,4,0,0,0,0,0,0,0,0,621.0,7,0,0,0,0,0,0,0,0
135,2017-04-13,21:01:07,0,ZC705,XZCE,621.0,620.6,623.4,3582,222695679.99,264808,265232,659.6,584.8,622.2,623.2,0.0,622.8,0.0,0,0,2017-04-14,75667000,620.8,5,0,0,0,0,0,0,0,0,621.2,10,0,0,0,0,0,0,0,0
136,2017-04-13,21:01:07,0,ZC705,XZCE,621.0,620.6,623.4,3584,222819879.99,264806,265232,659.6,584.8,622.2,623.2,0.0,622.8,0.0,0,0,2017-04-14,75667000,620.8,11,0,0,0,0,0,0,0,0,621.0,1,0,0,0,0,0,0,0,0
137,2017-04-13,21:01:08,0,ZC705,XZCE,620.8,620.6,623.4,3608,224309799.99,264818,265232,659.6,584.8,622.2,623.2,0.0,622.8,0.0,0,0,2017-04-14,75668000,620.6,5,0,0,0,0,0,0,0,0,620.8,38,0,0,0,0,0,0,0,0
138,2017-04-13,21:01:09,0,ZC705,XZCE,620.8,620.6,623.4,3612,224558119.99,264820,265232,659.6,584.8,622.2,623.2,0.0,622.8,0.0,0,0,2017-04-14,75669000,620.6,20,0,0,0,0,0,0,0,0,620.8,36,0,0,0,0,0,0,0,0
139,2017-04-13,21:01:09,0,ZC705,XZCE,620.6,620.6,623.4,3662,227661119.99,264850,265232,659.6,584.8,622.2,623.2,0.0,622.8,0.0,0,0,2017-04-14,75669000,620.6,18,0,0,0,0,0,0,0,0,620.8,44,0,0,0,0,0,0,0,0
140,2017-04-13,21:01:10,0,ZC705,XZCE,620.6,620.6,623.4,3678,228654079.99,264850,265232,659.6,584.8,622.2,623.2,0.0,622.8,0.0,0,0,2017-04-14,75670000,620.6,13,0,0,0,0,0,0,0,0,620.8,42,0,0,0,0,0,0,0,0
141,2017-04-13,21:01:10,0,ZC705,XZCE,620.8,620.6,623.4,3762,233868799.99,264850,265232,659.6,584.8,622.2,623.2,0.0,622.8,0.0,0,0,2017-04-14,75670000,620.6,13,0,0,0,0,0,0,0,0,621.0,1,0,0,0,0,0,0,0,0
142,2017-04-13,21:01:11,0,ZC705,XZCE,620.6,620.6,623.4,3774,234613519.99,264842,265232,659.6,584.8,622.2,623.2,0.0,622.8,0.0,0,0,2017-04-14,75671000,620.6,7,0,0,0,0,0,0,0,0,621.0,1,0,0,0,0,0,0,0,0
143,2017-04-13,21:01:11,0,ZC705,XZCE,620.6,620.6,623.4,3784,235234119.99,264842,265232,659.6,584.8,622.2,623.2,0.0,622.8,0.0,0,0,2017-04-14,75671000,620.6,4,0,0,0,0,0,0,0,0,621.0,1,0,0,0,0,0,0,0,0
144,2017-04-13,21:01:12,0,ZC705,XZCE,620.8,620.6,623.4,3790,235606599.99,264840,265232,659.6,584.8,622.2,623.2,0.0,622.8,0.0,0,0,2017-04-14,75672000,620.8,4,0,0,0,0,0,0,0,0,621.0,1,0,0,0,0,0,0,0,0
145,2017-04-13,21:01:12,0,ZC705,XZCE,620.8,620.6,623.4,3798,236103239.98,264832,265232,659.6,584.8,622.2,623.2,0.0,622.8,0.0,0,0,2017-04-14,75672000,620.8,1,0,0,0,0,0,0,0,0,621.0,20,0,0,0,0,0,0,0,0
146,2017-04-13,21:01:13,0,ZC705,XZCE,620.8,620.6,623.4,3820,237468999.98,264832,265232,659.6,584.8,622.2,623.2,0.0,622.8,0.0,0,0,2017-04-14,75673000,620.6,66,0,0,0,0,0,0,0,0,620.8,3,0,0,0,0,0,0,0,0
147,2017-04-13,21:01:13,0,ZC705,XZCE,620.8,620.6,623.4,3838,238586439.98,264842,265232,659.6,584.8,622.2,623.2,0.0,622.8,0.0,0,0,2017-04-14,75673000,620.8,23,0,0,0,0,0,0,0,0,621.0,21,0,0,0,0,0,0,0,0
148,2017-04-13,21:01:14,0,ZC705,XZCE,620.8,620.6,623.4,3840,238710599.98,264842,265232,659.6,584.8,622.2,623.2,0.0,622.8,0.0,0,0,2017-04-14,75674000,620.8,24,0,0,0,0,0,0,0,0,621.0,21,0,0,0,0,0,0,0,0
149,2017-04-13,21:01:14,0,ZC705,XZCE,620.8,620.6,623.4,3854,239579719.98,264842,265232,659.6,584.8,622.2,623.2,0.0,622.8,0.0,0,0,2017-04-14,75674000,620.8,51,0,0,0,0,0,0,0,0,621.0,21,0,0,0,0,0,0,0,0
150,2017-04-13,21:01:14,0,ZC705,XZCE,620.8,620.6,623.4,3856,239703879.98,264842,265232,659.6,584.8,622.2,623.2,0.0,622.8,0.0,0,0,2017-04-14,75674000,620.8,50,0,0,0,0,0,0,0,0,621.0,20,0,0,0,0,0,0,0,0
151,2017-04-13,21:01:15,0,ZC705,XZCE,620.8,620.6,623.4,3916,243428679.98,264862,265232,659.6,584.8,622.2,623.2,0.0,622.8,0.0,0,0,2017-04-14,75675000,620.8,19,0,0,0,0,0,0,0,0,621.0,20,0,0,0,0,0,0,0,0
152,2017-04-13,21:01:16,0,ZC705,XZCE,621.0,620.6,623.4,3920,243677079.98,264864,265232,659.6,584.8,622.2,623.2,0.0,622.8,0.0,0,0,2017-04-14,75676000,620.8,19,0,0,0,0,0,0,0,0,621.0,19,0,0,0,0,0,0,0,0
153,2017-04-13,21:01:16,0,ZC705,XZCE,620.8,620.6,623.4,3922,243801239.98,264864,265232,659.6,584.8,622.2,623.2,0.0,622.8,0.0,0,0,2017-04-14,75676000,620.8,23,0,0,0,0,0,0,0,0,621.0,19,0,0,0,0,0,0,0,0
154,2017-04-13,21:01:17,0,ZC705,XZCE,620.8,620.6,623.4,3978,247277719.98,264914,265232,659.6,584.8,622.2,623.2,0.0,622.8,0.0,0,0,2017-04-14,75677000,620.6,67,0,0,0,0,0,0,0,0,620.8,26,0,0,0,0,0,0,0,0
155,2017-04-13,21:01:17,0,ZC705,XZCE,620.6,620.6,623.4,4034,250753079.98,264968,265232,659.6,584.8,622.2,623.2,0.0,622.8,0.0,0,0,2017-04-14,75677000,620.6,40,0,0,0,0,0,0,0,0,620.8,26,0,0,0,0,0,0,0,0
156,2017-04-13,21:01:18,0,ZC705,XZCE,620.8,620.6,623.4,4052,251870519.98,264982,265232,659.6,584.8,622.2,623.2,0.0,622.8,0.0,0,0,2017-04-14,75678000,620.6,40,0,0,0,0,0,0,0,0,620.8,19,0,0,0,0,0,0,0,0
157,2017-04-13,21:01:18,0,ZC705,XZCE,620.8,620.6,623.4,4052,251870519.98,264982,265232,659.6,584.8,622.2,623.2,0.0,622.8,0.0,0,0,2017-04-14,75678000,620.6,44,0,0,0,0,0,0,0,0,620.8,21,0,0,0,0,0,0,0,0
158,2017-04-13,21:01:19,0,ZC705,XZCE,620.8,620.6,623.4,4058,252242999.98,264982,265232,659.6,584.8,622.2,623.2,0.0,622.8,0.0,0,0,2017-04-14,75679000,620.6,44,0,0,0,0,0,0,0,0,620.8,18,0,0,0,0,0,0,0,0
159,2017-04-13,21:01:19,0,ZC705,XZCE,620.8,620.6,623.4,4058,252242999.98,264982,265232,659.6,584.8,622.2,623.2,0.0,622.8,0.0,0,0,2017-04-14,75679000,620.6,34,0,0,0,0,0,0,0,0,620.8,18,0,0,0,0,0,0,0,0
160,2017-04-13,21:01:20,0,ZC705,XZCE,620.6,620.6,623.4,4066,252739479.98,264990,265232,659.6,584.8,622.2,623.2,0.0,622.8,0.0,0,0,2017-04-14,75680000,620.6,31,0,0,0,0,0,0,0,0,620.8,18,0,0,0,0,0,0,0,0
161,2017-04-13,21:01:21,0,ZC705,XZCE,620.8,620.6,623.4,4118,255967639.98,264984,265232,659.6,584.8,622.2,623.2,0.0,622.8,0.0,0,0,2017-04-14,75681000,620.6,8,0,0,0,0,0,0,0,0,620.8,15,0,0,0,0,0,0,0,0
162,2017-04-13,21:01:21,0,ZC705,XZCE,620.6,620.6,623.4,4136,257084719.98,264994,265232,659.6,584.8,622.2,623.2,0.0,622.8,0.0,0,0,2017-04-14,75681000,620.4,33,0,0,0,0,0,0,0,0,620.6,15,0,0,0,0,0,0,0,0
163,2017-04-13,21:01:22,0,ZC705,XZCE,620.6,620.6,623.4,4148,257829439.98,264994,265232,659.6,584.8,622.2,623.2,0.0,622.8,0.0,0,0,2017-04-14,75682000,620.4,33,0,0,0,0,0,0,0,0,620.6,9,0,0,0,0,0,0,0,0
164,2017-04-13,21:01:22,0,ZC705,XZCE,620.6,620.6,623.4,4196,260808319.98,265006,265232,659.6,584.8,622.2,623.2,0.0,622.8,0.0,0,0,2017-04-14,75682000,620.6,18,0,0,0,0,0,0,0,0,620.8,13,0,0,0,0,0,0,0,0
165,2017-04-13,21:01:23,0,ZC705,XZCE,620.6,620.6,623.4,4216,262049519.98,265000,265232,659.6,584.8,622.2,623.2,0.0,622.8,0.0,0,0,2017-04-14,75683000,620.6,9,0,0,0,0,0,0,0,0,620.8,13,0,0,0,0,0,0,0,0
166,2017-04-13,21:01:23,0,ZC705,XZCE,620.6,620.6,623.4,4246,263911319.98,264996,265232,659.6,584.8,622.2,623.2,0.0,622.8,0.0,0,0,2017-04-14,75683000,620.4,34,0,0,0,0,0,0,0,0,620.6,10,0,0,0,0,0,0,0,0
167,2017-04-13,21:01:24,0,ZC705,XZCE,620.6,620.6,623.4,4246,263911319.98,264996,265232,659.6,584.8,622.2,623.2,0.0,622.8,0.0,0,0,2017-04-14,75684000,620.4,35,0,0,0,0,0,0,0,0,620.6,10,0,0,0,0,0,0,0,0
168,2017-04-13,21:01:24,0,ZC705,XZCE,620.6,620.4,623.4,4344,269993199.98,264954,265232,659.6,584.8,622.2,623.2,0.0,622.8,0.0,0,0,2017-04-14,75684000,620.4,1,0,0,0,0,0,0,0,0,620.6,6,0,0,0,0,0,0,0,0
169,2017-04-13,21:01:25,0,ZC705,XZCE,620.6,620.4,623.4,4364,271234399.98,264934,265232,659.6,584.8,622.2,623.2,0.0,622.8,0.0,0,0,2017-04-14,75685000,620.6,3,0,0,0,0,0,0,0,0,620.8,9,0,0,0,0,0,0,0,0
170,2017-04-13,21:01:25,0,ZC705,XZCE,620.6,620.4,623.4,4382,272351479.98,264916,265232,659.6,584.8,622.2,623.2,0.0,622.8,0.0,0,0,2017-04-14,75685000,620.4,19,0,0,0,0,0,0,0,0,620.8,11,0,0,0,0,0,0,0,0
171,2017-04-13,21:01:26,0,ZC705,XZCE,620.4,620.4,623.4,4436,275701639.98,264930,265232,659.6,584.8,622.2,623.2,0.0,622.8,0.0,0,0,2017-04-14,75686000,620.4,5,0,0,0,0,0,0,0,0,620.8,11,0,0,0,0,0,0,0,0
172,2017-04-13,21:01:26,0,ZC705,XZCE,620.8,620.4,623.4,4438,275825799.98,264930,265232,659.6,584.8,622.2,623.2,0.0,622.8,0.0,0,0,2017-04-14,75686000,620.4,8,0,0,0,0,0,0,0,0,620.8,10,0,0,0,0,0,0,0,0
173,2017-04-13,21:01:27,0,ZC705,XZCE,620.4,620.4,623.4,4450,276570279.98,264940,265232,659.6,584.8,622.2,623.2,0.0,622.8,0.0,0,0,2017-04-14,75687000,620.4,2,0,0,0,0,0,0,0,0,620.8,10,0,0,0,0,0,0,0,0
174,2017-04-13,21:01:27,0,ZC705,XZCE,620.6,620.4,623.4,4464,277439119.98,264942,265232,659.6,584.8,622.2,623.2,0.0,622.8,0.0,0,0,2017-04-14,75687000,620.4,21,0,0,0,0,0,0,0,0,620.6,29,0,0,0,0,0,0,0,0
175,2017-04-13,21:01:28,0,ZC705,XZCE,620.4,620.4,623.4,4466,277563199.98,264944,265232,659.6,584.8,622.2,623.2,0.0,622.8,0.0,0,0,2017-04-14,75688000,620.4,21,0,0,0,0,0,0,0,0,620.6,30,0,0,0,0,0,0,0,0
176,2017-04-13,21:01:28,0,ZC705,XZCE,620.4,620.4,623.4,4476,278183599.98,264954,265232,659.6,584.8,622.2,623.2,0.0,622.8,0.0,0,0,2017-04-14,75688000,620.4,16,0,0,0,0,0,0,0,0,620.6,30,0,0,0,0,0,0,0,0
177,2017-04-13,21:01:28,0,ZC705,XZCE,620.6,620.4,623.4,4488,278928319.98,264958,265232,659.6,584.8,622.2,623.2,0.0,622.8,0.0,0,0,2017-04-14,75688000,620.4,16,0,0,0,0,0,0,0,0,620.6,24,0,0,0,0,0,0,0,0
178,2017-04-13,21:01:29,0,ZC705,XZCE,620.6,620.4,623.4,4516,280665999.98,264982,265232,659.6,584.8,622.2,623.2,0.0,622.8,0.0,0,0,2017-04-14,75689000,620.6,5,0,0,0,0,0,0,0,0,620.8,10,0,0,0,0,0,0,0,0
179,2017-04-13,21:01:30,0,ZC705,XZCE,620.6,620.4,623.4,4550,282776039.98,264980,265232,659.6,584.8,622.2,623.2,0.0,622.8,0.0,0,0,2017-04-14,75690000,620.4,17,0,0,0,0,0,0,0,0,620.6,40,0,0,0,0,0,0,0,0
180,2017-04-13,21:01:30,0,ZC705,XZCE,620.4,620.4,623.4,4566,283768679.98,264996,265232,659.6,584.8,622.2,623.2,0.0,622.8,0.0,0,0,2017-04-14,75690000,620.4,17,0,0,0,0,0,0,0,0,620.6,34,0,0,0,0,0,0,0,0
181,2017-04-13,21:01:31,0,ZC705,XZCE,620.6,620.4,623.4,4580,284637519.98,265010,265232,659.6,584.8,622.2,623.2,0.0,622.8,0.0,0,0,2017-04-14,75691000,620.4,37,0,0,0,0,0,0,0,0,620.6,27,0,0,0,0,0,0,0,0
182,2017-04-13,21:01:31,0,ZC705,XZCE,620.6,620.4,623.4,4608,286375199.98,265012,265232,659.6,584.8,622.2,623.2,0.0,622.8,0.0,0,0,2017-04-14,75691000,620.4,43,0,0,0,0,0,0,0,0,620.6,13,0,0,0,0,0,0,0,0
183,2017-04-13,21:01:32,0,ZC705,XZCE,620.4,620.4,623.4,4656,289353119.98,264978,265232,659.6,584.8,622.2,623.2,0.0,622.8,0.0,0,0,2017-04-14,75692000,620.4,21,0,0,0,0,0,0,0,0,620.6,11,0,0,0,0,0,0,0,0
184,2017-04-13,21:01:32,0,ZC705,XZCE,620.4,620.4,623.4,4670,290221679.98,264984,265232,659.6,584.8,622.2,623.2,0.0,622.8,0.0,0,0,2017-04-14,75692000,620.4,42,0,0,0,0,0,0,0,0,620.6,9,0,0,0,0,0,0,0,0
185,2017-04-13,21:01:32,0,ZC705,XZCE,620.4,620.4,623.4,4672,290345759.98,264984,265232,659.6,584.8,622.2,623.2,0.0,622.8,0.0,0,0,2017-04-14,75692000,620.4,47,0,0,0,0,0,0,0,0,620.6,9,0,0,0,0,0,0,0,0
186,2017-04-13,21:01:33,0,ZC705,XZCE,620.6,620.4,623.4,4722,293448759.98,265010,265232,659.6,584.8,622.2,623.2,0.0,622.8,0.0,0,0,2017-04-14,75693000,620.4,47,0,0,0,0,0,0,0,0,620.6,11,0,0,0,0,0,0,0,0
187,2017-04-13,21:01:34,0,ZC705,XZCE,620.6,620.4,623.4,4748,295062319.98,265016,265232,659.6,584.8,622.2,623.2,0.0,622.8,0.0,0,0,2017-04-14,75694000,620.6,12,0,0,0,0,0,0,0,0,620.8,10,0,0,0,0,0,0,0,0
188,2017-04-13,21:01:34,0,ZC705,XZCE,620.6,620.4,623.4,4750,295186439.98,265014,265232,659.6,584.8,622.2,623.2,0.0,622.8,0.0,0,0,2017-04-14,75694000,620.6,11,0,0,0,0,0,0,0,0,620.8,10,0,0,0,0,0,0,0,0
189,2017-04-13,21:01:35,0,ZC705,XZCE,621.4,620.4,623.4,5028,312461359.98,264940,265232,659.6,584.8,622.2,623.2,0.0,622.8,0.0,0,0,2017-04-14,75695000,620.6,26,0,0,0,0,0,0,0,0,621.4,10,0,0,0,0,0,0,0,0
190,2017-04-13,21:01:35,0,ZC705,XZCE,620.8,620.4,623.4,5032,312709679.98,264940,265232,659.6,584.8,622.2,623.2,0.0,622.8,0.0,0,0,2017-04-14,75695000,620.8,9,0,0,0,0,0,0,0,0,621.2,3,0,0,0,0,0,0,0,0
191,2017-04-13,21:01:36,0,ZC705,XZCE,620.8,620.4,623.4,5032,312709679.98,264940,265232,659.6,584.8,622.2,623.2,0.0,622.8,0.0,0,0,2017-04-14,75696000,620.8,11,0,0,0,0,0,0,0,0,621.2,4,0,0,0,0,0,0,0,0
192,2017-04-13,21:01:36,0,ZC705,XZCE,621.2,620.4,623.4,5044,313455119.98,264930,265232,659.6,584.8,622.2,623.2,0.0,622.8,0.0,0,0,2017-04-14,75696000,620.8,11,0,0,0,0,0,0,0,0,621.2,21,0,0,0,0,0,0,0,0
193,2017-04-13,21:01:37,0,ZC705,XZCE,621.2,620.4,623.4,5044,313455119.98,264930,265232,659.6,584.8,622.2,623.2,0.0,622.8,0.0,0,0,2017-04-14,75697000,620.8,11,0,0,0,0,0,0,0,0,621.2,23,0,0,0,0,0,0,0,0
194,2017-04-13,21:01:37,0,ZC705,XZCE,620.8,620.4,623.4,5056,314200079.98,264930,265232,659.6,584.8,622.2,623.2,0.0,622.8,0.0,0,0,2017-04-14,75697000,620.8,7,0,0,0,0,0,0,0,0,621.0,20,0,0,0,0,0,0,0,0
195,2017-04-13,21:01:38,0,ZC705,XZCE,620.8,620.4,623.4,5056,314200079.98,264930,265232,659.6,584.8,622.2,623.2,0.0,622.8,0.0,0,0,2017-04-14,75698000,620.8,5,0,0,0,0,0,0,0,0,621.0,22,0,0,0,0,0,0,0,0
196,2017-04-13,21:01:39,0,ZC705,XZCE,621.0,620.4,623.4,5068,314945279.98,264928,265232,659.6,584.8,622.2,623.2,0.0,622.8,0.0,0,0,2017-04-14,75699000,620.6,40,0,0,0,0,0,0,0,0,620.8,5,0,0,0,0,0,0,0,0
197,2017-04-13,21:01:40,0,ZC705,XZCE,621.0,620.4,623.4,5078,315566279.98,264928,265232,659.6,584.8,622.2,623.2,0.0,622.8,0.0,0,0,2017-04-14,75700000,620.6,47,0,0,0,0,0,0,0,0,620.8,44,0,0,0,0,0,0,0,0
198,2017-04-13,21:01:40,0,ZC705,XZCE,621.0,620.4,623.4,5078,315566279.98,264928,265232,659.6,584.8,622.2,623.2,0.0,622.8,0.0,0,0,2017-04-14,75700000,620.6,46,0,0,0,0,0,0,0,0,620.8,44,0,0,0,0,0,0,0,0
199,2017-04-13,21:01:41,0,ZC705,XZCE,620.8,620.4,623.4,5090,316311239.98,264928,265232,659.6,584.8,622.2,623.2,0.0,622.8,0.0,0,0,2017-04-14,75701000,620.6,37,0,0,0,0,0,0,0,0,620.8,39,0,0,0,0,0,0,0,0
200,2017-04-13,21:01:41,0,ZC705,XZCE,620.8,620.4,623.4,5092,316435399.98,264928,265232,659.6,584.8,622.2,623.2,0.0,622.8,0.0,0,0,2017-04-14,75701000,620.6,25,0,0,0,0,0,0,0,0,620.8,39,0,0,0,0,0,0,0,0
201,2017-04-13,21:01:42,0,ZC705,XZCE,620.6,620.4,623.4,5144,319662519.98,264936,265232,659.6,584.8,622.2,623.2,0.0,622.8,0.0,0,0,2017-04-14,75702000,620.4,34,0,0,0,0,0,0,0,0,620.6,1,0,0,0,0,0,0,0,0
202,2017-04-13,21:01:43,0,ZC705,XZCE,620.6,620.4,623.4,5144,319662519.98,264936,265232,659.6,584.8,622.2,623.2,0.0,622.8,0.0,0,0,2017-04-14,75703000,620.4,36,0,0,0,0,0,0,0,0,620.6,3,0,0,0,0,0,0,0,0
203,2017-04-13,21:01:44,0,ZC705,XZCE,620.4,620.4,623.4,5154,320282919.98,264926,265232,659.6,584.8,622.2,623.2,0.0,622.8,0.0,0,0,2017-04-14,75704000,620.4,31,0,0,0,0,0,0,0,0,620.6,3,0,0,0,0,0,0,0,0
204,2017-04-13,21:01:45,0,ZC705,XZCE,620.8,620.4,623.4,5162,320779559.97,264922,265232,659.6,584.8,622.2,623.2,0.0,622.8,0.0,0,0,2017-04-14,75705000,620.4,31,0,0,0,0,0,0,0,0,620.8,77,0,0,0,0,0,0,0,0
205,2017-04-13,21:01:46,0,ZC705,XZCE,620.6,620.4,623.4,5174,321524279.97,264924,265232,659.6,584.8,622.2,623.2,0.0,622.8,0.0,0,0,2017-04-14,75706000,620.4,30,0,0,0,0,0,0,0,0,620.6,1,0,0,0,0,0,0,0,0
206,2017-04-13,21:01:46,0,ZC705,XZCE,620.8,620.4,623.4,5190,322517559.97,264912,265232,659.6,584.8,622.2,623.2,0.0,622.8,0.0,0,0,2017-04-14,75706000,620.6,39,0,0,0,0,0,0,0,0,620.8,73,0,0,0,0,0,0,0,0
207,2017-04-13,21:01:47,0,ZC705,XZCE,620.6,620.4,623.4,5200,323138159.97,264902,265232,659.6,584.8,622.2,623.2,0.0,622.8,0.0,0,0,2017-04-14,75707000,620.6,35,0,0,0,0,0,0,0,0,620.8,71,0,0,0,0,0,0,0,0
208,2017-04-13,21:01:47,0,ZC705,XZCE,620.6,620.4,623.4,5240,325620559.97,264902,265232,659.6,584.8,622.2,623.2,0.0,622.8,0.0,0,0,2017-04-14,75707000,620.6,23,0,0,0,0,0,0,0,0,620.8,71,0,0,0,0,0,0,0,0
209,2017-04-13,21:01:48,0,ZC705,XZCE,620.8,620.4,623.4,5246,325993039.97,264902,265232,659.6,584.8,622.2,623.2,0.0,622.8,0.0,0,0,2017-04-14,75708000,620.6,23,0,0,0,0,0,0,0,0,620.8,68,0,0,0,0,0,0,0,0
210,2017-04-13,21:01:48,0,ZC705,XZCE,620.6,620.4,623.4,5248,326117159.97,264902,265232,659.6,584.8,622.2,623.2,0.0,622.8,0.0,0,0,2017-04-14,75708000,620.6,23,0,0,0,0,0,0,0,0,620.8,68,0,0,0,0,0,0,0,0
211,2017-04-13,21:01:49,0,ZC705,XZCE,620.6,620.4,623.4,5248,326117159.97,264902,265232,659.6,584.8,622.2,623.2,0.0,622.8,0.0,0,0,2017-04-14,75709000,620.6,29,0,0,0,0,0,0,0,0,620.8,68,0,0,0,0,0,0,0,0
212,2017-04-13,21:01:49,0,ZC705,XZCE,620.6,620.4,623.4,5262,326985999.97,264892,265232,659.6,584.8,622.2,623.2,0.0,622.8,0.0,0,0,2017-04-14,75709000,620.6,22,0,0,0,0,0,0,0,0,620.8,68,0,0,0,0,0,0,0,0
213,2017-04-13,21:01:50,0,ZC705,XZCE,620.8,620.4,623.4,5266,327234319.97,264888,265232,659.6,584.8,622.2,623.2,0.0,622.8,0.0,0,0,2017-04-14,75710000,620.6,22,0,0,0,0,0,0,0,0,620.8,67,0,0,0,0,0,0,0,0
214,2017-04-13,21:01:50,0,ZC705,XZCE,620.8,620.4,623.4,5266,327234319.97,264888,265232,659.6,584.8,622.2,623.2,0.0,622.8,0.0,0,0,2017-04-14,75710000,620.6,24,0,0,0,0,0,0,0,0,620.8,67,0,0,0,0,0,0,0,0
215,2017-04-13,21:01:51,0,ZC705,XZCE,620.8,620.4,623.4,5266,327234319.97,264888,265232,659.6,584.8,622.2,623.2,0.0,622.8,0.0,0,0,2017-04-14,75711000,620.6,26,0,0,0,0,0,0,0,0,620.8,68,0,0,0,0,0,0,0,0
216,2017-04-13,21:01:51,0,ZC705,XZCE,620.6,620.4,623.4,5274,327730799.97,264880,265232,659.6,584.8,622.2,623.2,0.0,622.8,0.0,0,0,2017-04-14,75711000,620.6,34,0,0,0,0,0,0,0,0,620.8,65,0,0,0,0,0,0,0,0
217,2017-04-13,21:01:52,0,ZC705,XZCE,620.6,620.4,623.4,5284,328351399.97,264880,265232,659.6,584.8,622.2,623.2,0.0,622.8,0.0,0,0,2017-04-14,75712000,620.6,29,0,0,0,0,0,0,0,0,620.8,65,0,0,0,0,0,0,0,0
218,2017-04-13,21:01:52,0,ZC705,XZCE,620.8,620.4,623.4,5294,328972199.97,264872,265232,659.6,584.8,622.2,623.2,0.0,622.8,0.0,0,0,2017-04-14,75712000,620.6,29,0,0,0,0,0,0,0,0,620.8,70,0,0,0,0,0,0,0,0
219,2017-04-13,21:01:53,0,ZC705,XZCE,620.8,620.4,623.4,5300,329344679.97,264872,265232,659.6,584.8,622.2,623.2,0.0,622.8,0.0,0,0,2017-04-14,75713000,620.6,30,0,0,0,0,0,0,0,0,620.8,67,0,0,0,0,0,0,0,0
220,2017-04-13,21:01:53,0,ZC705,XZCE,620.6,620.4,623.4,5336,331578839.97,264888,265232,659.6,584.8,622.2,623.2,0.0,622.8,0.0,0,0,2017-04-14,75713000,620.6,18,0,0,0,0,0,0,0,0,620.8,67,0,0,0,0,0,0,0,0
221,2017-04-13,21:01:54,0,ZC705,XZCE,620.6,620.4,623.4,5336,331578839.97,264888,265232,659.6,584.8,622.2,623.2,0.0,622.8,0.0,0,0,2017-04-14,75714000,620.6,19,0,0,0,0,0,0,0,0,620.8,67,0,0,0,0,0,0,0,0
222,2017-04-13,21:01:54,0,ZC705,XZCE,620.6,620.4,623.4,5336,331578839.97,264888,265232,659.6,584.8,622.2,623.2,0.0,622.8,0.0,0,0,2017-04-14,75714000,620.6,21,0,0,0,0,0,0,0,0,620.8,67,0,0,0,0,0,0,0,0
223,2017-04-13,21:01:54,0,ZC705,XZCE,620.6,620.4,623.4,5336,331578839.97,264888,265232,659.6,584.8,622.2,623.2,0.0,622.8,0.0,0,0,2017-04-14,75714000,620.6,26,0,0,0,0,0,0,0,0,620.8,67,0,0,0,0,0,0,0,0
224,2017-04-13,21:01:56,0,ZC705,XZCE,620.6,620.4,623.4,5364,333316519.97,264912,265232,659.6,584.8,622.2,623.2,0.0,622.8,0.0,0,0,2017-04-14,75716000,620.6,31,0,0,0,0,0,0,0,0,620.8,57,0,0,0,0,0,0,0,0
225,2017-04-13,21:01:56,0,ZC705,XZCE,620.8,620.4,623.4,5404,335799719.97,264940,265232,659.6,584.8,622.2,623.2,0.0,622.8,0.0,0,0,2017-04-14,75716000,620.6,32,0,0,0,0,0,0,0,0,620.8,37,0,0,0,0,0,0,0,0
226,2017-04-13,21:01:56,0,ZC705,XZCE,620.8,620.4,623.4,5404,335799719.97,264940,265232,659.6,584.8,622.2,623.2,0.0,622.8,0.0,0,0,2017-04-14,75716000,620.6,32,0,0,0,0,0,0,0,0,620.8,38,0,0,0,0,0,0,0,0
227,2017-04-13,21:01:57,0,ZC705,XZCE,620.6,620.4,623.4,5416,336544439.97,264942,265232,659.6,584.8,622.2,623.2,0.0,622.8,0.0,0,0,2017-04-14,75717000,620.6,37,0,0,0,0,0,0,0,0,620.8,33,0,0,0,0,0,0,0,0
228,2017-04-13,21:01:58,0,ZC705,XZCE,620.6,620.4,623.4,5426,337165039.97,264952,265232,659.6,584.8,622.2,623.2,0.0,622.8,0.0,0,0,2017-04-14,75718000,620.6,33,0,0,0,0,0,0,0,0,620.8,33,0,0,0,0,0,0,0,0
229,2017-04-13,21:01:58,0,ZC705,XZCE,620.6,620.4,623.4,5436,337785639.97,264952,265232,659.6,584.8,622.2,623.2,0.0,622.8,0.0,0,0,2017-04-14,75718000,620.6,31,0,0,0,0,0,0,0,0,620.8,30,0,0,0,0,0,0,0,0
230,2017-04-13,21:01:59,0,ZC705,XZCE,620.6,620.4,623.4,5438,337909759.97,264954,265232,659.6,584.8,622.2,623.2,0.0,622.8,0.0,0,0,2017-04-14,75719000,620.6,32,0,0,0,0,0,0,0,0,620.8,30,0,0,0,0,0,0,0,0
231,2017-04-13,21:01:59,0,ZC705,XZCE,620.8,620.4,623.4,5478,340392959.97,264960,265232,659.6,584.8,622.2,623.2,0.0,622.8,0.0,0,0,2017-04-14,75719000,620.6,15,0,0,0,0,0,0,0,0,620.8,29,0,0,0,0,0,0,0,0
232,2017-04-13,21:02:00,0,ZC705,XZCE,620.8,620.4,623.4,5512,342503679.97,264960,265232,659.6,584.8,622.2,623.2,0.0,622.8,0.0,0,0,2017-04-14,75720000,620.6,15,0,0,0,0,0,0,0,0,620.8,62,0,0,0,0,0,0,0,0
233,2017-04-13,21:02:01,0,ZC705,XZCE,620.6,620.4,623.4,5518,342876039.97,264954,265232,659.6,584.8,622.2,623.2,0.0,622.8,0.0,0,0,2017-04-14,75721000,620.6,12,0,0,0,0,0,0,0,0,620.8,62,0,0,0,0,0,0,0,0
234,2017-04-13,21:02:01,0,ZC705,XZCE,620.6,620.4,623.4,5524,343248399.97,264954,265232,659.6,584.8,622.2,623.2,0.0,622.8,0.0,0,0,2017-04-14,75721000,620.6,9,0,0,0,0,0,0,0,0,620.8,62,0,0,0,0,0,0,0,0
235,2017-04-13,21:02:02,0,ZC705,XZCE,620.6,620.4,623.4,5542,344365479.97,264944,265232,659.6,584.8,622.2,623.2,0.0,622.8,0.0,0,0,2017-04-14,75722000,620.4,61,0,0,0,0,0,0,0,0,620.6,13,0,0,0,0,0,0,0,0
236,2017-04-13,21:02:02,0,ZC705,XZCE,620.6,620.4,623.4,5542,344365479.97,264944,265232,659.6,584.8,622.2,623.2,0.0,622.8,0.0,0,0,2017-04-14,75722000,620.4,62,0,0,0,0,0,0,0,0,620.6,13,0,0,0,0,0,0,0,0
237,2017-04-13,21:02:03,0,ZC705,XZCE,620.4,620.4,623.4,5548,344737719.97,264944,265232,659.6,584.8,622.2,623.2,0.0,622.8,0.0,0,0,2017-04-14,75723000,620.4,59,0,0,0,0,0,0,0,0,620.6,17,0,0,0,0,0,0,0,0
238,2017-04-13,21:02:04,0,ZC705,XZCE,620.6,620.4,623.4,5564,345730679.97,264940,265232,659.6,584.8,622.2,623.2,0.0,622.8,0.0,0,0,2017-04-14,75724000,620.4,55,0,0,0,0,0,0,0,0,620.6,14,0,0,0,0,0,0,0,0
239,2017-04-13,21:02:05,0,ZC705,XZCE,620.6,620.4,623.4,5566,345854799.97,264940,265232,659.6,584.8,622.2,623.2,0.0,622.8,0.0,0,0,2017-04-14,75725000,620.4,55,0,0,0,0,0,0,0,0,620.6,15,0,0,0,0,0,0,0,0
240,2017-04-13,21:02:05,0,ZC705,XZCE,620.4,620.4,623.4,5604,348212319.97,264950,265232,659.6,584.8,622.2,623.2,0.0,622.8,0.0,0,0,2017-04-14,75725000,620.4,36,0,0,0,0,0,0,0,0,620.6,15,0,0,0,0,0,0,0,0
241,2017-04-13,21:02:06,0,ZC705,XZCE,620.4,620.4,623.4,5680,352927359.97,264918,265232,659.6,584.8,622.2,623.2,0.0,622.8,0.0,0,0,2017-04-14,75726000,620.2,70,0,0,0,0,0,0,0,0,620.4,2,0,0,0,0,0,0,0,0
242,2017-04-13,21:02:06,0,ZC705,XZCE,620.2,620.2,623.4,5752,357392799.97,264870,265232,659.6,584.8,622.2,623.2,0.0,622.8,0.0,0,0,2017-04-14,75726000,620.2,36,0,0,0,0,0,0,0,0,620.4,26,0,0,0,0,0,0,0,0
243,2017-04-13,21:02:07,0,ZC705,XZCE,620.2,620.2,623.4,5760,357888959.97,264862,265232,659.6,584.8,622.2,623.2,0.0,622.8,0.0,0,0,2017-04-14,75727000,620.2,34,0,0,0,0,0,0,0,0,620.4,24,0,0,0,0,0,0,0,0
244,2017-04-13,21:02:07,0,ZC705,XZCE,620.6,620.2,623.4,5872,364839679.97,264766,265232,659.6,584.8,622.2,623.2,0.0,622.8,0.0,0,0,2017-04-14,75727000,620.6,3,0,0,0,0,0,0,0,0,620.8,63,0,0,0,0,0,0,0,0
245,2017-04-13,21:02:08,0,ZC705,XZCE,620.2,620.2,623.4,5898,366452199.97,264740,265232,659.6,584.8,622.2,623.2,0.0,622.8,0.0,0,0,2017-04-14,75728000,620.2,32,0,0,0,0,0,0,0,0,620.6,17,0,0,0,0,0,0,0,0
246,2017-04-13,21:02:09,0,ZC705,XZCE,620.2,620.2,623.4,5898,366452199.97,264740,265232,659.6,584.8,622.2,623.2,0.0,622.8,0.0,0,0,2017-04-14,75729000,620.2,33,0,0,0,0,0,0,0,0,620.4,1,0,0,0,0,0,0,0,0
247,2017-04-13,21:02:09,0,ZC705,XZCE,620.2,620.2,623.4,5902,366700279.97,264740,265232,659.6,584.8,622.2,623.2,0.0,622.8,0.0,0,0,2017-04-14,75729000,620.2,31,0,0,0,0,0,0,0,0,620.4,1,0,0,0,0,0,0,0,0
248,2017-04-13,21:02:10,0,ZC705,XZCE,620.2,620.2,623.4,5912,367320479.97,264742,265232,659.6,584.8,622.2,623.2,0.0,622.8,0.0,0,0,2017-04-14,75730000,620.2,27,0,0,0,0,0,0,0,0,620.4,1,0,0,0,0,0,0,0,0
249,2017-04-13,21:02:10,0,ZC705,XZCE,620.2,620.2,623.4,5914,367444519.97,264742,265232,659.6,584.8,622.2,623.2,0.0,622.8,0.0,0,0,2017-04-14,75730000,620.2,27,0,0,0,0,0,0,0,0,620.4,1,0,0,0,0,0,0,0,0
250,2017-04-13,21:02:11,0,ZC705,XZCE,620.2,620.2,623.4,5916,367568559.97,264742,265232,659.6,584.8,622.2,623.2,0.0,622.8,0.0,0,0,2017-04-14,75731000,620.2,27,0,0,0,0,0,0,0,0,620.4,1,0,0,0,0,0,0,0,0
251,2017-04-13,21:02:11,0,ZC705,XZCE,620.2,620.2,623.4,5952,369801279.97,264762,265232,659.6,584.8,622.2,623.2,0.0,622.8,0.0,0,0,2017-04-14,75731000,620.2,9,0,0,0,0,0,0,0,0,620.4,1,0,0,0,0,0,0,0,0
252,2017-04-13,21:02:12,0,ZC705,XZCE,620.2,620.2,623.4,5958,370173399.97,264762,265232,659.6,584.8,622.2,623.2,0.0,622.8,0.0,0,0,2017-04-14,75732000,620.2,6,0,0,0,0,0,0,0,0,620.4,1,0,0,0,0,0,0,0,0
253,2017-04-13,21:02:12,0,ZC705,XZCE,620.4,620.2,623.4,5962,370421559.97,264760,265232,659.6,584.8,622.2,623.2,0.0,622.8,0.0,0,0,2017-04-14,75732000,620.2,6,0,0,0,0,0,0,0,0,620.4,1,0,0,0,0,0,0,0,0
254,2017-04-13,21:02:13,0,ZC705,XZCE,620.4,620.2,623.4,5966,370669719.97,264760,265232,659.6,584.8,622.2,623.2,0.0,622.8,0.0,0,0,2017-04-14,75733000,620.2,5,0,0,0,0,0,0,0,0,620.6,19,0,0,0,0,0,0,0,0
255,2017-04-13,21:02:13,0,ZC705,XZCE,620.2,620.2,623.4,5972,371041839.97,264758,265232,659.6,584.8,622.2,623.2,0.0,622.8,0.0,0,0,2017-04-14,75733000,620.2,16,0,0,0,0,0,0,0,0,620.6,19,0,0,0,0,0,0,0,0
256,2017-04-13,21:02:14,0,ZC705,XZCE,620.2,620.2,623.4,5972,371041839.97,264758,265232,659.6,584.8,622.2,623.2,0.0,622.8,0.0,0,0,2017-04-14,75734000,620.2,15,0,0,0,0,0,0,0,0,620.6,19,0,0,0,0,0,0,0,0
257,2017-04-13,21:02:15,0,ZC705,XZCE,620.2,620.2,623.4,5972,371041839.97,264758,265232,659.6,584.8,622.2,623.2,0.0,622.8,0.0,0,0,2017-04-14,75735000,620.2,9,0,0,0,0,0,0,0,0,620.6,19,0,0,0,0,0,0,0,0
258,2017-04-13,21:02:16,0,ZC705,XZCE,620.2,620.2,623.4,5976,371289919.97,264756,265232,659.6,584.8,622.2,623.2,0.0,622.8,0.0,0,0,2017-04-14,75736000,620.2,8,0,0,0,0,0,0,0,0,620.6,18,0,0,0,0,0,0,0,0
259,2017-04-13,21:02:16,0,ZC705,XZCE,620.2,620.2,623.4,6030,374638999.97,264772,265232,659.6,584.8,622.2,623.2,0.0,622.8,0.0,0,0,2017-04-14,75736000,620.2,5,0,0,0,0,0,0,0,0,620.6,13,0,0,0,0,0,0,0,0
260,2017-04-13,21:02:17,0,ZC705,XZCE,620.2,620.2,623.4,6032,374763039.97,264772,265232,659.6,584.8,622.2,623.2,0.0,622.8,0.0,0,0,2017-04-14,75737000,620.2,4,0,0,0,0,0,0,0,0,620.6,13,0,0,0,0,0,0,0,0
261,2017-04-13,21:02:17,0,ZC705,XZCE,620.6,620.2,623.4,6042,375383639.97,264762,265232,659.6,584.8,622.2,623.2,0.0,622.8,0.0,0,0,2017-04-14,75737000,620.2,12,0,0,0,0,0,0,0,0,620.4,19,0,0,0,0,0,0,0,0
262,2017-04-13,21:02:18,0,ZC705,XZCE,620.6,620.2,623.4,6096,378734879.97,264750,265232,659.6,584.8,622.2,623.2,0.0,622.8,0.0,0,0,2017-04-14,75738000,620.2,11,0,0,0,0,0,0,0,0,620.6,1,0,0,0,0,0,0,0,0
263,2017-04-13,21:02:18,0,ZC705,XZCE,620.6,620.2,623.4,6102,379107239.97,264746,265232,659.6,584.8,622.2,623.2,0.0,622.8,0.0,0,0,2017-04-14,75738000,620.2,12,0,0,0,0,0,0,0,0,620.6,1,0,0,0,0,0,0,0,0
264,2017-04-13,21:02:19,0,ZC705,XZCE,620.6,620.2,623.4,6102,379107239.97,264746,265232,659.6,584.8,622.2,623.2,0.0,622.8,0.0,0,0,2017-04-14,75739000,620.4,6,0,0,0,0,0,0,0,0,620.6,1,0,0,0,0,0,0,0,0
265,2017-04-13,21:02:19,0,ZC705,XZCE,620.6,620.2,623.4,6106,379355479.97,264744,265232,659.6,584.8,622.2,623.2,0.0,622.8,0.0,0,0,2017-04-14,75739000,620.4,5,0,0,0,0,0,0,0,0,620.8,63,0,0,0,0,0,0,0,0
266,2017-04-13,21:02:20,0,ZC705,XZCE,620.4,620.2,623.4,6108,379479559.97,264744,265232,659.6,584.8,622.2,623.2,0.0,622.8,0.0,0,0,2017-04-14,75740000,620.4,4,0,0,0,0,0,0,0,0,620.8,69,0,0,0,0,0,0,0,0
267,2017-04-13,21:02:21,0,ZC705,XZCE,620.6,620.2,623.4,6110,379603679.97,264742,265232,659.6,584.8,622.2,623.2,0.0,622.8,0.0,0,0,2017-04-14,75741000,620.4,4,0,0,0,0,0,0,0,0,620.6,1,0,0,0,0,0,0,0,0
268,2017-04-13,21:02:21,0,ZC705,XZCE,620.6,620.2,623.4,6110,379603679.97,264742,265232,659.6,584.8,622.2,623.2,0.0,622.8,0.0,0,0,2017-04-14,75741000,620.4,4,0,0,0,0,0,0,0,0,620.6,2,0,0,0,0,0,0,0,0
269,2017-04-13,21:02:22,0,ZC705,XZCE,620.4,620.2,623.4,6112,379727759.97,264742,265232,659.6,584.8,622.2,623.2,0.0,622.8,0.0,0,0,2017-04-14,75742000,620.4,13,0,0,0,0,0,0,0,0,620.6,2,0,0,0,0,0,0,0,0
270,2017-04-13,21:02:22,0,ZC705,XZCE,620.8,620.2,623.4,6130,380845199.97,264758,265232,659.6,584.8,622.2,623.2,0.0,622.8,0.0,0,0,2017-04-14,75742000,620.4,33,0,0,0,0,0,0,0,0,620.8,63,0,0,0,0,0,0,0,0
271,2017-04-13,21:02:23,0,ZC705,XZCE,620.2,620.2,623.4,6230,387047199.97,264790,265232,659.6,584.8,622.2,623.2,0.0,622.8,0.0,0,0,2017-04-14,75743000,620.2,9,0,0,0,0,0,0,0,0,620.4,1,0,0,0,0,0,0,0,0
272,2017-04-13,21:02:23,0,ZC705,XZCE,620.4,620.2,623.4,6232,387171279.97,264790,265232,659.6,584.8,622.2,623.2,0.0,622.8,0.0,0,0,2017-04-14,75743000,620.6,9,0,0,0,0,0,0,0,0,620.8,63,0,0,0,0,0,0,0,0
273,2017-04-13,21:02:24,0,ZC705,XZCE,620.4,620.2,623.4,6242,387791679.97,264800,265232,659.6,584.8,622.2,623.2,0.0,622.8,0.0,0,0,2017-04-14,75744000,620.6,5,0,0,0,0,0,0,0,0,620.8,63,0,0,0,0,0,0,0,0
274,2017-04-13,21:02:24,0,ZC705,XZCE,620.6,620.2,623.4,6244,387915799.97,264802,265232,659.6,584.8,622.2,623.2,0.0,622.8,0.0,0,0,2017-04-14,75744000,620.6,4,0,0,0,0,0,0,0,0,620.8,63,0,0,0,0,0,0,0,0
275,2017-04-13,21:02:25,0,ZC705,XZCE,620.6,620.2,623.4,6256,388660519.97,264810,265232,659.6,584.8,622.2,623.2,0.0,622.8,0.0,0,0,2017-04-14,75745000,620.6,8,0,0,0,0,0,0,0,0,620.8,62,0,0,0,0,0,0,0,0
276,2017-04-13,21:02:25,0,ZC705,XZCE,620.6,620.2,623.4,6258,388784639.97,264812,265232,659.6,584.8,622.2,623.2,0.0,622.8,0.0,0,0,2017-04-14,75745000,620.6,7,0,0,0,0,0,0,0,0,620.8,62,0,0,0,0,0,0,0,0
277,2017-04-13,21:02:26,0,ZC705,XZCE,620.6,620.2,623.4,6258,388784639.97,264812,265232,659.6,584.8,622.2,623.2,0.0,622.8,0.0,0,0,2017-04-14,75746000,620.6,7,0,0,0,0,0,0,0,0,620.8,63,0,0,0,0,0,0,0,0
278,2017-04-13,21:02:27,0,ZC705,XZCE,620.8,620.2,623.4,6296,391143679.97,264812,265232,659.6,584.8,622.2,623.2,0.0,622.8,0.0,0,0,2017-04-14,75747000,620.6,7,0,0,0,0,0,0,0,0,620.8,44,0,0,0,0,0,0,0,0
279,2017-04-13,21:02:28,0,ZC705,XZCE,620.6,620.2,623.4,6298,391267799.97,264814,265232,659.6,584.8,622.2,623.2,0.0,622.8,0.0,0,0,2017-04-14,75748000,620.6,6,0,0,0,0,0,0,0,0,620.8,44,0,0,0,0,0,0,0,0
280,2017-04-13,21:02:28,0,ZC705,XZCE,620.8,620.2,623.4,6300,391391959.97,264814,265232,659.6,584.8,622.2,623.2,0.0,622.8,0.0,0,0,2017-04-14,75748000,620.6,6,0,0,0,0,0,0,0,0,620.8,43,0,0,0,0,0,0,0,0
281,2017-04-13,21:02:29,0,ZC705,XZCE,620.8,620.2,623.4,6302,391516119.97,264816,265232,659.6,584.8,622.2,623.2,0.0,622.8,0.0,0,0,2017-04-14,75749000,620.6,15,0,0,0,0,0,0,0,0,620.8,42,0,0,0,0,0,0,0,0
282,2017-04-13,21:02:29,0,ZC705,XZCE,620.8,620.2,623.4,6302,391516119.97,264816,265232,659.6,584.8,622.2,623.2,0.0,622.8,0.0,0,0,2017-04-14,75749000,620.6,7,0,0,0,0,0,0,0,0,620.8,42,0,0,0,0,0,0,0,0
283,2017-04-13,21:02:30,0,ZC705,XZCE,620.8,620.2,623.4,6386,396730839.97,264844,265232,659.6,584.8,622.2,623.2,0.0,622.8,0.0,0,0,2017-04-14,75750000,620.8,37,0,0,0,0,0,0,0,0,621.0,14,0,0,0,0,0,0,0,0
284,2017-04-13,21:02:30,0,ZC705,XZCE,620.8,620.2,623.4,6392,397103319.97,264844,265232,659.6,584.8,622.2,623.2,0.0,622.8,0.0,0,0,2017-04-14,75750000,620.8,34,0,0,0,0,0,0,0,0,621.0,12,0,0,0,0,0,0,0,0
285,2017-04-13,21:02:31,0,ZC705,XZCE,620.6,620.2,623.4,6494,403433439.97,264850,265232,659.6,584.8,622.2,623.2,0.0,622.8,0.0,0,0,2017-04-14,75751000,620.6,23,0,0,0,0,0,0,0,0,621.0,12,0,0,0,0,0,0,0,0
286,2017-04-13,21:02:31,0,ZC705,XZCE,620.6,620.2,623.4,6494,403433439.97,264850,265232,659.6,584.8,622.2,623.2,0.0,622.8,0.0,0,0,2017-04-14,75751000,620.8,1,0,0,0,0,0,0,0,0,621.0,12,0,0,0,0,0,0,0,0
287,2017-04-13,21:02:32,0,ZC705,XZCE,620.8,620.2,623.4,6498,403681759.97,264854,265232,659.6,584.8,622.2,623.2,0.0,622.8,0.0,0,0,2017-04-14,75752000,620.6,24,0,0,0,0,0,0,0,0,621.0,11,0,0,0,0,0,0,0,0
288,2017-04-13,21:02:32,0,ZC705,XZCE,620.8,620.2,623.4,6500,403805919.97,264854,265232,659.6,584.8,622.2,623.2,0.0,622.8,0.0,0,0,2017-04-14,75752000,620.6,24,0,0,0,0,0,0,0,0,621.0,11,0,0,0,0,0,0,0,0
289,2017-04-13,21:02:33,0,ZC705,XZCE,620.8,620.2,623.4,6500,403805919.97,264854,265232,659.6,584.8,622.2,623.2,0.0,622.8,0.0,0,0,2017-04-14,75753000,620.8,2,0,0,0,0,0,0,0,0,621.0,11,0,0,0,0,0,0,0,0
290,2017-04-13,21:02:33,0,ZC705,XZCE,620.8,620.2,623.4,6504,404054239.97,264854,265232,659.6,584.8,622.2,623.2,0.0,622.8,0.0,0,0,2017-04-14,75753000,620.6,22,0,0,0,0,0,0,0,0,621.0,11,0,0,0,0,0,0,0,0
291,2017-04-13,21:02:34,0,ZC705,XZCE,621.0,620.2,623.4,6506,404178439.97,264854,265232,659.6,584.8,622.2,623.2,0.0,622.8,0.0,0,0,2017-04-14,75754000,620.8,9,0,0,0,0,0,0,0,0,621.0,11,0,0,0,0,0,0,0,0
292,2017-04-13,21:02:34,0,ZC705,XZCE,621.0,620.2,623.4,6508,404302639.97,264854,265232,659.6,584.8,622.2,623.2,0.0,622.8,0.0,0,0,2017-04-14,75754000,620.8,10,0,0,0,0,0,0,0,0,621.0,12,0,0,0,0,0,0,0,0
293,2017-04-13,21:02:35,0,ZC705,XZCE,621.0,620.2,623.4,6516,404799439.97,264854,265232,659.6,584.8,622.2,623.2,0.0,622.8,0.0,0,0,2017-04-14,75755000,620.8,8,0,0,0,0,0,0,0,0,621.0,8,0,0,0,0,0,0,0,0
294,2017-04-13,21:02:35,0,ZC705,XZCE,621.0,620.2,623.4,6528,405544639.97,264854,265232,659.6,584.8,622.2,623.2,0.0,622.8,0.0,0,0,2017-04-14,75755000,620.8,8,0,0,0,0,0,0,0,0,621.0,2,0,0,0,0,0,0,0,0
295,2017-04-13,21:02:36,0,ZC705,XZCE,621.0,620.2,623.4,6536,406041439.97,264850,265232,659.6,584.8,622.2,623.2,0.0,622.8,0.0,0,0,2017-04-14,75756000,620.8,4,0,0,0,0,0,0,0,0,621.2,7,0,0,0,0,0,0,0,0
296,2017-04-13,21:02:37,0,ZC705,XZCE,620.8,620.2,623.4,6540,406289759.97,264850,265232,659.6,584.8,622.2,623.2,0.0,622.8,0.0,0,0,2017-04-14,75757000,620.8,3,0,0,0,0,0,0,0,0,621.0,6,0,0,0,0,0,0,0,0
297,2017-04-13,21:02:38,0,ZC705,XZCE,621.0,620.2,623.4,6544,406538159.97,264850,265232,659.6,584.8,622.2,623.2,0.0,622.8,0.0,0,0,2017-04-14,75758000,620.8,3,0,0,0,0,0,0,0,0,621.0,4,0,0,0,0,0,0,0,0
298,2017-04-13,21:02:38,0,ZC705,XZCE,620.8,620.2,623.4,6556,407283119.97,264850,265232,659.6,584.8,622.2,623.2,0.0,622.8,0.0,0,0,2017-04-14,75758000,620.8,7,0,0,0,0,0,0,0,0,621.0,4,0,0,0,0,0,0,0,0
299,2017-04-13,21:02:39,0,ZC705,XZCE,620.8,620.2,623.4,6556,407283119.97,264850,265232,659.6,584.8,622.2,623.2,0.0,622.8,0.0,0,0,2017-04-14,75759000,620.8,8,0,0,0,0,0,0,0,0,621.0,4,0,0,0,0,0,0,0,0
300,2017-04-13,21:02:39,0,ZC705,XZCE,620.8,620.2,623.4,6556,407283119.97,264850,265232,659.6,584.8,622.2,623.2,0.0,622.8,0.0,0,0,2017-04-14,75759000,620.8,7,0,0,0,0,0,0,0,0,621.0,4,0,0,0,0,0,0,0,0
301,2017-04-13,21:02:40,0,ZC705,XZCE,620.8,620.2,623.4,6556,407283119.97,264850,265232,659.6,584.8,622.2,623.2,0.0,622.8,0.0,0,0,2017-04-14,75760000,620.8,7,0,0,0,0,0,0,0,0,621.0,5,0,0,0,0,0,0,0,0
302,2017-04-13,21:02:41,0,ZC705,XZCE,620.8,620.2,623.4,6556,407283119.97,264850,265232,659.6,584.8,622.2,623.2,0.0,622.8,0.0,0,0,2017-04-14,75761000,620.8,8,0,0,0,0,0,0,0,0,621.0,5,0,0,0,0,0,0,0,0
303,2017-04-13,21:02:41,0,ZC705,XZCE,621.0,620.2,623.4,6558,407407319.97,264852,265232,659.6,584.8,622.2,623.2,0.0,622.8,0.0,0,0,2017-04-14,75761000,620.8,9,0,0,0,0,0,0,0,0,621.0,3,0,0,0,0,0,0,0,0
304,2017-04-13,21:02:42,0,ZC705,XZCE,621.0,620.2,623.4,6564,407779919.97,264850,265232,659.6,584.8,622.2,623.2,0.0,622.8,0.0,0,0,2017-04-14,75762000,620.8,9,0,0,0,0,0,0,0,0,621.2,27,0,0,0,0,0,0,0,0
305,2017-04-13,21:02:42,0,ZC705,XZCE,620.8,620.2,623.4,6566,407904079.96,264850,265232,659.6,584.8,622.2,623.2,0.0,622.8,0.0,0,0,2017-04-14,75762000,620.8,8,0,0,0,0,0,0,0,0,621.2,27,0,0,0,0,0,0,0,0
306,2017-04-13,21:02:43,0,ZC705,XZCE,620.8,620.2,623.4,6582,408897359.96,264836,265232,659.6,584.8,622.2,623.2,0.0,622.8,0.0,0,0,2017-04-14,75763000,620.6,22,0,0,0,0,0,0,0,0,620.8,5,0,0,0,0,0,0,0,0
307,2017-04-13,21:02:43,0,ZC705,XZCE,620.8,620.2,623.4,6592,409518159.96,264826,265232,659.6,584.8,622.2,623.2,0.0,622.8,0.0,0,0,2017-04-14,75763000,620.6,23,0,0,0,0,0,0,0,0,620.8,3,0,0,0,0,0,0,0,0
308,2017-04-13,21:02:44,0,ZC705,XZCE,620.8,620.2,623.4,6596,409766479.96,264826,265232,659.6,584.8,622.2,623.2,0.0,622.8,0.0,0,0,2017-04-14,75764000,620.6,23,0,0,0,0,0,0,0,0,620.8,2,0,0,0,0,0,0,0,0
309,2017-04-13,21:02:45,0,ZC705,XZCE,620.8,620.2,623.4,6604,410263119.96,264826,265232,659.6,584.8,622.2,623.2,0.0,622.8,0.0,0,0,2017-04-14,75765000,620.8,4,0,0,0,0,0,0,0,0,621.2,28,0,0,0,0,0,0,0,0
310,2017-04-13,21:02:45,0,ZC705,XZCE,621.2,620.2,623.4,6606,410387359.96,264826,265232,659.6,584.8,622.2,623.2,0.0,622.8,0.0,0,0,2017-04-14,75765000,620.8,4,0,0,0,0,0,0,0,0,621.2,27,0,0,0,0,0,0,0,0
311,2017-04-13,21:02:46,0,ZC705,XZCE,620.8,620.2,623.4,6618,411132319.96,264814,265232,659.6,584.8,622.2,623.2,0.0,622.8,0.0,0,0,2017-04-14,75766000,620.8,1,0,0,0,0,0,0,0,0,621.2,26,0,0,0,0,0,0,0,0
312,2017-04-13,21:02:46,0,ZC705,XZCE,620.8,620.2,623.4,6618,411132319.96,264814,265232,659.6,584.8,622.2,623.2,0.0,622.8,0.0,0,0,2017-04-14,75766000,620.8,10,0,0,0,0,0,0,0,0,621.0,8,0,0,0,0,0,0,0,0
313,2017-04-13,21:02:47,0,ZC705,XZCE,621.0,620.2,623.4,6636,412250119.96,264796,265232,659.6,584.8,622.2,623.2,0.0,622.8,0.0,0,0,2017-04-14,75767000,620.8,14,0,0,0,0,0,0,0,0,621.0,3,0,0,0,0,0,0,0,0
314,2017-04-13,21:02:47,0,ZC705,XZCE,621.0,620.2,623.4,6636,412250119.96,264796,265232,659.6,584.8,622.2,623.2,0.0,622.8,0.0,0,0,2017-04-14,75767000,620.8,16,0,0,0,0,0,0,0,0,621.0,12,0,0,0,0,0,0,0,0
315,2017-04-13,21:02:48,0,ZC705,XZCE,621.0,620.2,623.4,6636,412250119.96,264796,265232,659.6,584.8,622.2,623.2,0.0,622.8,0.0,0,0,2017-04-14,75768000,620.8,14,0,0,0,0,0,0,0,0,621.0,17,0,0,0,0,0,0,0,0
316,2017-04-13,21:02:48,0,ZC705,XZCE,621.0,620.2,623.4,6636,412250119.96,264796,265232,659.6,584.8,622.2,623.2,0.0,622.8,0.0,0,0,2017-04-14,75768000,620.8,17,0,0,0,0,0,0,0,0,621.0,18,0,0,0,0,0,0,0,0
317,2017-04-13,21:02:49,0,ZC705,XZCE,621.0,620.2,623.4,6638,412374319.96,264794,265232,659.6,584.8,622.2,623.2,0.0,622.8,0.0,0,0,2017-04-14,75769000,620.8,17,0,0,0,0,0,0,0,0,621.0,17,0,0,0,0,0,0,0,0
318,2017-04-13,21:02:49,0,ZC705,XZCE,621.0,620.2,623.4,6670,414361519.96,264776,265232,659.6,584.8,622.2,623.2,0.0,622.8,0.0,0,0,2017-04-14,75769000,620.8,18,0,0,0,0,0,0,0,0,621.0,1,0,0,0,0,0,0,0,0
319,2017-04-13,21:02:50,0,ZC705,XZCE,621.0,620.2,623.4,6672,414485719.96,264776,265232,659.6,584.8,622.2,623.2,0.0,622.8,0.0,0,0,2017-04-14,75770000,620.8,18,0,0,0,0,0,0,0,0,621.2,31,0,0,0,0,0,0,0,0
320,2017-04-13,21:02:51,0,ZC705,XZCE,621.0,620.2,623.4,6672,414485719.96,264776,265232,659.6,584.8,622.2,623.2,0.0,622.8,0.0,0,0,2017-04-14,75771000,620.8,16,0,0,0,0,0,0,0,0,621.0,3,0,0,0,0,0,0,0,0
321,2017-04-13,21:02:51,0,ZC705,XZCE,620.8,620.2,623.4,6674,414609879.96,264776,265232,659.6,584.8,622.2,623.2,0.0,622.8,0.0,0,0,2017-04-14,75771000,620.8,15,0,0,0,0,0,0,0,0,621.0,3,0,0,0,0,0,0,0,0
322,2017-04-13,21:02:52,0,ZC705,XZCE,620.8,620.2,623.4,6674,414609879.96,264776,265232,659.6,584.8,622.2,623.2,0.0,622.8,0.0,0,0,2017-04-14,75772000,620.8,15,0,0,0,0,0,0,0,0,621.0,4,0,0,0,0,0,0,0,0
323,2017-04-13,21:02:52,0,ZC705,XZCE,620.8,620.2,623.4,6674,414609879.96,264776,265232,659.6,584.8,622.2,623.2,0.0,622.8,0.0,0,0,2017-04-14,75772000,620.8,18,0,0,0,0,0,0,0,0,621.0,4,0,0,0,0,0,0,0,0
324,2017-04-13,21:02:53,0,ZC705,XZCE,621.0,620.2,623.4,6676,414734079.96,264776,265232,659.6,584.8,622.2,623.2,0.0,622.8,0.0,0,0,2017-04-14,75773000,620.8,19,0,0,0,0,0,0,0,0,621.0,3,0,0,0,0,0,0,0,0
325,2017-04-13,21:02:53,0,ZC705,XZCE,621.0,620.2,623.4,6676,414734079.96,264776,265232,659.6,584.8,622.2,623.2,0.0,622.8,0.0,0,0,2017-04-14,75773000,620.8,20,0,0,0,0,0,0,0,0,621.0,3,0,0,0,0,0,0,0,0
326,2017-04-13,21:02:54,0,ZC705,XZCE,621.0,620.2,623.4,6678,414858279.96,264776,265232,659.6,584.8,622.2,623.2,0.0,622.8,0.0,0,0,2017-04-14,75774000,620.8,21,0,0,0,0,0,0,0,0,621.0,2,0,0,0,0,0,0,0,0
327,2017-04-13,21:02:54,0,ZC705,XZCE,621.0,620.2,623.4,6686,415355079.96,264770,265232,659.6,584.8,622.2,623.2,0.0,622.8,0.0,0,0,2017-04-14,75774000,620.8,25,0,0,0,0,0,0,0,0,621.0,11,0,0,0,0,0,0,0,0
328,2017-04-13,21:02:55,0,ZC705,XZCE,621.0,620.2,623.4,6688,415479279.96,264770,265232,659.6,584.8,622.2,623.2,0.0,622.8,0.0,0,0,2017-04-14,75775000,620.8,25,0,0,0,0,0,0,0,0,621.0,11,0,0,0,0,0,0,0,0
329,2017-04-13,21:02:56,0,ZC705,XZCE,621.0,620.2,623.4,6690,415603479.96,264768,265232,659.6,584.8,622.2,623.2,0.0,622.8,0.0,0,0,2017-04-14,75776000,620.8,23,0,0,0,0,0,0,0,0,621.0,10,0,0,0,0,0,0,0,0
330,2017-04-13,21:02:57,0,ZC705,XZCE,621.0,620.2,623.4,6696,415976079.96,264762,265232,659.6,584.8,622.2,623.2,0.0,622.8,0.0,0,0,2017-04-14,75777000,620.8,23,0,0,0,0,0,0,0,0,621.0,7,0,0,0,0,0,0,0,0
331,2017-04-13,21:02:57,0,ZC705,XZCE,621.0,620.2,623.4,6698,416100279.96,264762,265232,659.6,584.8,622.2,623.2,0.0,622.8,0.0,0,0,2017-04-14,75777000,620.8,23,0,0,0,0,0,0,0,0,621.0,6,0,0,0,0,0,0,0,0
332,2017-04-13,21:02:58,0,ZC705,XZCE,621.0,620.2,623.4,6710,416845479.96,264752,265232,659.6,584.8,622.2,623.2,0.0,622.8,0.0,0,0,2017-04-14,75778000,621.0,20,0,0,0,0,0,0,0,0,621.2,28,0,0,0,0,0,0,0,0
333,2017-04-13,21:02:58,0,ZC705,XZCE,621.0,620.2,623.4,6710,416845479.96,264752,265232,659.6,584.8,622.2,623.2,0.0,622.8,0.0,0,0,2017-04-14,75778000,621.0,21,0,0,0,0,0,0,0,0,621.2,28,0,0,0,0,0,0,0,0
334,2017-04-13,21:02:59,0,ZC705,XZCE,621.0,620.2,623.4,6710,416845479.96,264752,265232,659.6,584.8,622.2,623.2,0.0,622.8,0.0,0,0,2017-04-14,75779000,621.0,27,0,0,0,0,0,0,0,0,621.2,28,0,0,0,0,0,0,0,0
335,2017-04-13,21:02:59,0,ZC705,XZCE,621.0,620.2,623.4,6710,416845479.96,264752,265232,659.6,584.8,622.2,623.2,0.0,622.8,0.0,0,0,2017-04-14,75779000,621.0,34,0,0,0,0,0,0,0,0,621.2,29,0,0,0,0,0,0,0,0
336,2017-04-13,21:03:00,0,ZC705,XZCE,621.0,620.2,623.4,6714,417093879.96,264752,265232,659.6,584.8,622.2,623.2,0.0,622.8,0.0,0,0,2017-04-14,75780000,621.0,32,0,0,0,0,0,0,0,0,621.2,29,0,0,0,0,0,0,0,0
337,2017-04-13,21:03:00,0,ZC705,XZCE,621.0,620.2,623.4,6716,417218079.96,264752,265232,659.6,584.8,622.2,623.2,0.0,622.8,0.0,0,0,2017-04-14,75780000,621.0,31,0,0,0,0,0,0,0,0,621.2,29,0,0,0,0,0,0,0,0
338,2017-04-13,21:03:01,0,ZC705,XZCE,621.0,620.2,623.4,6730,418087479.96,264752,265232,659.6,584.8,622.2,623.2,0.0,622.8,0.0,0,0,2017-04-14,75781000,621.0,25,0,0,0,0,0,0,0,0,621.2,30,0,0,0,0,0,0,0,0
339,2017-04-13,21:03:01,0,ZC705,XZCE,621.0,620.2,623.4,6732,418211679.96,264752,265232,659.6,584.8,622.2,623.2,0.0,622.8,0.0,0,0,2017-04-14,75781000,621.0,25,0,0,0,0,0,0,0,0,621.2,30,0,0,0,0,0,0,0,0
340,2017-04-13,21:03:02,0,ZC705,XZCE,621.0,620.2,623.4,6770,420571479.96,264730,265232,659.6,584.8,622.2,623.2,0.0,622.8,0.0,0,0,2017-04-14,75782000,621.0,6,0,0,0,0,0,0,0,0,621.2,31,0,0,0,0,0,0,0,0
341,2017-04-13,21:03:02,0,ZC705,XZCE,621.0,620.2,623.4,6782,421316679.96,264726,265232,659.6,584.8,622.2,623.2,0.0,622.8,0.0,0,0,2017-04-14,75782000,620.8,25,0,0,0,0,0,0,0,0,621.0,31,0,0,0,0,0,0,0,0
342,2017-04-13,21:03:03,0,ZC705,XZCE,621.0,620.2,623.4,6786,421565079.96,264722,265232,659.6,584.8,622.2,623.2,0.0,622.8,0.0,0,0,2017-04-14,75783000,620.8,25,0,0,0,0,0,0,0,0,621.0,32,0,0,0,0,0,0,0,0
343,2017-04-13,21:03:04,0,ZC705,XZCE,621.0,620.2,623.4,6788,421689279.96,264720,265232,659.6,584.8,622.2,623.2,0.0,622.8,0.0,0,0,2017-04-14,75784000,620.8,25,0,0,0,0,0,0,0,0,621.0,3,0,0,0,0,0,0,0,0
344,2017-04-13,21:03:04,0,ZC705,XZCE,620.8,620.2,623.4,6790,421813439.96,264722,265232,659.6,584.8,622.2,623.2,0.0,622.8,0.0,0,0,2017-04-14,75784000,620.8,24,0,0,0,0,0,0,0,0,621.0,3,0,0,0,0,0,0,0,0
345,2017-04-13,21:03:05,0,ZC705,XZCE,620.8,620.2,623.4,6792,421937599.96,264724,265232,659.6,584.8,622.2,623.2,0.0,622.8,0.0,0,0,2017-04-14,75785000,620.8,23,0,0,0,0,0,0,0,0,621.0,7,0,0,0,0,0,0,0,0
346,2017-04-13,21:03:06,0,ZC705,XZCE,621.0,620.2,623.4,6794,422061799.96,264724,265232,659.6,584.8,622.2,623.2,0.0,622.8,0.0,0,0,2017-04-14,75786000,620.8,23,0,0,0,0,0,0,0,0,621.0,6,0,0,0,0,0,0,0,0
347,2017-04-13,21:03:07,0,ZC705,XZCE,621.0,620.2,623.4,6800,422434399.96,264720,265232,659.6,584.8,622.2,623.2,0.0,622.8,0.0,0,0,2017-04-14,75787000,620.8,23,0,0,0,0,0,0,0,0,621.0,3,0,0,0,0,0,0,0,0
348,2017-04-13,21:03:07,0,ZC705,XZCE,621.0,620.2,623.4,6804,422682799.96,264720,265232,659.6,584.8,622.2,623.2,0.0,622.8,0.0,0,0,2017-04-14,75787000,620.8,23,0,0,0,0,0,0,0,0,621.0,1,0,0,0,0,0,0,0,0
349,2017-04-13,21:03:07,0,ZC705,XZCE,621.0,620.2,623.4,6804,422682799.96,264720,265232,659.6,584.8,622.2,623.2,0.0,622.8,0.0,0,0,2017-04-14,75787000,620.8,24,0,0,0,0,0,0,0,0,621.0,1,0,0,0,0,0,0,0,0
350,2017-04-13,21:03:08,0,ZC705,XZCE,621.0,620.2,623.4,6806,422806999.96,264720,265232,659.6,584.8,622.2,623.2,0.0,622.8,0.0,0,0,2017-04-14,75788000,621.0,1,0,0,0,0,0,0,0,0,621.2,30,0,0,0,0,0,0,0,0
351,2017-04-13,21:03:09,0,ZC705,XZCE,621.0,620.2,623.4,6808,422931199.96,264720,265232,659.6,584.8,622.2,623.2,0.0,622.8,0.0,0,0,2017-04-14,75789000,620.8,34,0,0,0,0,0,0,0,0,621.2,30,0,0,0,0,0,0,0,0
352,2017-04-13,21:03:09,0,ZC705,XZCE,621.0,620.2,623.4,6812,423179599.96,264718,265232,659.6,584.8,622.2,623.2,0.0,622.8,0.0,0,0,2017-04-14,75789000,620.8,34,0,0,0,0,0,0,0,0,621.0,2,0,0,0,0,0,0,0,0
353,2017-04-13,21:03:10,0,ZC705,XZCE,621.0,620.2,623.4,6814,423303799.96,264716,265232,659.6,584.8,622.2,623.2,0.0,622.8,0.0,0,0,2017-04-14,75790000,620.8,35,0,0,0,0,0,0,0,0,621.0,5,0,0,0,0,0,0,0,0
354,2017-04-13,21:03:10,0,ZC705,XZCE,621.0,620.2,623.4,6824,423924799.96,264706,265232,659.6,584.8,622.2,623.2,0.0,622.8,0.0,0,0,2017-04-14,75790000,621.0,1,0,0,0,0,0,0,0,0,621.2,30,0,0,0,0,0,0,0,0
355,2017-04-13,21:03:11,0,ZC705,XZCE,620.8,620.2,623.4,6828,424173119.96,264704,265232,659.6,584.8,622.2,623.2,0.0,622.8,0.0,0,0,2017-04-14,75791000,620.8,34,0,0,0,0,0,0,0,0,621.2,30,0,0,0,0,0,0,0,0
356,2017-04-13,21:03:11,0,ZC705,XZCE,620.8,620.2,623.4,6828,424173119.96,264704,265232,659.6,584.8,622.2,623.2,0.0,622.8,0.0,0,0,2017-04-14,75791000,621.0,1,0,0,0,0,0,0,0,0,621.2,30,0,0,0,0,0,0,0,0
357,2017-04-13,21:03:12,0,ZC705,XZCE,621.2,620.2,623.4,6830,424297359.96,264706,265232,659.6,584.8,622.2,623.2,0.0,622.8,0.0,0,0,2017-04-14,75792000,621.0,1,0,0,0,0,0,0,0,0,621.2,29,0,0,0,0,0,0,0,0
358,2017-04-13,21:03:13,0,ZC705,XZCE,620.8,620.2,623.4,6898,428518799.96,264708,265232,659.6,584.8,622.2,623.2,0.0,622.8,0.0,0,0,2017-04-14,75793000,620.6,24,0,0,0,0,0,0,0,0,620.8,4,0,0,0,0,0,0,0,0
359,2017-04-13,21:03:13,0,ZC705,XZCE,620.8,620.2,623.4,6906,429015439.96,264708,265232,659.6,584.8,622.2,623.2,0.0,622.8,0.0,0,0,2017-04-14,75793000,620.8,5,0,0,0,0,0,0,0,0,621.2,29,0,0,0,0,0,0,0,0
360,2017-04-13,21:03:14,0,ZC705,XZCE,620.8,620.2,623.4,6906,429015439.96,264708,265232,659.6,584.8,622.2,623.2,0.0,622.8,0.0,0,0,2017-04-14,75794000,620.8,10,0,0,0,0,0,0,0,0,621.2,29,0,0,0,0,0,0,0,0
361,2017-04-13,21:03:14,0,ZC705,XZCE,621.0,620.2,623.4,6910,429263839.96,264712,265232,659.6,584.8,622.2,623.2,0.0,622.8,0.0,0,0,2017-04-14,75794000,621.0,3,0,0,0,0,0,0,0,0,621.2,30,0,0,0,0,0,0,0,0
362,2017-04-13,21:03:15,0,ZC705,XZCE,621.0,620.2,623.4,6916,429636439.96,264712,265232,659.6,584.8,622.2,623.2,0.0,622.8,0.0,0,0,2017-04-14,75795000,620.8,5,0,0,0,0,0,0,0,0,621.2,30,0,0,0,0,0,0,0,0
363,2017-04-13,21:03:15,0,ZC705,XZCE,621.0,620.2,623.4,6916,429636439.96,264712,265232,659.6,584.8,622.2,623.2,0.0,622.8,0.0,0,0,2017-04-14,75795000,620.8,8,0,0,0,0,0,0,0,0,621.2,30,0,0,0,0,0,0,0,0
364,2017-04-13,21:03:16,0,ZC705,XZCE,621.0,620.2,623.4,6916,429636439.96,264712,265232,659.6,584.8,622.2,623.2,0.0,622.8,0.0,0,0,2017-04-14,75796000,620.8,8,0,0,0,0,0,0,0,0,621.0,4,0,0,0,0,0,0,0,0
365,2017-04-13,21:03:16,0,ZC705,XZCE,620.8,620.2,623.4,6918,429760599.95,264712,265232,659.6,584.8,622.2,623.2,0.0,622.8,0.0,0,0,2017-04-14,75796000,620.8,8,0,0,0,0,0,0,0,0,621.0,5,0,0,0,0,0,0,0,0
366,2017-04-13,21:03:17,0,ZC705,XZCE,621.0,620.2,623.4,6922,430008999.95,264712,265232,659.6,584.8,622.2,623.2,0.0,622.8,0.0,0,0,2017-04-14,75797000,620.8,11,0,0,0,0,0,0,0,0,621.0,3,0,0,0,0,0,0,0,0
367,2017-04-13,21:03:18,0,ZC705,XZCE,621.0,620.2,623.4,6930,430505799.95,264720,265232,659.6,584.8,622.2,623.2,0.0,622.8,0.0,0,0,2017-04-14,75798000,621.0,6,0,0,0,0,0,0,0,0,621.2,30,0,0,0,0,0,0,0,0
368,2017-04-13,21:03:18,0,ZC705,XZCE,621.0,620.2,623.4,6942,431250999.95,264722,265232,659.6,584.8,622.2,623.2,0.0,622.8,0.0,0,0,2017-04-14,75798000,620.8,11,0,0,0,0,0,0,0,0,621.2,32,0,0,0,0,0,0,0,0
369,2017-04-13,21:03:19,0,ZC705,XZCE,620.8,620.2,623.4,6946,431499319.95,264720,265232,659.6,584.8,622.2,623.2,0.0,622.8,0.0,0,0,2017-04-14,75799000,620.8,10,0,0,0,0,0,0,0,0,621.2,31,0,0,0,0,0,0,0,0
370,2017-04-13,21:03:19,0,ZC705,XZCE,621.0,620.2,623.4,6990,434231719.95,264720,265232,659.6,584.8,622.2,623.2,0.0,622.8,0.0,0,0,2017-04-14,75799000,621.0,8,0,0,0,0,0,0,0,0,621.2,31,0,0,0,0,0,0,0,0
371,2017-04-13,21:03:20,0,ZC705,XZCE,621.0,620.2,623.4,7016,435846319.95,264706,265232,659.6,584.8,622.2,623.2,0.0,622.8,0.0,0,0,2017-04-14,75800000,621.0,1,0,0,0,0,0,0,0,0,621.2,30,0,0,0,0,0,0,0,0
372,2017-04-13,21:03:21,0,ZC705,XZCE,621.0,620.2,623.4,7020,436094719.95,264704,265232,659.6,584.8,622.2,623.2,0.0,622.8,0.0,0,0,2017-04-14,75801000,621.0,1,0,0,0,0,0,0,0,0,621.2,30,0,0,0,0,0,0,0,0
373,2017-04-13,21:03:21,0,ZC705,XZCE,620.8,620.2,623.4,7024,436343039.95,264706,265232,659.6,584.8,622.2,623.2,0.0,622.8,0.0,0,0,2017-04-14,75801000,620.8,11,0,0,0,0,0,0,0,0,621.0,1,0,0,0,0,0,0,0,0
374,2017-04-13,21:03:21,0,ZC705,XZCE,620.8,620.2,623.4,7024,436343039.95,264706,265232,659.6,584.8,622.2,623.2,0.0,622.8,0.0,0,0,2017-04-14,75801000,620.8,12,0,0,0,0,0,0,0,0,621.0,1,0,0,0,0,0,0,0,0
375,2017-04-13,21:03:23,0,ZC705,XZCE,621.0,620.2,623.4,7034,436964039.95,264716,265232,659.6,584.8,622.2,623.2,0.0,622.8,0.0,0,0,2017-04-14,75803000,620.8,12,0,0,0,0,0,0,0,0,621.0,31,0,0,0,0,0,0,0,0
376,2017-04-13,21:03:24,0,ZC705,XZCE,621.0,620.2,623.4,7034,436964039.95,264716,265232,659.6,584.8,622.2,623.2,0.0,622.8,0.0,0,0,2017-04-14,75804000,620.8,13,0,0,0,0,0,0,0,0,621.0,31,0,0,0,0,0,0,0,0
377,2017-04-13,21:03:27,0,ZC705,XZCE,621.0,620.2,623.4,7034,436964039.95,264716,265232,659.6,584.8,622.2,623.2,0.0,622.8,0.0,0,0,2017-04-14,75807000,620.8,13,0,0,0,0,0,0,0,0,621.0,32,0,0,0,0,0,0,0,0
378,2017-04-13,21:03:28,0,ZC705,XZCE,621.0,620.2,623.4,7034,436964039.95,264716,265232,659.6,584.8,622.2,623.2,0.0,622.8,0.0,0,0,2017-04-14,75808000,620.8,15,0,0,0,0,0,0,0,0,621.0,32,0,0,0,0,0,0,0,0
379,2017-04-13,21:03:28,0,ZC705,XZCE,620.8,620.2,623.4,7036,437088199.95,264714,265232,659.6,584.8,622.2,623.2,0.0,622.8,0.0,0,0,2017-04-14,75808000,620.8,14,0,0,0,0,0,0,0,0,621.0,32,0,0,0,0,0,0,0,0
380,2017-04-13,21:03:29,0,ZC705,XZCE,620.8,620.2,623.4,7036,437088199.95,264714,265232,659.6,584.8,622.2,623.2,0.0,622.8,0.0,0,0,2017-04-14,75809000,620.8,14,0,0,0,0,0,0,0,0,621.0,33,0,0,0,0,0,0,0,0
381,2017-04-13,21:03:30,0,ZC705,XZCE,620.8,620.2,623.4,7036,437088199.95,264714,265232,659.6,584.8,622.2,623.2,0.0,622.8,0.0,0,0,2017-04-14,75810000,620.8,16,0,0,0,0,0,0,0,0,621.0,34,0,0,0,0,0,0,0,0
382,2017-04-13,21:03:30,0,ZC705,XZCE,621.0,620.2,623.4,7042,437460799.95,264720,265232,659.6,584.8,622.2,623.2,0.0,622.8,0.0,0,0,2017-04-14,75810000,620.8,16,0,0,0,0,0,0,0,0,621.0,32,0,0,0,0,0,0,0,0
383,2017-04-13,21:03:31,0,ZC705,XZCE,620.8,620.2,623.4,7044,437584959.95,264720,265232,659.6,584.8,622.2,623.2,0.0,622.8,0.0,0,0,2017-04-14,75811000,620.8,16,0,0,0,0,0,0,0,0,621.0,54,0,0,0,0,0,0,0,0
384,2017-04-13,21:03:32,0,ZC705,XZCE,620.8,620.2,623.4,7054,438205759.95,264726,265232,659.6,584.8,622.2,623.2,0.0,622.8,0.0,0,0,2017-04-14,75812000,620.8,11,0,0,0,0,0,0,0,0,621.0,61,0,0,0,0,0,0,0,0
385,2017-04-13,21:03:33,0,ZC705,XZCE,620.6,620.2,623.4,7168,445280599.95,264640,265232,659.6,584.8,622.2,623.2,0.0,622.8,0.0,0,0,2017-04-14,75813000,620.6,5,0,0,0,0,0,0,0,0,620.8,15,0,0,0,0,0,0,0,0
386,2017-04-13,21:03:33,0,ZC705,XZCE,620.8,620.2,623.4,7172,445528919.95,264636,265232,659.6,584.8,622.2,623.2,0.0,622.8,0.0,0,0,2017-04-14,75813000,620.6,5,0,0,0,0,0,0,0,0,620.8,13,0,0,0,0,0,0,0,0
387,2017-04-13,21:03:34,0,ZC705,XZCE,620.8,620.2,623.4,7176,445777239.95,264636,265232,659.6,584.8,622.2,623.2,0.0,622.8,0.0,0,0,2017-04-14,75814000,620.6,5,0,0,0,0,0,0,0,0,620.8,21,0,0,0,0,0,0,0,0
388,2017-04-13,21:03:36,0,ZC705,XZCE,621.0,620.2,623.4,7240,449751639.95,264576,265232,659.6,584.8,622.2,623.2,0.0,622.8,0.0,0,0,2017-04-14,75816000,620.6,5,0,0,0,0,0,0,0,0,621.0,61,0,0,0,0,0,0,0,0
389,2017-04-13,21:03:36,0,ZC705,XZCE,621.0,620.2,623.4,7252,450496839.95,264582,265232,659.6,584.8,622.2,623.2,0.0,622.8,0.0,0,0,2017-04-14,75816000,620.6,35,0,0,0,0,0,0,0,0,621.0,55,0,0,0,0,0,0,0,0
390,2017-04-13,21:03:37,0,ZC705,XZCE,620.6,620.2,623.4,7264,451241559.95,264586,265232,659.6,584.8,622.2,623.2,0.0,622.8,0.0,0,0,2017-04-14,75817000,620.6,29,0,0,0,0,0,0,0,0,621.0,55,0,0,0,0,0,0,0,0
391,2017-04-13,21:03:38,0,ZC705,XZCE,620.6,620.2,623.4,7268,451489799.95,264584,265232,659.6,584.8,622.2,623.2,0.0,622.8,0.0,0,0,2017-04-14,75818000,620.6,28,0,0,0,0,0,0,0,0,621.0,55,0,0,0,0,0,0,0,0
392,2017-04-13,21:03:38,0,ZC705,XZCE,620.6,620.2,623.4,7272,451738039.95,264588,265232,659.6,584.8,622.2,623.2,0.0,622.8,0.0,0,0,2017-04-14,75818000,620.6,26,0,0,0,0,0,0,0,0,620.8,18,0,0,0,0,0,0,0,0
393,2017-04-13,21:03:39,0,ZC705,XZCE,620.6,620.2,623.4,7274,451862159.95,264590,265232,659.6,584.8,622.2,623.2,0.0,622.8,0.0,0,0,2017-04-14,75819000,620.6,25,0,0,0,0,0,0,0,0,620.8,18,0,0,0,0,0,0,0,0
394,2017-04-13,21:03:40,0,ZC705,XZCE,620.8,620.2,623.4,7276,451986319.95,264590,265232,659.6,584.8,622.2,623.2,0.0,622.8,0.0,0,0,2017-04-14,75820000,620.6,25,0,0,0,0,0,0,0,0,620.8,17,0,0,0,0,0,0,0,0
395,2017-04-13,21:03:41,0,ZC705,XZCE,620.6,620.2,623.4,7280,452234559.95,264594,265232,659.6,584.8,622.2,623.2,0.0,622.8,0.0,0,0,2017-04-14,75821000,620.6,23,0,0,0,0,0,0,0,0,620.8,17,0,0,0,0,0,0,0,0
396,2017-04-13,21:03:41,0,ZC705,XZCE,620.6,620.2,623.4,7284,452482799.95,264598,265232,659.6,584.8,622.2,623.2,0.0,622.8,0.0,0,0,2017-04-14,75821000,620.6,22,0,0,0,0,0,0,0,0,620.8,17,0,0,0,0,0,0,0,0
397,2017-04-13,21:03:42,0,ZC705,XZCE,620.8,620.2,623.4,7296,453227759.95,264598,265232,659.6,584.8,622.2,623.2,0.0,622.8,0.0,0,0,2017-04-14,75822000,620.6,24,0,0,0,0,0,0,0,0,620.8,11,0,0,0,0,0,0,0,0
398,2017-04-13,21:03:42,0,ZC705,XZCE,620.6,620.2,623.4,7304,453724239.95,264600,265232,659.6,584.8,622.2,623.2,0.0,622.8,0.0,0,0,2017-04-14,75822000,620.6,23,0,0,0,0,0,0,0,0,620.8,10,0,0,0,0,0,0,0,0
399,2017-04-13,21:03:43,0,ZC705,XZCE,620.6,620.2,623.4,7304,453724239.95,264600,265232,659.6,584.8,622.2,623.2,0.0,622.8,0.0,0,0,2017-04-14,75823000,620.6,23,0,0,0,0,0,0,0,0,620.8,11,0,0,0,0,0,0,0,0
400,2017-04-13,21:03:44,0,ZC705,XZCE,620.6,620.2,623.4,7310,454096599.95,264604,265232,659.6,584.8,622.2,623.2,0.0,622.8,0.0,0,0,2017-04-14,75824000,620.6,22,0,0,0,0,0,0,0,0,620.8,9,0,0,0,0,0,0,0,0
401,2017-04-13,21:03:44,0,ZC705,XZCE,620.6,620.2,623.4,7310,454096599.95,264604,265232,659.6,584.8,622.2,623.2,0.0,622.8,0.0,0,0,2017-04-14,75824000,620.6,20,0,0,0,0,0,0,0,0,620.8,29,0,0,0,0,0,0,0,0
402,2017-04-13,21:03:45,0,ZC705,XZCE,620.6,620.2,623.4,7310,454096599.95,264604,265232,659.6,584.8,622.2,623.2,0.0,622.8,0.0,0,0,2017-04-14,75825000,620.6,20,0,0,0,0,0,0,0,0,620.8,30,0,0,0,0,0,0,0,0
403,2017-04-13,21:03:45,0,ZC705,XZCE,620.6,620.2,623.4,7314,454344839.95,264608,265232,659.6,584.8,622.2,623.2,0.0,622.8,0.0,0,0,2017-04-14,75825000,620.6,18,0,0,0,0,0,0,0,0,620.8,30,0,0,0,0,0,0,0,0
404,2017-04-13,21:03:46,0,ZC705,XZCE,620.6,620.2,623.4,7316,454468959.95,264608,265232,659.6,584.8,622.2,623.2,0.0,622.8,0.0,0,0,2017-04-14,75826000,620.6,17,0,0,0,0,0,0,0,0,620.8,30,0,0,0,0,0,0,0,0
405,2017-04-13,21:03:46,0,ZC705,XZCE,620.6,620.2,623.4,7324,454965439.95,264612,265232,659.6,584.8,622.2,623.2,0.0,622.8,0.0,0,0,2017-04-14,75826000,620.6,14,0,0,0,0,0,0,0,0,620.8,30,0,0,0,0,0,0,0,0
406,2017-04-13,21:03:47,0,ZC705,XZCE,620.6,620.2,623.4,7330,455337799.95,264618,265232,659.6,584.8,622.2,623.2,0.0,622.8,0.0,0,0,2017-04-14,75827000,620.6,11,0,0,0,0,0,0,0,0,620.8,30,0,0,0,0,0,0,0,0
407,2017-04-13,21:03:47,0,ZC705,XZCE,620.6,620.2,623.4,7344,456206639.95,264632,265232,659.6,584.8,622.2,623.2,0.0,622.8,0.0,0,0,2017-04-14,75827000,620.6,4,0,0,0,0,0,0,0,0,620.8,30,0,0,0,0,0,0,0,0
408,2017-04-13,21:03:48,0,ZC705,XZCE,620.6,620.2,623.4,7348,456454879.95,264636,265232,659.6,584.8,622.2,623.2,0.0,622.8,0.0,0,0,2017-04-14,75828000,620.6,2,0,0,0,0,0,0,0,0,620.8,30,0,0,0,0,0,0,0,0
409,2017-04-13,21:03:48,0,ZC705,XZCE,620.6,620.2,623.4,7348,456454879.95,264636,265232,659.6,584.8,622.2,623.2,0.0,622.8,0.0,0,0,2017-04-14,75828000,620.6,3,0,0,0,0,0,0,0,0,620.8,30,0,0,0,0,0,0,0,0
410,2017-04-13,21:03:50,0,ZC705,XZCE,620.6,620.2,623.4,7352,456703119.95,264638,265232,659.6,584.8,622.2,623.2,0.0,622.8,0.0,0,0,2017-04-14,75830000,620.6,1,0,0,0,0,0,0,0,0,620.8,30,0,0,0,0,0,0,0,0
411,2017-04-13,21:03:50,0,ZC705,XZCE,620.8,620.2,623.4,7356,456951439.95,264638,265232,659.6,584.8,622.2,623.2,0.0,622.8,0.0,0,0,2017-04-14,75830000,620.6,1,0,0,0,0,0,0,0,0,620.8,28,0,0,0,0,0,0,0,0
412,2017-04-13,21:03:51,0,ZC705,XZCE,620.6,620.2,623.4,7358,457075559.95,264638,265232,659.6,584.8,622.2,623.2,0.0,622.8,0.0,0,0,2017-04-14,75831000,620.6,1,0,0,0,0,0,0,0,0,620.8,28,0,0,0,0,0,0,0,0
413,2017-04-13,21:03:51,0,ZC705,XZCE,620.6,620.2,623.4,7360,457199679.95,264638,265232,659.6,584.8,622.2,623.2,0.0,622.8,0.0,0,0,2017-04-14,75831000,620.4,52,0,0,0,0,0,0,0,0,620.6,3,0,0,0,0,0,0,0,0
414,2017-04-13,21:03:52,0,ZC705,XZCE,620.4,620.2,623.4,7362,457323759.95,264638,265232,659.6,584.8,622.2,623.2,0.0,622.8,0.0,0,0,2017-04-14,75832000,620.4,50,0,0,0,0,0,0,0,0,620.6,3,0,0,0,0,0,0,0,0
415,2017-04-13,21:03:52,0,ZC705,XZCE,620.4,620.2,623.4,7362,457323759.95,264638,265232,659.6,584.8,622.2,623.2,0.0,622.8,0.0,0,0,2017-04-14,75832000,620.4,50,0,0,0,0,0,0,0,0,620.6,4,0,0,0,0,0,0,0,0
416,2017-04-13,21:03:53,0,ZC705,XZCE,620.4,620.2,623.4,7380,458440479.95,264630,265232,659.6,584.8,622.2,623.2,0.0,622.8,0.0,0,0,2017-04-14,75833000,620.4,48,0,0,0,0,0,0,0,0,620.8,28,0,0,0,0,0,0,0,0
417,2017-04-13,21:03:53,0,ZC705,XZCE,620.4,620.2,623.4,7380,458440479.95,264630,265232,659.6,584.8,622.2,623.2,0.0,622.8,0.0,0,0,2017-04-14,75833000,620.4,53,0,0,0,0,0,0,0,0,620.8,28,0,0,0,0,0,0,0,0
418,2017-04-13,21:03:54,0,ZC705,XZCE,620.4,620.2,623.4,7380,458440479.95,264630,265232,659.6,584.8,622.2,623.2,0.0,622.8,0.0,0,0,2017-04-14,75834000,620.6,3,0,0,0,0,0,0,0,0,620.8,28,0,0,0,0,0,0,0,0
419,2017-04-13,21:03:55,0,ZC705,XZCE,620.6,620.2,623.4,7384,458688719.95,264630,265232,659.6,584.8,622.2,623.2,0.0,622.8,0.0,0,0,2017-04-14,75835000,620.6,4,0,0,0,0,0,0,0,0,620.8,30,0,0,0,0,0,0,0,0
420,2017-04-13,21:03:55,0,ZC705,XZCE,620.6,620.2,623.4,7388,458936959.95,264630,265232,659.6,584.8,622.2,623.2,0.0,622.8,0.0,0,0,2017-04-14,75835000,620.6,2,0,0,0,0,0,0,0,0,620.8,30,0,0,0,0,0,0,0,0
421,2017-04-13,21:03:56,0,ZC705,XZCE,620.6,620.2,623.4,7388,458936959.95,264630,265232,659.6,584.8,622.2,623.2,0.0,622.8,0.0,0,0,2017-04-14,75836000,620.6,3,0,0,0,0,0,0,0,0,620.8,30,0,0,0,0,0,0,0,0
422,2017-04-13,21:03:57,0,ZC705,XZCE,620.6,620.2,623.4,7390,459061079.95,264630,265232,659.6,584.8,622.2,623.2,0.0,622.8,0.0,0,0,2017-04-14,75837000,620.6,3,0,0,0,0,0,0,0,0,620.8,30,0,0,0,0,0,0,0,0
423,2017-04-13,21:03:57,0,ZC705,XZCE,620.6,620.2,623.4,7392,459185199.95,264630,265232,659.6,584.8,622.2,623.2,0.0,622.8,0.0,0,0,2017-04-14,75837000,620.6,2,0,0,0,0,0,0,0,0,620.8,31,0,0,0,0,0,0,0,0
424,2017-04-13,21:03:57,0,ZC705,XZCE,620.6,620.2,623.4,7394,459309319.95,264632,265232,659.6,584.8,622.2,623.2,0.0,622.8,0.0,0,0,2017-04-14,75837000,620.6,1,0,0,0,0,0,0,0,0,620.8,31,0,0,0,0,0,0,0,0
425,2017-04-13,21:03:58,0,ZC705,XZCE,620.6,620.2,623.4,7396,459433439.95,264632,265232,659.6,584.8,622.2,623.2,0.0,622.8,0.0,0,0,2017-04-14,75838000,620.4,53,0,0,0,0,0,0,0,0,620.6,6,0,0,0,0,0,0,0,0
426,2017-04-13,21:03:59,0,ZC705,XZCE,620.6,620.2,623.4,7396,459433439.95,264632,265232,659.6,584.8,622.2,623.2,0.0,622.8,0.0,0,0,2017-04-14,75839000,620.4,53,0,0,0,0,0,0,0,0,620.6,7,0,0,0,0,0,0,0,0
427,2017-04-13,21:04:00,0,ZC705,XZCE,620.6,620.2,623.4,7396,459433439.95,264632,265232,659.6,584.8,622.2,623.2,0.0,622.8,0.0,0,0,2017-04-14,75840000,620.4,60,0,0,0,0,0,0,0,0,620.6,7,0,0,0,0,0,0,0,0
428,2017-04-13,21:04:00,0,ZC705,XZCE,620.6,620.2,623.4,7396,459433439.95,264632,265232,659.6,584.8,622.2,623.2,0.0,622.8,0.0,0,0,2017-04-14,75840000,620.4,60,0,0,0,0,0,0,0,0,620.6,10,0,0,0,0,0,0,0,0
429,2017-04-13,21:04:01,0,ZC705,XZCE,620.6,620.2,623.4,7418,460798759.95,264640,265232,659.6,584.8,622.2,623.2,0.0,622.8,0.0,0,0,2017-04-14,75841000,620.6,1,0,0,0,0,0,0,0,0,620.8,32,0,0,0,0,0,0,0,0
430,2017-04-13,21:04:01,0,ZC705,XZCE,620.8,620.2,623.4,7432,461667879.95,264650,265232,659.6,584.8,622.2,623.2,0.0,622.8,0.0,0,0,2017-04-14,75841000,620.4,59,0,0,0,0,0,0,0,0,620.8,27,0,0,0,0,0,0,0,0
431,2017-04-13,21:04:02,0,ZC705,XZCE,620.8,620.2,623.4,7438,462040359.95,264648,265232,659.6,584.8,622.2,623.2,0.0,622.8,0.0,0,0,2017-04-14,75842000,620.6,11,0,0,0,0,0,0,0,0,620.8,24,0,0,0,0,0,0,0,0
432,2017-04-13,21:04:02,0,ZC705,XZCE,620.6,620.2,623.4,7442,462288599.95,264648,265232,659.6,584.8,622.2,623.2,0.0,622.8,0.0,0,0,2017-04-14,75842000,620.6,10,0,0,0,0,0,0,0,0,620.8,24,0,0,0,0,0,0,0,0
433,2017-04-13,21:04:04,0,ZC705,XZCE,620.8,620.2,623.4,7444,462412759.94,264648,265232,659.6,584.8,622.2,623.2,0.0,622.8,0.0,0,0,2017-04-14,75844000,620.6,10,0,0,0,0,0,0,0,0,620.8,23,0,0,0,0,0,0,0,0
434,2017-04-13,21:04:04,0,ZC705,XZCE,620.6,620.2,623.4,7448,462660999.94,264644,265232,659.6,584.8,622.2,623.2,0.0,622.8,0.0,0,0,2017-04-14,75844000,620.6,8,0,0,0,0,0,0,0,0,620.8,25,0,0,0,0,0,0,0,0
435,2017-04-13,21:04:05,0,ZC705,XZCE,620.6,620.2,623.4,7452,462909239.94,264642,265232,659.6,584.8,622.2,623.2,0.0,622.8,0.0,0,0,2017-04-14,75845000,620.6,7,0,0,0,0,0,0,0,0,620.8,23,0,0,0,0,0,0,0,0
436,2017-04-13,21:04:05,0,ZC705,XZCE,620.8,620.2,623.4,7454,463033399.94,264642,265232,659.6,584.8,622.2,623.2,0.0,622.8,0.0,0,0,2017-04-14,75845000,620.6,5,0,0,0,0,0,0,0,0,620.8,22,0,0,0,0,0,0,0,0
437,2017-04-13,21:04:06,0,ZC705,XZCE,620.6,620.2,623.4,7460,463405759.94,264642,265232,659.6,584.8,622.2,623.2,0.0,622.8,0.0,0,0,2017-04-14,75846000,620.6,2,0,0,0,0,0,0,0,0,620.8,22,0,0,0,0,0,0,0,0
438,2017-04-13,21:04:07,0,ZC705,XZCE,620.6,620.2,623.4,7464,463653999.94,264642,265232,659.6,584.8,622.2,623.2,0.0,622.8,0.0,0,0,2017-04-14,75847000,620.6,4,0,0,0,0,0,0,0,0,620.8,23,0,0,0,0,0,0,0,0
439,2017-04-13,21:04:08,0,ZC705,XZCE,620.6,620.2,623.4,7464,463653999.94,264642,265232,659.6,584.8,622.2,623.2,0.0,622.8,0.0,0,0,2017-04-14,75848000,620.6,2,0,0,0,0,0,0,0,0,620.8,23,0,0,0,0,0,0,0,0
440,2017-04-13,21:04:08,0,ZC705,XZCE,620.8,620.2,623.4,7476,464398959.94,264650,265232,659.6,584.8,622.2,623.2,0.0,622.8,0.0,0,0,2017-04-14,75848000,620.6,1,0,0,0,0,0,0,0,0,620.8,22,0,0,0,0,0,0,0,0
441,2017-04-13,21:04:09,0,ZC705,XZCE,620.8,620.2,623.4,7476,464398959.94,264650,265232,659.6,584.8,622.2,623.2,0.0,622.8,0.0,0,0,2017-04-14,75849000,620.6,8,0,0,0,0,0,0,0,0,620.8,18,0,0,0,0,0,0,0,0
442,2017-04-13,21:04:09,0,ZC705,XZCE,620.6,620.2,623.4,7480,464647199.94,264652,265232,659.6,584.8,622.2,623.2,0.0,622.8,0.0,0,0,2017-04-14,75849000,620.6,6,0,0,0,0,0,0,0,0,620.8,18,0,0,0,0,0,0,0,0
443,2017-04-13,21:04:10,0,ZC705,XZCE,620.6,620.2,623.4,7492,465391919.94,264652,265232,659.6,584.8,622.2,623.2,0.0,622.8,0.0,0,0,2017-04-14,75850000,620.4,71,0,0,0,0,0,0,0,0,620.6,20,0,0,0,0,0,0,0,0
444,2017-04-13,21:04:10,0,ZC705,XZCE,620.6,620.2,623.4,7500,465888399.94,264652,265232,659.6,584.8,622.2,623.2,0.0,622.8,0.0,0,0,2017-04-14,75850000,620.4,71,0,0,0,0,0,0,0,0,620.6,16,0,0,0,0,0,0,0,0
445,2017-04-13,21:04:11,0,ZC705,XZCE,620.6,620.2,623.4,7532,467874319.94,264652,265232,659.6,584.8,622.2,623.2,0.0,622.8,0.0,0,0,2017-04-14,75851000,620.6,2,0,0,0,0,0,0,0,0,620.8,18,0,0,0,0,0,0,0,0
446,2017-04-13,21:04:11,0,ZC705,XZCE,620.8,620.2,623.4,7534,467998479.94,264650,265232,659.6,584.8,622.2,623.2,0.0,622.8,0.0,0,0,2017-04-14,75851000,620.6,2,0,0,0,0,0,0,0,0,620.8,17,0,0,0,0,0,0,0,0
447,2017-04-13,21:04:12,0,ZC705,XZCE,620.8,620.2,623.4,7534,467998479.94,264650,265232,659.6,584.8,622.2,623.2,0.0,622.8,0.0,0,0,2017-04-14,75852000,620.6,11,0,0,0,0,0,0,0,0,620.8,17,0,0,0,0,0,0,0,0
448,2017-04-13,21:04:13,0,ZC705,XZCE,620.8,620.2,623.4,7536,468122639.94,264648,265232,659.6,584.8,622.2,623.2,0.0,622.8,0.0,0,0,2017-04-14,75853000,620.6,11,0,0,0,0,0,0,0,0,620.8,16,0,0,0,0,0,0,0,0
449,2017-04-13,21:04:14,0,ZC705,XZCE,620.6,620.2,623.4,7540,468370879.94,264648,265232,659.6,584.8,622.2,623.2,0.0,622.8,0.0,0,0,2017-04-14,75854000,620.6,10,0,0,0,0,0,0,0,0,620.8,16,0,0,0,0,0,0,0,0
450,2017-04-13,21:04:14,0,ZC705,XZCE,620.6,620.2,623.4,7540,468370879.94,264648,265232,659.6,584.8,622.2,623.2,0.0,622.8,0.0,0,0,2017-04-14,75854000,620.6,10,0,0,0,0,0,0,0,0,620.8,17,0,0,0,0,0,0,0,0
451,2017-04-13,21:04:15,0,ZC705,XZCE,620.6,620.2,623.4,7542,468494999.94,264648,265232,659.6,584.8,622.2,623.2,0.0,622.8,0.0,0,0,2017-04-14,75855000,620.6,9,0,0,0,0,0,0,0,0,620.8,17,0,0,0,0,0,0,0,0
452,2017-04-13,21:04:16,0,ZC705,XZCE,620.8,620.2,623.4,7554,469239959.94,264636,265232,659.6,584.8,622.2,623.2,0.0,622.8,0.0,0,0,2017-04-14,75856000,620.6,3,0,0,0,0,0,0,0,0,620.8,11,0,0,0,0,0,0,0,0
453,2017-04-13,21:04:17,0,ZC705,XZCE,620.8,620.2,623.4,7554,469239959.94,264636,265232,659.6,584.8,622.2,623.2,0.0,622.8,0.0,0,0,2017-04-14,75857000,620.6,4,0,0,0,0,0,0,0,0,620.8,11,0,0,0,0,0,0,0,0
454,2017-04-13,21:04:18,0,ZC705,XZCE,620.8,620.2,623.4,7568,470109079.94,264622,265232,659.6,584.8,622.2,623.2,0.0,622.8,0.0,0,0,2017-04-14,75858000,620.6,4,0,0,0,0,0,0,0,0,620.8,14,0,0,0,0,0,0,0,0
455,2017-04-13,21:04:19,0,ZC705,XZCE,620.8,620.2,623.4,7570,470233239.94,264622,265232,659.6,584.8,622.2,623.2,0.0,622.8,0.0,0,0,2017-04-14,75859000,620.6,4,0,0,0,0,0,0,0,0,620.8,31,0,0,0,0,0,0,0,0
456,2017-04-13,21:04:19,0,ZC705,XZCE,620.6,620.2,623.4,7574,470481479.94,264622,265232,659.6,584.8,622.2,623.2,0.0,622.8,0.0,0,0,2017-04-14,75859000,620.6,2,0,0,0,0,0,0,0,0,620.8,31,0,0,0,0,0,0,0,0
457,2017-04-13,21:04:20,0,ZC705,XZCE,620.8,620.2,623.4,7584,471102279.94,264616,265232,659.6,584.8,622.2,623.2,0.0,622.8,0.0,0,0,2017-04-14,75860000,620.6,12,0,0,0,0,0,0,0,0,620.8,28,0,0,0,0,0,0,0,0
458,2017-04-13,21:04:20,0,ZC705,XZCE,620.8,620.2,623.4,7584,471102279.94,264616,265232,659.6,584.8,622.2,623.2,0.0,622.8,0.0,0,0,2017-04-14,75860000,620.6,12,0,0,0,0,0,0,0,0,620.8,26,0,0,0,0,0,0,0,0
459,2017-04-13,21:04:21,0,ZC705,XZCE,620.8,620.2,623.4,7588,471350599.94,264612,265232,659.6,584.8,622.2,623.2,0.0,622.8,0.0,0,0,2017-04-14,75861000,620.6,12,0,0,0,0,0,0,0,0,620.8,24,0,0,0,0,0,0,0,0
460,2017-04-13,21:04:21,0,ZC705,XZCE,620.6,620.2,623.4,7590,471474719.94,264612,265232,659.6,584.8,622.2,623.2,0.0,622.8,0.0,0,0,2017-04-14,75861000,620.6,16,0,0,0,0,0,0,0,0,620.8,24,0,0,0,0,0,0,0,0
461,2017-04-13,21:04:22,0,ZC705,XZCE,620.8,620.2,623.4,7596,471847199.94,264612,265232,659.6,584.8,622.2,623.2,0.0,622.8,0.0,0,0,2017-04-14,75862000,620.6,16,0,0,0,0,0,0,0,0,620.8,23,0,0,0,0,0,0,0,0
462,2017-04-13,21:04:22,0,ZC705,XZCE,620.6,620.2,623.4,7600,472095439.94,264610,265232,659.6,584.8,622.2,623.2,0.0,622.8,0.0,0,0,2017-04-14,75862000,620.6,15,0,0,0,0,0,0,0,0,620.8,24,0,0,0,0,0,0,0,0
463,2017-04-13,21:04:23,0,ZC705,XZCE,620.6,620.2,623.4,7600,472095439.94,264610,265232,659.6,584.8,622.2,623.2,0.0,622.8,0.0,0,0,2017-04-14,75863000,620.6,17,0,0,0,0,0,0,0,0,620.8,24,0,0,0,0,0,0,0,0
464,2017-04-13,21:04:23,0,ZC705,XZCE,620.6,620.2,623.4,7602,472219559.94,264610,265232,659.6,584.8,622.2,623.2,0.0,622.8,0.0,0,0,2017-04-14,75863000,620.6,17,0,0,0,0,0,0,0,0,620.8,24,0,0,0,0,0,0,0,0
465,2017-04-13,21:04:24,0,ZC705,XZCE,620.6,620.2,623.4,7602,472219559.94,264610,265232,659.6,584.8,622.2,623.2,0.0,622.8,0.0,0,0,2017-04-14,75864000,620.6,15,0,0,0,0,0,0,0,0,620.8,24,0,0,0,0,0,0,0,0
466,2017-04-13,21:04:24,0,ZC705,XZCE,620.8,620.2,623.4,7622,473461159.94,264612,265232,659.6,584.8,622.2,623.2,0.0,622.8,0.0,0,0,2017-04-14,75864000,620.6,15,0,0,0,0,0,0,0,0,620.8,12,0,0,0,0,0,0,0,0
467,2017-04-13,21:04:25,0,ZC705,XZCE,620.8,620.2,623.4,7646,474951079.94,264636,265232,659.6,584.8,622.2,623.2,0.0,622.8,0.0,0,0,2017-04-14,75865000,620.8,21,0,0,0,0,0,0,0,0,621.0,65,0,0,0,0,0,0,0,0
468,2017-04-13,21:04:25,0,ZC705,XZCE,620.8,620.2,623.4,7648,475075239.94,264638,265232,659.6,584.8,622.2,623.2,0.0,622.8,0.0,0,0,2017-04-14,75865000,620.8,20,0,0,0,0,0,0,0,0,621.0,65,0,0,0,0,0,0,0,0
469,2017-04-13,21:04:26,0,ZC705,XZCE,620.8,620.2,623.4,7648,475075239.94,264638,265232,659.6,584.8,622.2,623.2,0.0,622.8,0.0,0,0,2017-04-14,75866000,620.8,21,0,0,0,0,0,0,0,0,621.0,65,0,0,0,0,0,0,0,0
470,2017-04-13,21:04:26,0,ZC705,XZCE,621.0,620.2,623.4,7654,475447839.94,264642,265232,659.6,584.8,622.2,623.2,0.0,622.8,0.0,0,0,2017-04-14,75866000,620.8,22,0,0,0,0,0,0,0,0,621.0,62,0,0,0,0,0,0,0,0
471,2017-04-13,21:04:27,0,ZC705,XZCE,620.8,620.2,623.4,7658,475696159.94,264644,265232,659.6,584.8,622.2,623.2,0.0,622.8,0.0,0,0,2017-04-14,75867000,620.8,20,0,0,0,0,0,0,0,0,621.0,62,0,0,0,0,0,0,0,0
472,2017-04-13,21:04:28,0,ZC705,XZCE,621.0,620.2,623.4,7660,475820359.94,264646,265232,659.6,584.8,622.2,623.2,0.0,622.8,0.0,0,0,2017-04-14,75868000,620.8,21,0,0,0,0,0,0,0,0,621.0,61,0,0,0,0,0,0,0,0
473,2017-04-13,21:04:28,0,ZC705,XZCE,620.8,620.2,623.4,7662,475944519.94,264648,265232,659.6,584.8,622.2,623.2,0.0,622.8,0.0,0,0,2017-04-14,75868000,620.8,21,0,0,0,0,0,0,0,0,621.0,61,0,0,0,0,0,0,0,0
474,2017-04-13,21:04:30,0,ZC705,XZCE,621.0,620.2,623.4,7664,476068719.94,264650,265232,659.6,584.8,622.2,623.2,0.0,622.8,0.0,0,0,2017-04-14,75870000,620.8,21,0,0,0,0,0,0,0,0,621.0,60,0,0,0,0,0,0,0,0
475,2017-04-13,21:04:30,0,ZC705,XZCE,621.0,620.2,623.4,7668,476317119.94,264650,265232,659.6,584.8,622.2,623.2,0.0,622.8,0.0,0,0,2017-04-14,75870000,620.8,21,0,0,0,0,0,0,0,0,621.0,58,0,0,0,0,0,0,0,0
476,2017-04-13,21:04:30,0,ZC705,XZCE,621.0,620.2,623.4,7670,476441319.94,264650,265232,659.6,584.8,622.2,623.2,0.0,622.8,0.0,0,0,2017-04-14,75870000,620.8,21,0,0,0,0,0,0,0,0,621.0,57,0,0,0,0,0,0,0,0
477,2017-04-13,21:04:31,0,ZC705,XZCE,620.8,620.2,623.4,7674,476689639.93,264654,265232,659.6,584.8,622.2,623.2,0.0,622.8,0.0,0,0,2017-04-14,75871000,620.8,19,0,0,0,0,0,0,0,0,621.0,57,0,0,0,0,0,0,0,0
478,2017-04-13,21:04:32,0,ZC705,XZCE,620.8,620.2,623.4,7676,476813799.93,264656,265232,659.6,584.8,622.2,623.2,0.0,622.8,0.0,0,0,2017-04-14,75872000,620.8,26,0,0,0,0,0,0,0,0,621.0,58,0,0,0,0,0,0,0,0
479,2017-04-13,21:04:33,0,ZC705,XZCE,620.8,620.2,623.4,7678,476937959.93,264658,265232,659.6,584.8,622.2,623.2,0.0,622.8,0.0,0,0,2017-04-14,75873000,620.8,26,0,0,0,0,0,0,0,0,621.0,58,0,0,0,0,0,0,0,0
480,2017-04-13,21:04:33,0,ZC705,XZCE,620.8,620.2,623.4,7678,476937959.93,264658,265232,659.6,584.8,622.2,623.2,0.0,622.8,0.0,0,0,2017-04-14,75873000,620.8,26,0,0,0,0,0,0,0,0,621.0,57,0,0,0,0,0,0,0,0
481,2017-04-13,21:04:34,0,ZC705,XZCE,621.0,620.2,623.4,7792,484017359.93,264650,265232,659.6,584.8,622.2,623.2,0.0,622.8,0.0,0,0,2017-04-14,75874000,620.8,36,0,0,0,0,0,0,0,0,621.2,38,0,0,0,0,0,0,0,0
482,2017-04-13,21:04:34,0,ZC705,XZCE,621.2,620.2,623.4,7822,485880959.93,264638,265232,659.6,584.8,622.2,623.2,0.0,622.8,0.0,0,0,2017-04-14,75874000,621.0,9,0,0,0,0,0,0,0,0,621.2,23,0,0,0,0,0,0,0,0
483,2017-04-13,21:04:35,0,ZC705,XZCE,621.2,620.2,623.4,7838,486874879.93,264638,265232,659.6,584.8,622.2,623.2,0.0,622.8,0.0,0,0,2017-04-14,75875000,621.0,25,0,0,0,0,0,0,0,0,621.2,15,0,0,0,0,0,0,0,0
484,2017-04-13,21:04:35,0,ZC705,XZCE,621.2,620.2,623.4,7868,488738479.93,264634,265232,659.6,584.8,622.2,623.2,0.0,622.8,0.0,0,0,2017-04-14,75875000,621.0,25,0,0,0,0,0,0,0,0,621.4,15,0,0,0,0,0,0,0,0
485,2017-04-13,21:04:36,0,ZC705,XZCE,621.2,620.2,623.4,7868,488738479.93,264634,265232,659.6,584.8,622.2,623.2,0.0,622.8,0.0,0,0,2017-04-14,75876000,621.0,33,0,0,0,0,0,0,0,0,621.4,15,0,0,0,0,0,0,0,0
486,2017-04-13,21:04:36,0,ZC705,XZCE,621.4,620.2,623.4,7888,489981279.93,264634,265232,659.6,584.8,622.2,623.2,0.0,622.8,0.0,0,0,2017-04-14,75876000,621.0,33,0,0,0,0,0,0,0,0,621.4,5,0,0,0,0,0,0,0,0
487,2017-04-13,21:04:37,0,ZC705,XZCE,621.4,620.2,623.4,7890,490105559.93,264634,265232,659.6,584.8,622.2,623.2,0.0,622.8,0.0,0,0,2017-04-14,75877000,621.2,1,0,0,0,0,0,0,0,0,621.4,4,0,0,0,0,0,0,0,0
488,2017-04-13,21:04:37,0,ZC705,XZCE,621.2,620.2,623.4,7892,490229799.93,264634,265232,659.6,584.8,622.2,623.2,0.0,622.8,0.0,0,0,2017-04-14,75877000,621.2,4,0,0,0,0,0,0,0,0,621.4,4,0,0,0,0,0,0,0,0
489,2017-04-13,21:04:38,0,ZC705,XZCE,621.2,620.2,623.4,7892,490229799.93,264634,265232,659.6,584.8,622.2,623.2,0.0,622.8,0.0,0,0,2017-04-14,75878000,621.2,5,0,0,0,0,0,0,0,0,621.4,4,0,0,0,0,0,0,0,0
490,2017-04-13,21:04:38,0,ZC705,XZCE,621.6,620.2,623.4,7916,491721639.93,264632,265232,659.6,584.8,622.2,623.2,0.0,622.8,0.0,0,0,2017-04-14,75878000,621.4,1,0,0,0,0,0,0,0,0,621.6,13,0,0,0,0,0,0,0,0
491,2017-04-13,21:04:39,0,ZC705,XZCE,621.6,620.2,623.4,7918,491845959.93,264632,265232,659.6,584.8,622.2,623.2,0.0,622.8,0.0,0,0,2017-04-14,75879000,621.4,2,0,0,0,0,0,0,0,0,621.6,14,0,0,0,0,0,0,0,0
492,2017-04-13,21:04:39,0,ZC705,XZCE,621.6,620.2,623.4,7950,493835079.93,264622,265232,659.6,584.8,622.2,623.2,0.0,622.8,0.0,0,0,2017-04-14,75879000,621.4,2,0,0,0,0,0,0,0,0,621.8,7,0,0,0,0,0,0,0,0
493,2017-04-13,21:04:40,0,ZC705,XZCE,621.6,620.2,623.4,7950,493835079.93,264622,265232,659.6,584.8,622.2,623.2,0.0,622.8,0.0,0,0,2017-04-14,75880000,621.4,7,0,0,0,0,0,0,0,0,621.8,7,0,0,0,0,0,0,0,0
494,2017-04-13,21:04:40,0,ZC705,XZCE,621.6,620.2,623.4,7950,493835079.93,264622,265232,659.6,584.8,622.2,623.2,0.0,622.8,0.0,0,0,2017-04-14,75880000,621.4,12,0,0,0,0,0,0,0,0,621.8,7,0,0,0,0,0,0,0,0
495,2017-04-13,21:04:41,0,ZC705,XZCE,621.6,620.2,623.4,7950,493835079.93,264622,265232,659.6,584.8,622.2,623.2,0.0,622.8,0.0,0,0,2017-04-14,75881000,621.4,12,0,0,0,0,0,0,0,0,621.6,1,0,0,0,0,0,0,0,0
496,2017-04-13,21:04:42,0,ZC705,XZCE,621.8,620.2,623.4,7956,494208159.93,264620,265232,659.6,584.8,622.2,623.2,0.0,622.8,0.0,0,0,2017-04-14,75882000,621.4,10,0,0,0,0,0,0,0,0,621.6,1,0,0,0,0,0,0,0,0
497,2017-04-13,21:04:42,0,ZC705,XZCE,621.6,620.2,623.4,7958,494332479.93,264622,265232,659.6,584.8,622.2,623.2,0.0,622.8,0.0,0,0,2017-04-14,75882000,621.6,1,0,0,0,0,0,0,0,0,621.8,6,0,0,0,0,0,0,0,0
498,2017-04-13,21:04:43,0,ZC705,XZCE,621.6,620.2,623.4,7962,494581119.93,264620,265232,659.6,584.8,622.2,623.2,0.0,622.8,0.0,0,0,2017-04-14,75883000,621.4,10,0,0,0,0,0,0,0,0,621.6,8,0,0,0,0,0,0,0,0
499,2017-04-13,21:04:43,0,ZC705,XZCE,621.6,620.2,623.4,7964,494705439.93,264618,265232,659.6,584.8,622.2,623.2,0.0,622.8,0.0,0,0,2017-04-14,75883000,621.4,10,0,0,0,0,0,0,0,0,621.6,7,0,0,0,0,0,0,0,0
500,2017-04-13,21:04:45,0,ZC705,XZCE,621.6,620.2,623.4,7974,495327039.93,264612,265232,659.6,584.8,622.2,623.2,0.0,622.8,0.0,0,0,2017-04-14,75885000,621.4,13,0,0,0,0,0,0,0,0,621.6,4,0,0,0,0,0,0,0,0
501,2017-04-13,21:04:46,0,ZC705,XZCE,621.6,620.2,623.4,7982,495824319.93,264604,265232,659.6,584.8,622.2,623.2,0.0,622.8,0.0,0,0,2017-04-14,75886000,621.6,9,0,0,0,0,0,0,0,0,621.8,8,0,0,0,0,0,0,0,0
502,2017-04-13,21:04:46,0,ZC705,XZCE,621.8,620.2,623.4,7986,496073039.93,264600,265232,659.6,584.8,622.2,623.2,0.0,622.8,0.0,0,0,2017-04-14,75886000,621.6,11,0,0,0,0,0,0,0,0,621.8,4,0,0,0,0,0,0,0,0
503,2017-04-13,21:04:47,0,ZC705,XZCE,621.8,620.2,623.4,7996,496694839.93,264600,265232,659.6,584.8,622.2,623.2,0.0,622.8,0.0,0,0,2017-04-14,75887000,621.6,21,0,0,0,0,0,0,0,0,621.8,1,0,0,0,0,0,0,0,0
