,dataDate,dataTime,dataMillisec,instrumentID,exchangeCD,lastPrice,lowPrice,highPrice,volume,value,openInterest,preOpenInterest,upperLimitPrice,lowerLimitPrice,preSettlementPrice,prevClosePrice,settlementPrice,openPrice,closePrice,preDelta,currDelta,clearingDay,milliSecOffset,bidPrice1,bidVolume1,bidPrice2,bidVolume2,bidPrice3,bidVolume3,bidPrice4,bidVolume4,bidPrice5,bidVolume5,askPrice1,askVolume1,askPrice2,askVolume2,askPrice3,askVolume3,askPrice4,askVolume4,askPrice5,askVolume5
0,2017-04-18,08:59:00,91,cs1709,XDCE,2017,2017,2017,228,4598760,790334,790376,2110,1910,2010,2018,0,2017,0,0,0,2017-04-18,32340091,2017,84,0,0,0,0,0,0,0,0,2018,107,0,0,0,0,0,0,0,0
1,2017-04-18,08:59:00,91,cs1709,XDCE,2017,2017,2017,228,4598760,790334,790376,2110,1910,2010,2018,0,2017,0,0,0,2017-04-18,32340091,2017,84,0,0,0,0,0,0,0,0,2018,107,0,0,0,0,0,0,0,0
2,2017-04-18,09:00:00,371,cs1709,XDCE,2015,2012,2017,742,14957080,790754,790376,2110,1910,2010,2018,0,2017,0,0,0,2017-04-18,32400371,2015,6,0,0,0,0,0,0,0,0,2016,21,0,0,0,0,0,0,0,0
3,2017-04-18,09:00:00,371,cs1709,XDCE,2015,2012,2017,742,14957080,790754,790376,2110,1910,2010,2018,0,2017,0,0,0,2017-04-18,32400371,2015,6,0,0,0,0,0,0,0,0,2016,21,0,0,0,0,0,0,0,0
4,2017-04-18,09:00:00,870,cs1709,XDCE,2015,2012,2017,908,18303240,790832,790376,2110,1910,2010,2018,0,2017,0,0,0,2017-04-18,32400870,2015,2,0,0,0,0,0,0,0,0,2016,16,0,0,0,0,0,0,0,0
5,2017-04-18,09:00:00,870,cs1709,XDCE,2015,2012,2017,908,18303240,790832,790376,2110,1910,2010,2018,0,2017,0,0,0,2017-04-18,32400870,2015,2,0,0,0,0,0,0,0,0,2016,16,0,0,0,0,0,0,0,0
6,2017-04-18,09:00:01,371,cs1709,XDCE,2015,2012,2017,968,19512380,790888,790376,2110,1910,2010,2018,0,2017,0,0,0,2017-04-18,32401371,2015,181,0,0,0,0,0,0,0,0,2016,139,0,0,0,0,0,0,0,0
7,2017-04-18,09:00:01,371,cs1709,XDCE,2015,2012,2017,968,19512380,790888,790376,2110,1910,2010,2018,0,2017,0,0,0,2017-04-18,32401371,2015,181,0,0,0,0,0,0,0,0,2016,139,0,0,0,0,0,0,0,0
8,2017-04-18,09:00:01,864,cs1709,XDCE,2016,2012,2017,1110,22375040,790984,790376,2110,1910,2010,2018,0,2017,0,0,0,2017-04-18,32401864,2015,318,0,0,0,0,0,0,0,0,2016,111,0,0,0,0,0,0,0,0
9,2017-04-18,09:00:01,864,cs1709,XDCE,2016,2012,2017,1110,22375040,790984,790376,2110,1910,2010,2018,0,2017,0,0,0,2017-04-18,32401864,2015,318,0,0,0,0,0,0,0,0,2016,111,0,0,0,0,0,0,0,0
10,2017-04-18,09:00:02,369,cs1709,XDCE,2016,2012,2017,1418,28584740,790944,790376,2110,1910,2010,2018,0,2017,0,0,0,2017-04-18,32402369,2016,62,0,0,0,0,0,0,0,0,2017,143,0,0,0,0,0,0,0,0
11,2017-04-18,09:00:02,369,cs1709,XDCE,2016,2012,2017,1418,28584740,790944,790376,2110,1910,2010,2018,0,2017,0,0,0,2017-04-18,32402369,2016,62,0,0,0,0,0,0,0,0,2017,143,0,0,0,0,0,0,0,0
12,2017-04-18,09:00:02,848,cs1709,XDCE,2017,2012,2017,1516,30561400,790992,790376,2110,1910,2010,2018,0,2017,0,0,0,2017-04-18,32402848,2017,70,0,0,0,0,0,0,0,0,2018,212,0,0,0,0,0,0,0,0
13,2017-04-18,09:00:03,343,cs1709,XDCE,2019,2012,2019,2060,41538460,790998,790376,2110,1910,2010,2018,0,2017,0,0,0,2017-04-18,32403343,2018,187,0,0,0,0,0,0,0,0,2019,235,0,0,0,0,0,0,0,0
14,2017-04-18,09:00:03,870,cs1709,XDCE,2019,2012,2019,2268,45736480,790874,790376,2110,1910,2010,2018,0,2017,0,0,0,2017-04-18,32403870,2018,148,0,0,0,0,0,0,0,0,2019,213,0,0,0,0,0,0,0,0
15,2017-04-18,09:00:04,336,cs1709,XDCE,2019,2012,2019,2450,49410960,790720,790376,2110,1910,2010,2018,0,2017,0,0,0,2017-04-18,32404336,2018,146,0,0,0,0,0,0,0,0,2019,322,0,0,0,0,0,0,0,0
16,2017-04-18,09:00:04,856,cs1709,XDCE,2018,2012,2019,2690,54256420,790834,790376,2110,1910,2010,2018,0,2017,0,0,0,2017-04-18,32404856,2018,157,0,0,0,0,0,0,0,0,2019,222,0,0,0,0,0,0,0,0
17,2017-04-18,09:00:05,366,cs1709,XDCE,2019,2012,2019,2722,54902280,790808,790376,2110,1910,2010,2018,0,2017,0,0,0,2017-04-18,32405366,2018,146,0,0,0,0,0,0,0,0,2019,227,0,0,0,0,0,0,0,0
18,2017-04-18,09:00:05,869,cs1709,XDCE,2019,2012,2019,2748,55427100,790788,790376,2110,1910,2010,2018,0,2017,0,0,0,2017-04-18,32405869,2018,146,0,0,0,0,0,0,0,0,2019,220,0,0,0,0,0,0,0,0
19,2017-04-18,09:00:06,355,cs1709,XDCE,2018,2012,2019,3082,62167380,790704,790376,2110,1910,2010,2018,0,2017,0,0,0,2017-04-18,32406355,2017,74,0,0,0,0,0,0,0,0,2018,84,0,0,0,0,0,0,0,0
20,2017-04-18,09:00:06,867,cs1709,XDCE,2018,2012,2019,3424,69069560,790496,790376,2110,1910,2010,2018,0,2017,0,0,0,2017-04-18,32406867,2018,7,0,0,0,0,0,0,0,0,2019,143,0,0,0,0,0,0,0,0
21,2017-04-18,09:00:07,356,cs1709,XDCE,2019,2012,2019,3472,70037900,790496,790376,2110,1910,2010,2018,0,2017,0,0,0,2017-04-18,32407356,2017,90,0,0,0,0,0,0,0,0,2019,142,0,0,0,0,0,0,0,0
22,2017-04-18,09:00:07,843,cs1709,XDCE,2019,2012,2019,3492,70441700,790510,790376,2110,1910,2010,2018,0,2017,0,0,0,2017-04-18,32407843,2018,1,0,0,0,0,0,0,0,0,2019,136,0,0,0,0,0,0,0,0
23,2017-04-18,09:00:08,362,cs1709,XDCE,2019,2012,2019,3584,72299180,790436,790376,2110,1910,2010,2018,0,2017,0,0,0,2017-04-18,32408362,2018,50,0,0,0,0,0,0,0,0,2019,112,0,0,0,0,0,0,0,0
24,2017-04-18,09:00:08,843,cs1709,XDCE,2018,2012,2019,3592,72460640,790438,790376,2110,1910,2010,2018,0,2017,0,0,0,2017-04-18,32408843,2018,43,0,0,0,0,0,0,0,0,2019,115,0,0,0,0,0,0,0,0
25,2017-04-18,09:00:09,362,cs1709,XDCE,2019,2012,2019,3596,72541380,790436,790376,2110,1910,2010,2018,0,2017,0,0,0,2017-04-18,32409362,2018,32,0,0,0,0,0,0,0,0,2019,120,0,0,0,0,0,0,0,0
26,2017-04-18,09:00:09,845,cs1709,XDCE,2018,2012,2019,3606,72743180,790436,790376,2110,1910,2010,2018,0,2017,0,0,0,2017-04-18,32409845,2018,28,0,0,0,0,0,0,0,0,2019,125,0,0,0,0,0,0,0,0
27,2017-04-18,09:00:10,362,cs1709,XDCE,2018,2012,2019,3614,72904620,790434,790376,2110,1910,2010,2018,0,2017,0,0,0,2017-04-18,32410362,2018,24,0,0,0,0,0,0,0,0,2019,128,0,0,0,0,0,0,0,0
28,2017-04-18,09:00:10,843,cs1709,XDCE,2018,2012,2019,3632,73267920,790424,790376,2110,1910,2010,2018,0,2017,0,0,0,2017-04-18,32410843,2018,37,0,0,0,0,0,0,0,0,2019,127,0,0,0,0,0,0,0,0
29,2017-04-18,09:00:11,359,cs1709,XDCE,2018,2012,2019,3636,73348640,790422,790376,2110,1910,2010,2018,0,2017,0,0,0,2017-04-18,32411359,2018,37,0,0,0,0,0,0,0,0,2019,130,0,0,0,0,0,0,0,0
30,2017-04-18,09:00:11,842,cs1709,XDCE,2018,2012,2019,3742,75487740,790422,790376,2110,1910,2010,2018,0,2017,0,0,0,2017-04-18,32411842,2017,105,0,0,0,0,0,0,0,0,2018,6,0,0,0,0,0,0,0,0
31,2017-04-18,09:00:12,318,cs1709,XDCE,2018,2012,2019,3754,75729900,790422,790376,2110,1910,2010,2018,0,2017,0,0,0,2017-04-18,32412318,2018,44,0,0,0,0,0,0,0,0,2019,140,0,0,0,0,0,0,0,0
32,2017-04-18,09:00:12,815,cs1709,XDCE,2019,2012,2019,3758,75810640,790420,790376,2110,1910,2010,2018,0,2017,0,0,0,2017-04-18,32412815,2018,44,0,0,0,0,0,0,0,0,2019,140,0,0,0,0,0,0,0,0
33,2017-04-18,09:00:13,367,cs1709,XDCE,2018,2012,2019,3794,76537140,790452,790376,2110,1910,2010,2018,0,2017,0,0,0,2017-04-18,32413367,2018,41,0,0,0,0,0,0,0,0,2019,139,0,0,0,0,0,0,0,0
34,2017-04-18,09:00:13,800,cs1709,XDCE,2018,2012,2019,3812,76900460,790460,790376,2110,1910,2010,2018,0,2017,0,0,0,2017-04-18,32413800,2018,42,0,0,0,0,0,0,0,0,2019,137,0,0,0,0,0,0,0,0
35,2017-04-18,09:00:14,368,cs1709,XDCE,2019,2012,2019,3924,79161620,790448,790376,2110,1910,2010,2018,0,2017,0,0,0,2017-04-18,32414368,2018,42,0,0,0,0,0,0,0,0,2020,339,0,0,0,0,0,0,0,0
36,2017-04-18,09:00:14,844,cs1709,XDCE,2019,2012,2019,3940,79484520,790452,790376,2110,1910,2010,2018,0,2017,0,0,0,2017-04-18,32414844,2018,105,0,0,0,0,0,0,0,0,2019,2,0,0,0,0,0,0,0,0
37,2017-04-18,09:00:15,365,cs1709,XDCE,2020,2012,2020,3986,80413380,790458,790376,2110,1910,2010,2018,0,2017,0,0,0,2017-04-18,32415365,2019,53,0,0,0,0,0,0,0,0,2020,399,0,0,0,0,0,0,0,0
38,2017-04-18,09:00:15,858,cs1709,XDCE,2019,2012,2020,4132,83362120,790390,790376,2110,1910,2010,2018,0,2017,0,0,0,2017-04-18,32415858,2019,43,0,0,0,0,0,0,0,0,2020,355,0,0,0,0,0,0,0,0
39,2017-04-18,09:00:16,341,cs1709,XDCE,2019,2012,2020,4132,83362120,790390,790376,2110,1910,2010,2018,0,2017,0,0,0,2017-04-18,32416341,2019,50,0,0,0,0,0,0,0,0,2020,358,0,0,0,0,0,0,0,0
40,2017-04-18,09:00:16,862,cs1709,XDCE,2020,2012,2020,4138,83483300,790386,790376,2110,1910,2010,2018,0,2017,0,0,0,2017-04-18,32416862,2019,65,0,0,0,0,0,0,0,0,2020,355,0,0,0,0,0,0,0,0
41,2017-04-18,09:00:17,340,cs1709,XDCE,2020,2012,2020,4140,83523700,790384,790376,2110,1910,2010,2018,0,2017,0,0,0,2017-04-18,32417340,2019,65,0,0,0,0,0,0,0,0,2020,354,0,0,0,0,0,0,0,0
42,2017-04-18,09:00:17,863,cs1709,XDCE,2020,2012,2020,4142,83564100,790384,790376,2110,1910,2010,2018,0,2017,0,0,0,2017-04-18,32417863,2019,65,0,0,0,0,0,0,0,0,2020,354,0,0,0,0,0,0,0,0
43,2017-04-18,09:00:18,345,cs1709,XDCE,2019,2012,2020,4282,86390700,790328,790376,2110,1910,2010,2018,0,2017,0,0,0,2017-04-18,32418345,2018,139,0,0,0,0,0,0,0,0,2019,35,0,0,0,0,0,0,0,0
44,2017-04-18,09:00:18,870,cs1709,XDCE,2019,2012,2020,4294,86632980,790324,790376,2110,1910,2010,2018,0,2017,0,0,0,2017-04-18,32418870,2018,140,0,0,0,0,0,0,0,0,2019,31,0,0,0,0,0,0,0,0
45,2017-04-18,09:00:19,344,cs1709,XDCE,2019,2012,2020,4430,89378200,790356,790376,2110,1910,2010,2018,0,2017,0,0,0,2017-04-18,32419344,2018,108,0,0,0,0,0,0,0,0,2019,94,0,0,0,0,0,0,0,0
46,2017-04-18,09:00:19,870,cs1709,XDCE,2019,2012,2020,4432,89418580,790356,790376,2110,1910,2010,2018,0,2017,0,0,0,2017-04-18,32419870,2018,108,0,0,0,0,0,0,0,0,2019,97,0,0,0,0,0,0,0,0
47,2017-04-18,09:00:20,354,cs1709,XDCE,2019,2012,2020,4632,93456580,790180,790376,2110,1910,2010,2018,0,2017,0,0,0,2017-04-18,32420354,2018,108,0,0,0,0,0,0,0,0,2020,283,0,0,0,0,0,0,0,0
48,2017-04-18,09:00:20,866,cs1709,XDCE,2020,2012,2020,4664,94102840,790182,790376,2110,1910,2010,2018,0,2017,0,0,0,2017-04-18,32420866,2019,40,0,0,0,0,0,0,0,0,2020,358,0,0,0,0,0,0,0,0
49,2017-04-18,09:00:21,370,cs1709,XDCE,2019,2012,2020,4686,94547160,790188,790376,2110,1910,2010,2018,0,2017,0,0,0,2017-04-18,32421370,2019,37,0,0,0,0,0,0,0,0,2020,351,0,0,0,0,0,0,0,0
50,2017-04-18,09:00:21,843,cs1709,XDCE,2019,2012,2020,4686,94547160,790188,790376,2110,1910,2010,2018,0,2017,0,0,0,2017-04-18,32421843,2019,42,0,0,0,0,0,0,0,0,2020,352,0,0,0,0,0,0,0,0
51,2017-04-18,09:00:22,370,cs1709,XDCE,2019,2012,2020,4692,94668340,790192,790376,2110,1910,2010,2018,0,2017,0,0,0,2017-04-18,32422370,2019,42,0,0,0,0,0,0,0,0,2020,350,0,0,0,0,0,0,0,0
52,2017-04-18,09:00:22,819,cs1709,XDCE,2020,2012,2020,4760,96041740,790150,790376,2110,1910,2010,2018,0,2017,0,0,0,2017-04-18,32422819,2019,10,0,0,0,0,0,0,0,0,2020,326,0,0,0,0,0,0,0,0
53,2017-04-18,09:00:23,350,cs1709,XDCE,2019,2012,2020,4762,96082120,790152,790376,2110,1910,2010,2018,0,2017,0,0,0,2017-04-18,32423350,2019,9,0,0,0,0,0,0,0,0,2020,326,0,0,0,0,0,0,0,0
54,2017-04-18,09:00:23,844,cs1709,XDCE,2019,2012,2020,4780,96445540,790150,790376,2110,1910,2010,2018,0,2017,0,0,0,2017-04-18,32423844,2018,109,0,0,0,0,0,0,0,0,2019,14,0,0,0,0,0,0,0,0
55,2017-04-18,09:00:24,365,cs1709,XDCE,2019,2012,2020,4790,96647440,790140,790376,2110,1910,2010,2018,0,2017,0,0,0,2017-04-18,32424365,2018,109,0,0,0,0,0,0,0,0,2019,31,0,0,0,0,0,0,0,0
56,2017-04-18,09:00:24,847,cs1709,XDCE,2019,2012,2020,4794,96728200,790138,790376,2110,1910,2010,2018,0,2017,0,0,0,2017-04-18,32424847,2018,109,0,0,0,0,0,0,0,0,2019,91,0,0,0,0,0,0,0,0
57,2017-04-18,09:00:25,350,cs1709,XDCE,2018,2012,2020,4888,98625140,790094,790376,2110,1910,2010,2018,0,2017,0,0,0,2017-04-18,32425350,2018,62,0,0,0,0,0,0,0,0,2019,116,0,0,0,0,0,0,0,0
58,2017-04-18,09:00:25,844,cs1709,XDCE,2018,2012,2020,4932,99513300,790078,790376,2110,1910,2010,2018,0,2017,0,0,0,2017-04-18,32425844,2018,53,0,0,0,0,0,0,0,0,2019,106,0,0,0,0,0,0,0,0
59,2017-04-18,09:00:26,275,cs1709,XDCE,2018,2012,2020,4960,100078340,790056,790376,2110,1910,2010,2018,0,2017,0,0,0,2017-04-18,32426275,2018,33,0,0,0,0,0,0,0,0,2019,161,0,0,0,0,0,0,0,0
60,2017-04-18,09:00:26,870,cs1709,XDCE,2019,2012,2020,4964,100159100,790056,790376,2110,1910,2010,2018,0,2017,0,0,0,2017-04-18,32426870,2018,75,0,0,0,0,0,0,0,0,2019,94,0,0,0,0,0,0,0,0
61,2017-04-18,09:00:27,315,cs1709,XDCE,2019,2012,2020,4988,100643580,790058,790376,2110,1910,2010,2018,0,2017,0,0,0,2017-04-18,32427315,2018,81,0,0,0,0,0,0,0,0,2019,87,0,0,0,0,0,0,0,0
62,2017-04-18,09:00:27,842,cs1709,XDCE,2018,2012,2020,5032,101531540,790022,790376,2110,1910,2010,2018,0,2017,0,0,0,2017-04-18,32427842,2018,60,0,0,0,0,0,0,0,0,2019,98,0,0,0,0,0,0,0,0
63,2017-04-18,09:00:28,367,cs1709,XDCE,2018,2012,2020,5036,101612260,790026,790376,2110,1910,2010,2018,0,2017,0,0,0,2017-04-18,32428367,2018,53,0,0,0,0,0,0,0,0,2019,110,0,0,0,0,0,0,0,0
64,2017-04-18,09:00:28,851,cs1709,XDCE,2019,2012,2020,5172,104357100,789952,790376,2110,1910,2010,2018,0,2017,0,0,0,2017-04-18,32428851,2018,11,0,0,0,0,0,0,0,0,2019,145,0,0,0,0,0,0,0,0
65,2017-04-18,09:00:29,372,cs1709,XDCE,2018,2012,2020,5496,110898640,789804,790376,2110,1910,2010,2018,0,2017,0,0,0,2017-04-18,32429372,2018,32,0,0,0,0,0,0,0,0,2019,20,0,0,0,0,0,0,0,0
66,2017-04-18,09:00:29,858,cs1709,XDCE,2018,2012,2020,5498,110939000,789804,790376,2110,1910,2010,2018,0,2017,0,0,0,2017-04-18,32429858,2018,53,0,0,0,0,0,0,0,0,2019,39,0,0,0,0,0,0,0,0
67,2017-04-18,09:00:30,364,cs1709,XDCE,2019,2012,2020,5500,110979380,789804,790376,2110,1910,2010,2018,0,2017,0,0,0,2017-04-18,32430364,2018,58,0,0,0,0,0,0,0,0,2019,41,0,0,0,0,0,0,0,0
68,2017-04-18,09:00:30,869,cs1709,XDCE,2018,2012,2020,5504,111060100,789804,790376,2110,1910,2010,2018,0,2017,0,0,0,2017-04-18,32430869,2018,60,0,0,0,0,0,0,0,0,2019,48,0,0,0,0,0,0,0,0
69,2017-04-18,09:00:31,369,cs1709,XDCE,2019,2012,2020,5538,111746240,789834,790376,2110,1910,2010,2018,0,2017,0,0,0,2017-04-18,32431369,2018,41,0,0,0,0,0,0,0,0,2019,135,0,0,0,0,0,0,0,0
70,2017-04-18,09:00:31,842,cs1709,XDCE,2018,2012,2020,5544,111867360,789834,790376,2110,1910,2010,2018,0,2017,0,0,0,2017-04-18,32431842,2018,42,0,0,0,0,0,0,0,0,2019,60,0,0,0,0,0,0,0,0
71,2017-04-18,09:00:32,341,cs1709,XDCE,2018,2012,2020,5552,112028860,789834,790376,2110,1910,2010,2018,0,2017,0,0,0,2017-04-18,32432341,2018,25,0,0,0,0,0,0,0,0,2019,48,0,0,0,0,0,0,0,0
72,2017-04-18,09:00:32,852,cs1709,XDCE,2018,2012,2020,5600,112997500,789810,790376,2110,1910,2010,2018,0,2017,0,0,0,2017-04-18,32432852,2017,121,0,0,0,0,0,0,0,0,2018,60,0,0,0,0,0,0,0,0
73,2017-04-18,09:00:33,330,cs1709,XDCE,2018,2012,2020,5606,113118580,789814,790376,2110,1910,2010,2018,0,2017,0,0,0,2017-04-18,32433330,2017,115,0,0,0,0,0,0,0,0,2018,62,0,0,0,0,0,0,0,0
74,2017-04-18,09:00:33,869,cs1709,XDCE,2018,2012,2020,5606,113118580,789814,790376,2110,1910,2010,2018,0,2017,0,0,0,2017-04-18,32433869,2017,93,0,0,0,0,0,0,0,0,2018,72,0,0,0,0,0,0,0,0
75,2017-04-18,09:00:34,851,cs1709,XDCE,2018,2012,2020,5606,113118580,789814,790376,2110,1910,2010,2018,0,2017,0,0,0,2017-04-18,32434851,2017,93,0,0,0,0,0,0,0,0,2018,73,0,0,0,0,0,0,0,0
76,2017-04-18,09:00:35,871,cs1709,XDCE,2018,2012,2020,5646,113925780,789854,790376,2110,1910,2010,2018,0,2017,0,0,0,2017-04-18,32435871,2017,93,0,0,0,0,0,0,0,0,2018,53,0,0,0,0,0,0,0,0
77,2017-04-18,09:00:36,356,cs1709,XDCE,2017,2012,2020,5702,115055580,789884,790376,2110,1910,2010,2018,0,2017,0,0,0,2017-04-18,32436356,2017,79,0,0,0,0,0,0,0,0,2018,58,0,0,0,0,0,0,0,0
78,2017-04-18,09:00:36,795,cs1709,XDCE,2018,2012,2020,5704,115095940,789886,790376,2110,1910,2010,2018,0,2017,0,0,0,2017-04-18,32436795,2017,79,0,0,0,0,0,0,0,0,2018,58,0,0,0,0,0,0,0,0
79,2017-04-18,09:00:37,355,cs1709,XDCE,2017,2012,2020,5734,115701040,789896,790376,2110,1910,2010,2018,0,2017,0,0,0,2017-04-18,32437355,2017,64,0,0,0,0,0,0,0,0,2018,82,0,0,0,0,0,0,0,0
80,2017-04-18,09:00:37,843,cs1709,XDCE,2017,2012,2020,5738,115781740,789900,790376,2110,1910,2010,2018,0,2017,0,0,0,2017-04-18,32437843,2017,59,0,0,0,0,0,0,0,0,2018,81,0,0,0,0,0,0,0,0
81,2017-04-18,09:00:38,359,cs1709,XDCE,2017,2012,2020,5740,115822080,789902,790376,2110,1910,2010,2018,0,2017,0,0,0,2017-04-18,32438359,2017,48,0,0,0,0,0,0,0,0,2018,81,0,0,0,0,0,0,0,0
82,2017-04-18,09:00:38,870,cs1709,XDCE,2017,2012,2020,5740,115822080,789902,790376,2110,1910,2010,2018,0,2017,0,0,0,2017-04-18,32438870,2017,48,0,0,0,0,0,0,0,0,2018,131,0,0,0,0,0,0,0,0
83,2017-04-18,09:00:39,341,cs1709,XDCE,2017,2012,2020,5742,115862420,789902,790376,2110,1910,2010,2018,0,2017,0,0,0,2017-04-18,32439341,2017,48,0,0,0,0,0,0,0,0,2018,141,0,0,0,0,0,0,0,0
84,2017-04-18,09:00:39,692,cs1709,XDCE,2017,2012,2020,5748,115983440,789906,790376,2110,1910,2010,2018,0,2017,0,0,0,2017-04-18,32439692,2017,48,0,0,0,0,0,0,0,0,2018,141,0,0,0,0,0,0,0,0
85,2017-04-18,09:00:40,370,cs1709,XDCE,2018,2012,2020,5780,116629080,789926,790376,2110,1910,2010,2018,0,2017,0,0,0,2017-04-18,32440370,2017,42,0,0,0,0,0,0,0,0,2018,141,0,0,0,0,0,0,0,0
86,2017-04-18,09:00:40,697,cs1709,XDCE,2017,2012,2020,5782,116669420,789928,790376,2110,1910,2010,2018,0,2017,0,0,0,2017-04-18,32440697,2017,41,0,0,0,0,0,0,0,0,2018,142,0,0,0,0,0,0,0,0
87,2017-04-18,09:00:41,304,cs1709,XDCE,2017,2012,2020,5806,117153520,789922,790376,2110,1910,2010,2018,0,2017,0,0,0,2017-04-18,32441304,2017,30,0,0,0,0,0,0,0,0,2018,142,0,0,0,0,0,0,0,0
88,2017-04-18,09:00:41,854,cs1709,XDCE,2017,2012,2020,5808,117193860,789922,790376,2110,1910,2010,2018,0,2017,0,0,0,2017-04-18,32441854,2017,29,0,0,0,0,0,0,0,0,2018,143,0,0,0,0,0,0,0,0
89,2017-04-18,09:00:42,347,cs1709,XDCE,2017,2012,2020,5856,118162040,789882,790376,2110,1910,2010,2018,0,2017,0,0,0,2017-04-18,32442347,2017,16,0,0,0,0,0,0,0,0,2018,141,0,0,0,0,0,0,0,0
90,2017-04-18,09:00:42,869,cs1709,XDCE,2017,2012,2020,5892,118888160,789894,790376,2110,1910,2010,2018,0,2017,0,0,0,2017-04-18,32442869,2017,32,0,0,0,0,0,0,0,0,2018,146,0,0,0,0,0,0,0,0
91,2017-04-18,09:00:43,359,cs1709,XDCE,2017,2012,2020,5892,118888160,789894,790376,2110,1910,2010,2018,0,2017,0,0,0,2017-04-18,32443359,2017,36,0,0,0,0,0,0,0,0,2018,146,0,0,0,0,0,0,0,0
92,2017-04-18,09:00:43,831,cs1709,XDCE,2017,2012,2020,5894,118928500,789896,790376,2110,1910,2010,2018,0,2017,0,0,0,2017-04-18,32443831,2017,35,0,0,0,0,0,0,0,0,2018,146,0,0,0,0,0,0,0,0
93,2017-04-18,09:00:44,254,cs1709,XDCE,2017,2012,2020,5896,118968840,789898,790376,2110,1910,2010,2018,0,2017,0,0,0,2017-04-18,32444254,2017,54,0,0,0,0,0,0,0,0,2018,147,0,0,0,0,0,0,0,0
94,2017-04-18,09:00:44,650,cs1709,XDCE,2017,2012,2020,5910,119251220,789902,790376,2110,1910,2010,2018,0,2017,0,0,0,2017-04-18,32444650,2017,49,0,0,0,0,0,0,0,0,2018,147,0,0,0,0,0,0,0,0
95,2017-04-18,09:00:45,341,cs1709,XDCE,2018,2012,2020,6010,121269220,789862,790376,2110,1910,2010,2018,0,2017,0,0,0,2017-04-18,32445341,2017,62,0,0,0,0,0,0,0,0,2018,97,0,0,0,0,0,0,0,0
96,2017-04-18,09:00:46,362,cs1709,XDCE,2017,2012,2020,6028,121632280,789880,790376,2110,1910,2010,2018,0,2017,0,0,0,2017-04-18,32446362,2017,53,0,0,0,0,0,0,0,0,2018,100,0,0,0,0,0,0,0,0
97,2017-04-18,09:00:46,723,cs1709,XDCE,2017,2012,2020,6028,121632280,789880,790376,2110,1910,2010,2018,0,2017,0,0,0,2017-04-18,32446723,2017,53,0,0,0,0,0,0,0,0,2018,105,0,0,0,0,0,0,0,0
98,2017-04-18,09:00:47,335,cs1709,XDCE,2017,2012,2020,6030,121672620,789882,790376,2110,1910,2010,2018,0,2017,0,0,0,2017-04-18,32447335,2017,52,0,0,0,0,0,0,0,0,2018,108,0,0,0,0,0,0,0,0
99,2017-04-18,09:00:47,845,cs1709,XDCE,2017,2012,2020,6030,121672620,789882,790376,2110,1910,2010,2018,0,2017,0,0,0,2017-04-18,32447845,2017,42,0,0,0,0,0,0,0,0,2018,406,0,0,0,0,0,0,0,0
100,2017-04-18,09:00:48,343,cs1709,XDCE,2017,2012,2020,6032,121712960,789882,790376,2110,1910,2010,2018,0,2017,0,0,0,2017-04-18,32448343,2017,23,0,0,0,0,0,0,0,0,2018,407,0,0,0,0,0,0,0,0
101,2017-04-18,09:00:48,844,cs1709,XDCE,2017,2012,2020,6104,123165200,789890,790376,2110,1910,2010,2018,0,2017,0,0,0,2017-04-18,32448844,2017,1,0,0,0,0,0,0,0,0,2018,421,0,0,0,0,0,0,0,0
102,2017-04-18,09:00:49,352,cs1709,XDCE,2017,2012,2020,6258,126271380,789738,790376,2110,1910,2010,2018,0,2017,0,0,0,2017-04-18,32449352,2017,50,0,0,0,0,0,0,0,0,2018,427,0,0,0,0,0,0,0,0
103,2017-04-18,09:00:49,859,cs1709,XDCE,2017,2012,2020,6266,126432740,789736,790376,2110,1910,2010,2018,0,2017,0,0,0,2017-04-18,32449859,2017,47,0,0,0,0,0,0,0,0,2018,433,0,0,0,0,0,0,0,0
104,2017-04-18,09:00:50,841,cs1709,XDCE,2017,2012,2020,6376,128651580,789726,790376,2110,1910,2010,2018,0,2017,0,0,0,2017-04-18,32450841,2016,229,0,0,0,0,0,0,0,0,2017,13,0,0,0,0,0,0,0,0
105,2017-04-18,09:00:51,355,cs1709,XDCE,2017,2012,2020,6416,129458380,789716,790376,2110,1910,2010,2018,0,2017,0,0,0,2017-04-18,32451355,2017,84,0,0,0,0,0,0,0,0,2018,430,0,0,0,0,0,0,0,0
106,2017-04-18,09:00:51,850,cs1709,XDCE,2017,2012,2020,6576,132685580,789638,790376,2110,1910,2010,2018,0,2017,0,0,0,2017-04-18,32451850,2016,229,0,0,0,0,0,0,0,0,2017,36,0,0,0,0,0,0,0,0
107,2017-04-18,09:00:52,357,cs1709,XDCE,2016,2012,2020,6598,133129220,789638,790376,2110,1910,2010,2018,0,2017,0,0,0,2017-04-18,32452357,2016,168,0,0,0,0,0,0,0,0,2017,85,0,0,0,0,0,0,0,0
108,2017-04-18,09:00:52,860,cs1709,XDCE,2017,2012,2020,6614,133451940,789654,790376,2110,1910,2010,2018,0,2017,0,0,0,2017-04-18,32452860,2016,168,0,0,0,0,0,0,0,0,2017,107,0,0,0,0,0,0,0,0
109,2017-04-18,09:00:53,306,cs1709,XDCE,2016,2012,2020,6858,138373380,789844,790376,2110,1910,2010,2018,0,2017,0,0,0,2017-04-18,32453306,2016,166,0,0,0,0,0,0,0,0,2017,25,0,0,0,0,0,0,0,0
110,2017-04-18,09:00:53,842,cs1709,XDCE,2017,2012,2020,6864,138494400,789844,790376,2110,1910,2010,2018,0,2017,0,0,0,2017-04-18,32453842,2016,166,0,0,0,0,0,0,0,0,2017,32,0,0,0,0,0,0,0,0
111,2017-04-18,09:00:54,342,cs1709,XDCE,2016,2012,2020,6868,138575040,789844,790376,2110,1910,2010,2018,0,2017,0,0,0,2017-04-18,32454342,2016,154,0,0,0,0,0,0,0,0,2017,40,0,0,0,0,0,0,0,0
112,2017-04-18,09:00:54,860,cs1709,XDCE,2016,2012,2020,7044,142123200,789984,790376,2110,1910,2010,2018,0,2017,0,0,0,2017-04-18,32454860,2016,60,0,0,0,0,0,0,0,0,2017,146,0,0,0,0,0,0,0,0
113,2017-04-18,09:00:55,360,cs1709,XDCE,2016,2012,2020,7170,144663360,790048,790376,2110,1910,2010,2018,0,2017,0,0,0,2017-04-18,32455360,2015,142,0,0,0,0,0,0,0,0,2016,3,0,0,0,0,0,0,0,0
114,2017-04-18,09:00:55,868,cs1709,XDCE,2016,2012,2020,7206,145389060,790070,790376,2110,1910,2010,2018,0,2017,0,0,0,2017-04-18,32455868,2015,137,0,0,0,0,0,0,0,0,2016,57,0,0,0,0,0,0,0,0
115,2017-04-18,09:00:56,365,cs1709,XDCE,2016,2012,2020,7236,145993860,790100,790376,2110,1910,2010,2018,0,2017,0,0,0,2017-04-18,32456365,2015,137,0,0,0,0,0,0,0,0,2016,67,0,0,0,0,0,0,0,0
116,2017-04-18,09:00:56,872,cs1709,XDCE,2016,2012,2020,7264,146558340,790122,790376,2110,1910,2010,2018,0,2017,0,0,0,2017-04-18,32456872,2015,137,0,0,0,0,0,0,0,0,2016,57,0,0,0,0,0,0,0,0
117,2017-04-18,09:00:57,358,cs1709,XDCE,2016,2012,2020,7496,151234780,790166,790376,2110,1910,2010,2018,0,2017,0,0,0,2017-04-18,32457358,2016,54,0,0,0,0,0,0,0,0,2017,167,0,0,0,0,0,0,0,0
118,2017-04-18,09:00:57,840,cs1709,XDCE,2017,2012,2020,7512,151557380,790158,790376,2110,1910,2010,2018,0,2017,0,0,0,2017-04-18,32457840,2016,53,0,0,0,0,0,0,0,0,2017,157,0,0,0,0,0,0,0,0
119,2017-04-18,09:00:58,323,cs1709,XDCE,2016,2012,2020,7532,151960580,790144,790376,2110,1910,2010,2018,0,2017,0,0,0,2017-04-18,32458323,2016,53,0,0,0,0,0,0,0,0,2017,157,0,0,0,0,0,0,0,0
120,2017-04-18,09:00:58,867,cs1709,XDCE,2016,2012,2020,7750,156355500,790136,790376,2110,1910,2010,2018,0,2017,0,0,0,2017-04-18,32458867,2016,66,0,0,0,0,0,0,0,0,2017,60,0,0,0,0,0,0,0,0
121,2017-04-18,09:00:59,368,cs1709,XDCE,2016,2012,2020,7756,156476460,790136,790376,2110,1910,2010,2018,0,2017,0,0,0,2017-04-18,32459368,2016,134,0,0,0,0,0,0,0,0,2017,50,0,0,0,0,0,0,0,0
122,2017-04-18,09:00:59,854,cs1709,XDCE,2017,2012,2020,7776,156879760,790142,790376,2110,1910,2010,2018,0,2017,0,0,0,2017-04-18,32459854,2016,89,0,0,0,0,0,0,0,0,2017,55,0,0,0,0,0,0,0,0
123,2017-04-18,09:01:00,369,cs1709,XDCE,2016,2012,2020,7788,157121720,790146,790376,2110,1910,2010,2018,0,2017,0,0,0,2017-04-18,32460369,2016,86,0,0,0,0,0,0,0,0,2017,53,0,0,0,0,0,0,0,0
124,2017-04-18,09:01:00,865,cs1709,XDCE,2016,2012,2020,7962,160629580,790202,790376,2110,1910,2010,2018,0,2017,0,0,0,2017-04-18,32460865,2015,151,0,0,0,0,0,0,0,0,2016,433,0,0,0,0,0,0,0,0
125,2017-04-18,09:01:01,362,cs1709,XDCE,2016,2012,2020,7978,160952120,790218,790376,2110,1910,2010,2018,0,2017,0,0,0,2017-04-18,32461362,2015,147,0,0,0,0,0,0,0,0,2016,428,0,0,0,0,0,0,0,0
126,2017-04-18,09:01:01,867,cs1709,XDCE,2016,2012,2020,8010,161597220,790246,790376,2110,1910,2010,2018,0,2017,0,0,0,2017-04-18,32461867,2015,147,0,0,0,0,0,0,0,0,2016,413,0,0,0,0,0,0,0,0
127,2017-04-18,09:01:02,339,cs1709,XDCE,2015,2012,2020,8056,162524360,790290,790376,2110,1910,2010,2018,0,2017,0,0,0,2017-04-18,32462339,2015,136,0,0,0,0,0,0,0,0,2016,402,0,0,0,0,0,0,0,0
128,2017-04-18,09:01:02,852,cs1709,XDCE,2016,2012,2020,8076,162927560,790310,790376,2110,1910,2010,2018,0,2017,0,0,0,2017-04-18,32462852,2015,136,0,0,0,0,0,0,0,0,2016,378,0,0,0,0,0,0,0,0
129,2017-04-18,09:01:03,364,cs1709,XDCE,2016,2012,2020,8202,165466740,790436,790376,2110,1910,2010,2018,0,2017,0,0,0,2017-04-18,32463364,2015,87,0,0,0,0,0,0,0,0,2016,364,0,0,0,0,0,0,0,0
130,2017-04-18,09:01:03,850,cs1709,XDCE,2016,2012,2020,8960,180748000,790478,790376,2110,1910,2010,2018,0,2017,0,0,0,2017-04-18,32463850,2016,30,0,0,0,0,0,0,0,0,2017,98,0,0,0,0,0,0,0,0
131,2017-04-18,09:01:04,325,cs1709,XDCE,2016,2012,2020,8962,180788320,790480,790376,2110,1910,2010,2018,0,2017,0,0,0,2017-04-18,32464325,2016,51,0,0,0,0,0,0,0,0,2017,100,0,0,0,0,0,0,0,0
132,2017-04-18,09:01:04,840,cs1709,XDCE,2016,2012,2020,8982,181191560,790484,790376,2110,1910,2010,2018,0,2017,0,0,0,2017-04-18,32464840,2016,43,0,0,0,0,0,0,0,0,2017,98,0,0,0,0,0,0,0,0
133,2017-04-18,09:01:05,294,cs1709,XDCE,2016,2012,2020,8984,181231880,790486,790376,2110,1910,2010,2018,0,2017,0,0,0,2017-04-18,32465294,2016,93,0,0,0,0,0,0,0,0,2017,90,0,0,0,0,0,0,0,0
134,2017-04-18,09:01:05,869,cs1709,XDCE,2016,2012,2020,8986,181272200,790488,790376,2110,1910,2010,2018,0,2017,0,0,0,2017-04-18,32465869,2016,94,0,0,0,0,0,0,0,0,2017,87,0,0,0,0,0,0,0,0
135,2017-04-18,09:01:06,328,cs1709,XDCE,2016,2012,2020,8986,181272200,790488,790376,2110,1910,2010,2018,0,2017,0,0,0,2017-04-18,32466328,2016,96,0,0,0,0,0,0,0,0,2017,87,0,0,0,0,0,0,0,0
136,2017-04-18,09:01:06,853,cs1709,XDCE,2016,2012,2020,8992,181393160,790494,790376,2110,1910,2010,2018,0,2017,0,0,0,2017-04-18,32466853,2016,97,0,0,0,0,0,0,0,0,2017,81,0,0,0,0,0,0,0,0
137,2017-04-18,09:01:07,331,cs1709,XDCE,2016,2012,2020,8994,181433480,790496,790376,2110,1910,2010,2018,0,2017,0,0,0,2017-04-18,32467331,2016,96,0,0,0,0,0,0,0,0,2017,76,0,0,0,0,0,0,0,0
138,2017-04-18,09:01:07,816,cs1709,XDCE,2016,2012,2020,8996,181473800,790496,790376,2110,1910,2010,2018,0,2017,0,0,0,2017-04-18,32467816,2016,107,0,0,0,0,0,0,0,0,2017,76,0,0,0,0,0,0,0,0
139,2017-04-18,09:01:08,368,cs1709,XDCE,2017,2012,2020,9016,181877200,790504,790376,2110,1910,2010,2018,0,2017,0,0,0,2017-04-18,32468368,2016,118,0,0,0,0,0,0,0,0,2017,71,0,0,0,0,0,0,0,0
140,2017-04-18,09:01:08,651,cs1709,XDCE,2016,2012,2020,9026,182078800,790504,790376,2110,1910,2010,2018,0,2017,0,0,0,2017-04-18,32468651,2016,113,0,0,0,0,0,0,0,0,2017,74,0,0,0,0,0,0,0,0
141,2017-04-18,09:01:09,871,cs1709,XDCE,2016,2012,2020,9092,183409360,790566,790376,2110,1910,2010,2018,0,2017,0,0,0,2017-04-18,32469871,2016,70,0,0,0,0,0,0,0,0,2017,75,0,0,0,0,0,0,0,0
142,2017-04-18,09:01:10,340,cs1709,XDCE,2016,2012,2020,9092,183409360,790566,790376,2110,1910,2010,2018,0,2017,0,0,0,2017-04-18,32470340,2016,70,0,0,0,0,0,0,0,0,2017,74,0,0,0,0,0,0,0,0
143,2017-04-18,09:01:10,742,cs1709,XDCE,2016,2012,2020,9092,183409360,790566,790376,2110,1910,2010,2018,0,2017,0,0,0,2017-04-18,32470742,2016,70,0,0,0,0,0,0,0,0,2017,73,0,0,0,0,0,0,0,0
144,2017-04-18,09:01:11,341,cs1709,XDCE,2017,2012,2020,9094,183449700,790566,790376,2110,1910,2010,2018,0,2017,0,0,0,2017-04-18,32471341,2016,71,0,0,0,0,0,0,0,0,2017,72,0,0,0,0,0,0,0,0
145,2017-04-18,09:01:11,820,cs1709,XDCE,2017,2012,2020,9100,183570720,790568,790376,2110,1910,2010,2018,0,2017,0,0,0,2017-04-18,32471820,2016,76,0,0,0,0,0,0,0,0,2017,69,0,0,0,0,0,0,0,0
146,2017-04-18,09:01:12,372,cs1709,XDCE,2017,2012,2020,9100,183570720,790568,790376,2110,1910,2010,2018,0,2017,0,0,0,2017-04-18,32472372,2016,77,0,0,0,0,0,0,0,0,2017,72,0,0,0,0,0,0,0,0
147,2017-04-18,09:01:12,871,cs1709,XDCE,2017,2012,2020,9100,183570720,790568,790376,2110,1910,2010,2018,0,2017,0,0,0,2017-04-18,32472871,2016,88,0,0,0,0,0,0,0,0,2017,72,0,0,0,0,0,0,0,0
148,2017-04-18,09:01:13,847,cs1709,XDCE,2017,2012,2020,9102,183611060,790570,790376,2110,1910,2010,2018,0,2017,0,0,0,2017-04-18,32473847,2016,89,0,0,0,0,0,0,0,0,2017,72,0,0,0,0,0,0,0,0
149,2017-04-18,09:01:14,366,cs1709,XDCE,2017,2012,2020,9102,183611060,790570,790376,2110,1910,2010,2018,0,2017,0,0,0,2017-04-18,32474366,2016,89,0,0,0,0,0,0,0,0,2017,73,0,0,0,0,0,0,0,0
150,2017-04-18,09:01:14,866,cs1709,XDCE,2016,2012,2020,9104,183651380,790572,790376,2110,1910,2010,2018,0,2017,0,0,0,2017-04-18,32474866,2016,88,0,0,0,0,0,0,0,0,2017,73,0,0,0,0,0,0,0,0
151,2017-04-18,09:01:15,340,cs1709,XDCE,2016,2012,2020,9104,183651380,790572,790376,2110,1910,2010,2018,0,2017,0,0,0,2017-04-18,32475340,2016,89,0,0,0,0,0,0,0,0,2017,73,0,0,0,0,0,0,0,0
152,2017-04-18,09:01:15,839,cs1709,XDCE,2017,2012,2020,9168,184941640,790636,790376,2110,1910,2010,2018,0,2017,0,0,0,2017-04-18,32475839,2016,89,0,0,0,0,0,0,0,0,2017,72,0,0,0,0,0,0,0,0
153,2017-04-18,09:01:16,349,cs1709,XDCE,2016,2012,2020,9178,185143240,790636,790376,2110,1910,2010,2018,0,2017,0,0,0,2017-04-18,32476349,2016,84,0,0,0,0,0,0,0,0,2017,74,0,0,0,0,0,0,0,0
154,2017-04-18,09:01:16,822,cs1709,XDCE,2016,2012,2020,9178,185143240,790636,790376,2110,1910,2010,2018,0,2017,0,0,0,2017-04-18,32476822,2016,84,0,0,0,0,0,0,0,0,2017,76,0,0,0,0,0,0,0,0
155,2017-04-18,09:01:17,341,cs1709,XDCE,2016,2012,2020,9276,187119840,790592,790376,2110,1910,2010,2018,0,2017,0,0,0,2017-04-18,32477341,2016,89,0,0,0,0,0,0,0,0,2017,55,0,0,0,0,0,0,0,0
156,2017-04-18,09:01:17,799,cs1709,XDCE,2017,2012,2020,9278,187160180,790594,790376,2110,1910,2010,2018,0,2017,0,0,0,2017-04-18,32477799,2016,109,0,0,0,0,0,0,0,0,2017,54,0,0,0,0,0,0,0,0
157,2017-04-18,09:01:18,840,cs1709,XDCE,2017,2012,2020,9278,187160180,790594,790376,2110,1910,2010,2018,0,2017,0,0,0,2017-04-18,32478840,2016,109,0,0,0,0,0,0,0,0,2017,79,0,0,0,0,0,0,0,0
158,2017-04-18,09:01:19,332,cs1709,XDCE,2017,2012,2020,9298,187563580,790600,790376,2110,1910,2010,2018,0,2017,0,0,0,2017-04-18,32479332,2016,110,0,0,0,0,0,0,0,0,2017,69,0,0,0,0,0,0,0,0
159,2017-04-18,09:01:19,870,cs1709,XDCE,2017,2012,2020,9298,187563580,790600,790376,2110,1910,2010,2018,0,2017,0,0,0,2017-04-18,32479870,2016,110,0,0,0,0,0,0,0,0,2017,70,0,0,0,0,0,0,0,0
160,2017-04-18,09:01:20,799,cs1709,XDCE,2017,2012,2020,9298,187563580,790600,790376,2110,1910,2010,2018,0,2017,0,0,0,2017-04-18,32480799,2016,110,0,0,0,0,0,0,0,0,2017,80,0,0,0,0,0,0,0,0
161,2017-04-18,09:01:21,840,cs1709,XDCE,2017,2012,2020,9364,188894160,790620,790376,2110,1910,2010,2018,0,2017,0,0,0,2017-04-18,32481840,2016,78,0,0,0,0,0,0,0,0,2017,91,0,0,0,0,0,0,0,0
162,2017-04-18,09:01:22,299,cs1709,XDCE,2016,2012,2020,9366,188934480,790620,790376,2110,1910,2010,2018,0,2017,0,0,0,2017-04-18,32482299,2016,80,0,0,0,0,0,0,0,0,2017,93,0,0,0,0,0,0,0,0
163,2017-04-18,09:01:23,371,cs1709,XDCE,2017,2012,2020,9498,191596920,790594,790376,2110,1910,2010,2018,0,2017,0,0,0,2017-04-18,32483371,2016,82,0,0,0,0,0,0,0,0,2017,39,0,0,0,0,0,0,0,0
164,2017-04-18,09:01:23,865,cs1709,XDCE,2016,2012,2020,9508,191798520,790598,790376,2110,1910,2010,2018,0,2017,0,0,0,2017-04-18,32483865,2016,133,0,0,0,0,0,0,0,0,2017,6,0,0,0,0,0,0,0,0
165,2017-04-18,09:01:24,364,cs1709,XDCE,2017,2012,2020,9520,192040560,790596,790376,2110,1910,2010,2018,0,2017,0,0,0,2017-04-18,32484364,2017,14,0,0,0,0,0,0,0,0,2018,470,0,0,0,0,0,0,0,0
166,2017-04-18,09:01:24,860,cs1709,XDCE,2017,2012,2020,9544,192524620,790594,790376,2110,1910,2010,2018,0,2017,0,0,0,2017-04-18,32484860,2016,157,0,0,0,0,0,0,0,0,2017,5,0,0,0,0,0,0,0,0
167,2017-04-18,09:01:25,348,cs1709,XDCE,2017,2012,2020,9556,192766660,790604,790376,2110,1910,2010,2018,0,2017,0,0,0,2017-04-18,32485348,2016,151,0,0,0,0,0,0,0,0,2017,4,0,0,0,0,0,0,0,0
168,2017-04-18,09:01:25,854,cs1709,XDCE,2017,2012,2020,9582,193291080,790610,790376,2110,1910,2010,2018,0,2017,0,0,0,2017-04-18,32485854,2016,151,0,0,0,0,0,0,0,0,2017,16,0,0,0,0,0,0,0,0
169,2017-04-18,09:01:26,370,cs1709,XDCE,2017,2012,2020,9602,193694480,790612,790376,2110,1910,2010,2018,0,2017,0,0,0,2017-04-18,32486370,2016,156,0,0,0,0,0,0,0,0,2017,8,0,0,0,0,0,0,0,0
170,2017-04-18,09:01:26,702,cs1709,XDCE,2017,2012,2020,9622,194097880,790618,790376,2110,1910,2010,2018,0,2017,0,0,0,2017-04-18,32486702,2017,5,0,0,0,0,0,0,0,0,2018,486,0,0,0,0,0,0,0,0
171,2017-04-18,09:01:27,244,cs1709,XDCE,2017,2012,2020,9638,194420600,790624,790376,2110,1910,2010,2018,0,2017,0,0,0,2017-04-18,32487244,2016,157,0,0,0,0,0,0,0,0,2017,2,0,0,0,0,0,0,0,0
172,2017-04-18,09:01:27,861,cs1709,XDCE,2017,2012,2020,9712,195912580,790680,790376,2110,1910,2010,2018,0,2017,0,0,0,2017-04-18,32487861,2016,137,0,0,0,0,0,0,0,0,2017,65,0,0,0,0,0,0,0,0
173,2017-04-18,09:01:28,347,cs1709,XDCE,2017,2012,2020,9758,196840380,790660,790376,2110,1910,2010,2018,0,2017,0,0,0,2017-04-18,32488347,2016,126,0,0,0,0,0,0,0,0,2017,43,0,0,0,0,0,0,0,0
174,2017-04-18,09:01:28,857,cs1709,XDCE,2017,2012,2020,9786,197405120,790662,790376,2110,1910,2010,2018,0,2017,0,0,0,2017-04-18,32488857,2016,227,0,0,0,0,0,0,0,0,2017,40,0,0,0,0,0,0,0,0
175,2017-04-18,09:01:29,364,cs1709,XDCE,2017,2012,2020,9866,199018720,790640,790376,2110,1910,2010,2018,0,2017,0,0,0,2017-04-18,32489364,2017,15,0,0,0,0,0,0,0,0,2018,486,0,0,0,0,0,0,0,0
176,2017-04-18,09:01:29,851,cs1709,XDCE,2017,2012,2020,9924,200188580,790588,790376,2110,1910,2010,2018,0,2017,0,0,0,2017-04-18,32489851,2016,226,0,0,0,0,0,0,0,0,2018,486,0,0,0,0,0,0,0,0
177,2017-04-18,09:01:30,343,cs1709,XDCE,2017,2012,2020,9924,200188580,790588,790376,2110,1910,2010,2018,0,2017,0,0,0,2017-04-18,32490343,2016,244,0,0,0,0,0,0,0,0,2017,1,0,0,0,0,0,0,0,0
178,2017-04-18,09:01:30,862,cs1709,XDCE,2017,2012,2020,9940,200511300,790588,790376,2110,1910,2010,2018,0,2017,0,0,0,2017-04-18,32490862,2016,246,0,0,0,0,0,0,0,0,2017,44,0,0,0,0,0,0,0,0
179,2017-04-18,09:01:31,367,cs1709,XDCE,2017,2012,2020,9972,201156740,790578,790376,2110,1910,2010,2018,0,2017,0,0,0,2017-04-18,32491367,2016,246,0,0,0,0,0,0,0,0,2017,29,0,0,0,0,0,0,0,0
180,2017-04-18,09:01:31,843,cs1709,XDCE,2017,2012,2020,9992,201560140,790578,790376,2110,1910,2010,2018,0,2017,0,0,0,2017-04-18,32491843,2016,229,0,0,0,0,0,0,0,0,2017,57,0,0,0,0,0,0,0,0
181,2017-04-18,09:01:32,372,cs1709,XDCE,2017,2012,2020,10020,202124900,790578,790376,2110,1910,2010,2018,0,2017,0,0,0,2017-04-18,32492372,2016,227,0,0,0,0,0,0,0,0,2017,43,0,0,0,0,0,0,0,0
182,2017-04-18,09:01:32,866,cs1709,XDCE,2017,2012,2020,10046,202649320,790598,790376,2110,1910,2010,2018,0,2017,0,0,0,2017-04-18,32492866,2016,81,0,0,0,0,0,0,0,0,2017,95,0,0,0,0,0,0,0,0
183,2017-04-18,09:01:33,260,cs1709,XDCE,2017,2012,2020,10052,202770320,790604,790376,2110,1910,2010,2018,0,2017,0,0,0,2017-04-18,32493260,2016,61,0,0,0,0,0,0,0,0,2017,128,0,0,0,0,0,0,0,0
184,2017-04-18,09:01:33,842,cs1709,XDCE,2016,2012,2020,10116,204060560,790652,790376,2110,1910,2010,2018,0,2017,0,0,0,2017-04-18,32493842,2016,29,0,0,0,0,0,0,0,0,2017,129,0,0,0,0,0,0,0,0
185,2017-04-18,09:01:34,216,cs1709,XDCE,2016,2012,2020,10116,204060560,790652,790376,2110,1910,2010,2018,0,2017,0,0,0,2017-04-18,32494216,2016,29,0,0,0,0,0,0,0,0,2017,134,0,0,0,0,0,0,0,0
186,2017-04-18,09:01:34,800,cs1709,XDCE,2017,2012,2020,10156,204867360,790672,790376,2110,1910,2010,2018,0,2017,0,0,0,2017-04-18,32494800,2016,29,0,0,0,0,0,0,0,0,2017,116,0,0,0,0,0,0,0,0
187,2017-04-18,09:01:35,368,cs1709,XDCE,2016,2012,2020,10160,204948000,790674,790376,2110,1910,2010,2018,0,2017,0,0,0,2017-04-18,32495368,2016,27,0,0,0,0,0,0,0,0,2017,130,0,0,0,0,0,0,0,0
188,2017-04-18,09:01:35,846,cs1709,XDCE,2016,2012,2020,10254,206843960,790640,790376,2110,1910,2010,2018,0,2017,0,0,0,2017-04-18,32495846,2016,26,0,0,0,0,0,0,0,0,2017,134,0,0,0,0,0,0,0,0
189,2017-04-18,09:01:36,355,cs1709,XDCE,2016,2012,2020,10266,207085880,790652,790376,2110,1910,2010,2018,0,2017,0,0,0,2017-04-18,32496355,2016,20,0,0,0,0,0,0,0,0,2017,134,0,0,0,0,0,0,0,0
190,2017-04-18,09:01:36,640,cs1709,XDCE,2017,2012,2020,10270,207166540,790654,790376,2110,1910,2010,2018,0,2017,0,0,0,2017-04-18,32496640,2016,19,0,0,0,0,0,0,0,0,2017,134,0,0,0,0,0,0,0,0
191,2017-04-18,09:01:37,366,cs1709,XDCE,2017,2012,2020,10270,207166540,790654,790376,2110,1910,2010,2018,0,2017,0,0,0,2017-04-18,32497366,2016,19,0,0,0,0,0,0,0,0,2017,135,0,0,0,0,0,0,0,0
192,2017-04-18,09:01:37,734,cs1709,XDCE,2017,2012,2020,10270,207166540,790654,790376,2110,1910,2010,2018,0,2017,0,0,0,2017-04-18,32497734,2016,20,0,0,0,0,0,0,0,0,2017,136,0,0,0,0,0,0,0,0
193,2017-04-18,09:01:38,342,cs1709,XDCE,2016,2012,2020,10368,209142220,790698,790376,2110,1910,2010,2018,0,2017,0,0,0,2017-04-18,32498342,2015,342,0,0,0,0,0,0,0,0,2016,35,0,0,0,0,0,0,0,0
194,2017-04-18,09:01:38,854,cs1709,XDCE,2016,2012,2020,10384,209464780,790708,790376,2110,1910,2010,2018,0,2017,0,0,0,2017-04-18,32498854,2015,332,0,0,0,0,0,0,0,0,2016,27,0,0,0,0,0,0,0,0
195,2017-04-18,09:01:39,343,cs1709,XDCE,2016,2012,2020,10396,209706700,790720,790376,2110,1910,2010,2018,0,2017,0,0,0,2017-04-18,32499343,2015,332,0,0,0,0,0,0,0,0,2016,22,0,0,0,0,0,0,0,0
196,2017-04-18,09:01:39,871,cs1709,XDCE,2015,2012,2020,10468,211157620,790792,790376,2110,1910,2010,2018,0,2017,0,0,0,2017-04-18,32499871,2015,304,0,0,0,0,0,0,0,0,2016,16,0,0,0,0,0,0,0,0
197,2017-04-18,09:01:40,369,cs1709,XDCE,2016,2012,2020,10486,211520400,790806,790376,2110,1910,2010,2018,0,2017,0,0,0,2017-04-18,32500369,2015,289,0,0,0,0,0,0,0,0,2016,33,0,0,0,0,0,0,0,0
198,2017-04-18,09:01:40,866,cs1709,XDCE,2016,2012,2020,10502,211842960,790822,790376,2110,1910,2010,2018,0,2017,0,0,0,2017-04-18,32500866,2015,294,0,0,0,0,0,0,0,0,2016,31,0,0,0,0,0,0,0,0
199,2017-04-18,09:01:41,340,cs1709,XDCE,2016,2012,2020,10512,212044560,790832,790376,2110,1910,2010,2018,0,2017,0,0,0,2017-04-18,32501340,2015,294,0,0,0,0,0,0,0,0,2016,36,0,0,0,0,0,0,0,0
200,2017-04-18,09:01:41,849,cs1709,XDCE,2016,2012,2020,10594,213696960,790818,790376,2110,1910,2010,2018,0,2017,0,0,0,2017-04-18,32501849,2015,268,0,0,0,0,0,0,0,0,2016,39,0,0,0,0,0,0,0,0
201,2017-04-18,09:01:42,343,cs1709,XDCE,2016,2012,2020,10602,213858240,790826,790376,2110,1910,2010,2018,0,2017,0,0,0,2017-04-18,32502343,2015,270,0,0,0,0,0,0,0,0,2016,35,0,0,0,0,0,0,0,0
202,2017-04-18,09:01:42,847,cs1709,XDCE,2016,2012,2020,10620,214221120,790836,790376,2110,1910,2010,2018,0,2017,0,0,0,2017-04-18,32502847,2015,260,0,0,0,0,0,0,0,0,2016,48,0,0,0,0,0,0,0,0
203,2017-04-18,09:01:43,311,cs1709,XDCE,2016,2012,2020,10630,214422720,790838,790376,2110,1910,2010,2018,0,2017,0,0,0,2017-04-18,32503311,2015,261,0,0,0,0,0,0,0,0,2016,48,0,0,0,0,0,0,0,0
204,2017-04-18,09:01:43,841,cs1709,XDCE,2016,2012,2020,10648,214785580,790836,790376,2110,1910,2010,2018,0,2017,0,0,0,2017-04-18,32503841,2015,260,0,0,0,0,0,0,0,0,2016,40,0,0,0,0,0,0,0,0
205,2017-04-18,09:01:44,340,cs1709,XDCE,2016,2012,2020,10672,215269420,790816,790376,2110,1910,2010,2018,0,2017,0,0,0,2017-04-18,32504340,2015,267,0,0,0,0,0,0,0,0,2016,22,0,0,0,0,0,0,0,0
206,2017-04-18,09:01:44,865,cs1709,XDCE,2016,2012,2020,10680,215430700,790824,790376,2110,1910,2010,2018,0,2017,0,0,0,2017-04-18,32504865,2015,267,0,0,0,0,0,0,0,0,2016,19,0,0,0,0,0,0,0,0
207,2017-04-18,09:01:45,319,cs1709,XDCE,2016,2012,2020,10680,215430700,790824,790376,2110,1910,2010,2018,0,2017,0,0,0,2017-04-18,32505319,2015,267,0,0,0,0,0,0,0,0,2016,14,0,0,0,0,0,0,0,0
208,2017-04-18,09:01:45,851,cs1709,XDCE,2016,2012,2020,10692,215672540,790832,790376,2110,1910,2010,2018,0,2017,0,0,0,2017-04-18,32505851,2015,264,0,0,0,0,0,0,0,0,2016,7,0,0,0,0,0,0,0,0
209,2017-04-18,09:01:46,281,cs1709,XDCE,2016,2012,2020,10692,215672540,790832,790376,2110,1910,2010,2018,0,2017,0,0,0,2017-04-18,32506281,2015,264,0,0,0,0,0,0,0,0,2016,10,0,0,0,0,0,0,0,0
210,2017-04-18,09:01:47,252,cs1709,XDCE,2016,2012,2020,10692,215672540,790832,790376,2110,1910,2010,2018,0,2017,0,0,0,2017-04-18,32507252,2015,265,0,0,0,0,0,0,0,0,2016,21,0,0,0,0,0,0,0,0
211,2017-04-18,09:01:48,365,cs1709,XDCE,2016,2012,2020,10698,215793500,790836,790376,2110,1910,2010,2018,0,2017,0,0,0,2017-04-18,32508365,2015,265,0,0,0,0,0,0,0,0,2016,20,0,0,0,0,0,0,0,0
212,2017-04-18,09:01:48,849,cs1709,XDCE,2016,2012,2020,10698,215793500,790836,790376,2110,1910,2010,2018,0,2017,0,0,0,2017-04-18,32508849,2015,265,0,0,0,0,0,0,0,0,2016,26,0,0,0,0,0,0,0,0
213,2017-04-18,09:01:49,362,cs1709,XDCE,2016,2012,2020,10760,217043420,790866,790376,2110,1910,2010,2018,0,2017,0,0,0,2017-04-18,32509362,2016,2,0,0,0,0,0,0,0,0,2017,171,0,0,0,0,0,0,0,0
214,2017-04-18,09:01:49,861,cs1709,XDCE,2016,2012,2020,10772,217285340,790870,790376,2110,1910,2010,2018,0,2017,0,0,0,2017-04-18,32509861,2015,265,0,0,0,0,0,0,0,0,2016,2,0,0,0,0,0,0,0,0
215,2017-04-18,09:01:50,354,cs1709,XDCE,2015,2012,2020,10780,217446600,790876,790376,2110,1910,2010,2018,0,2017,0,0,0,2017-04-18,32510354,2015,255,0,0,0,0,0,0,0,0,2017,181,0,0,0,0,0,0,0,0
216,2017-04-18,09:01:50,745,cs1709,XDCE,2015,2012,2020,10780,217446600,790876,790376,2110,1910,2010,2018,0,2017,0,0,0,2017-04-18,32510745,2015,255,0,0,0,0,0,0,0,0,2017,181,0,0,0,0,0,0,0,0
217,2017-04-18,09:01:51,346,cs1709,XDCE,2015,2012,2020,10780,217446600,790876,790376,2110,1910,2010,2018,0,2017,0,0,0,2017-04-18,32511346,2015,265,0,0,0,0,0,0,0,0,2016,3,0,0,0,0,0,0,0,0
218,2017-04-18,09:01:51,781,cs1709,XDCE,2015,2012,2020,10780,217446600,790876,790376,2110,1910,2010,2018,0,2017,0,0,0,2017-04-18,32511781,2015,265,0,0,0,0,0,0,0,0,2016,4,0,0,0,0,0,0,0,0
219,2017-04-18,09:01:53,360,cs1709,XDCE,2015,2012,2020,10780,217446600,790876,790376,2110,1910,2010,2018,0,2017,0,0,0,2017-04-18,32513360,2015,265,0,0,0,0,0,0,0,0,2016,55,0,0,0,0,0,0,0,0
220,2017-04-18,09:01:53,841,cs1709,XDCE,2016,2012,2020,10782,217486920,790878,790376,2110,1910,2010,2018,0,2017,0,0,0,2017-04-18,32513841,2015,264,0,0,0,0,0,0,0,0,2016,55,0,0,0,0,0,0,0,0
221,2017-04-18,09:01:54,253,cs1709,XDCE,2015,2012,2020,10784,217527220,790880,790376,2110,1910,2010,2018,0,2017,0,0,0,2017-04-18,32514253,2015,263,0,0,0,0,0,0,0,0,2016,55,0,0,0,0,0,0,0,0
222,2017-04-18,09:01:54,780,cs1709,XDCE,2015,2012,2020,10784,217527220,790880,790376,2110,1910,2010,2018,0,2017,0,0,0,2017-04-18,32514780,2015,263,0,0,0,0,0,0,0,0,2016,56,0,0,0,0,0,0,0,0
223,2017-04-18,09:01:55,859,cs1709,XDCE,2015,2012,2020,10784,217527220,790880,790376,2110,1910,2010,2018,0,2017,0,0,0,2017-04-18,32515859,2015,263,0,0,0,0,0,0,0,0,2016,67,0,0,0,0,0,0,0,0
224,2017-04-18,09:01:56,347,cs1709,XDCE,2015,2012,2020,10786,217567520,790882,790376,2110,1910,2010,2018,0,2017,0,0,0,2017-04-18,32516347,2015,252,0,0,0,0,0,0,0,0,2016,92,0,0,0,0,0,0,0,0
225,2017-04-18,09:01:56,851,cs1709,XDCE,2016,2012,2020,10790,217648160,790884,790376,2110,1910,2010,2018,0,2017,0,0,0,2017-04-18,32516851,2015,252,0,0,0,0,0,0,0,0,2016,90,0,0,0,0,0,0,0,0
226,2017-04-18,09:01:57,847,cs1709,XDCE,2015,2012,2020,10796,217769060,790886,790376,2110,1910,2010,2018,0,2017,0,0,0,2017-04-18,32517847,2015,249,0,0,0,0,0,0,0,0,2016,93,0,0,0,0,0,0,0,0
227,2017-04-18,09:01:58,797,cs1709,XDCE,2015,2012,2020,10796,217769060,790886,790376,2110,1910,2010,2018,0,2017,0,0,0,2017-04-18,32518797,2015,250,0,0,0,0,0,0,0,0,2016,95,0,0,0,0,0,0,0,0
228,2017-04-18,09:02:00,357,cs1709,XDCE,2015,2012,2020,10798,217809360,790888,790376,2110,1910,2010,2018,0,2017,0,0,0,2017-04-18,32520357,2015,249,0,0,0,0,0,0,0,0,2016,98,0,0,0,0,0,0,0,0
229,2017-04-18,09:02:00,807,cs1709,XDCE,2015,2012,2020,10798,217809360,790888,790376,2110,1910,2010,2018,0,2017,0,0,0,2017-04-18,32520807,2015,299,0,0,0,0,0,0,0,0,2016,136,0,0,0,0,0,0,0,0
230,2017-04-18,09:02:01,349,cs1709,XDCE,2015,2012,2020,10806,217970620,790892,790376,2110,1910,2010,2018,0,2017,0,0,0,2017-04-18,32521349,2015,151,0,0,0,0,0,0,0,0,2016,199,0,0,0,0,0,0,0,0
231,2017-04-18,09:02:01,858,cs1709,XDCE,2015,2012,2020,11200,225909720,791152,790376,2110,1910,2010,2018,0,2017,0,0,0,2017-04-18,32521858,2014,209,0,0,0,0,0,0,0,0,2015,107,0,0,0,0,0,0,0,0
232,2017-04-18,09:02:02,363,cs1709,XDCE,2015,2012,2020,11254,226997800,791202,790376,2110,1910,2010,2018,0,2017,0,0,0,2017-04-18,32522363,2014,171,0,0,0,0,0,0,0,0,2015,87,0,0,0,0,0,0,0,0
233,2017-04-18,09:02:02,850,cs1709,XDCE,2015,2012,2020,11312,228166400,791212,790376,2110,1910,2010,2018,0,2017,0,0,0,2017-04-18,32522850,2014,165,0,0,0,0,0,0,0,0,2015,97,0,0,0,0,0,0,0,0
234,2017-04-18,09:02:03,181,cs1709,XDCE,2015,2012,2020,11314,228206700,791214,790376,2110,1910,2010,2018,0,2017,0,0,0,2017-04-18,32523181,2014,164,0,0,0,0,0,0,0,0,2015,83,0,0,0,0,0,0,0,0
235,2017-04-18,09:02:03,864,cs1709,XDCE,2015,2012,2020,11314,228206700,791214,790376,2110,1910,2010,2018,0,2017,0,0,0,2017-04-18,32523864,2014,174,0,0,0,0,0,0,0,0,2015,63,0,0,0,0,0,0,0,0
236,2017-04-18,09:02:04,370,cs1709,XDCE,2015,2012,2020,11314,228206700,791214,790376,2110,1910,2010,2018,0,2017,0,0,0,2017-04-18,32524370,2014,174,0,0,0,0,0,0,0,0,2015,89,0,0,0,0,0,0,0,0
237,2017-04-18,09:02:04,801,cs1709,XDCE,2015,2012,2020,11314,228206700,791214,790376,2110,1910,2010,2018,0,2017,0,0,0,2017-04-18,32524801,2014,175,0,0,0,0,0,0,0,0,2015,90,0,0,0,0,0,0,0,0
238,2017-04-18,09:02:05,339,cs1709,XDCE,2014,2012,2020,11318,228287260,791216,790376,2110,1910,2010,2018,0,2017,0,0,0,2017-04-18,32525339,2014,173,0,0,0,0,0,0,0,0,2015,82,0,0,0,0,0,0,0,0
239,2017-04-18,09:02:05,871,cs1709,XDCE,2014,2012,2020,11350,228931740,791204,790376,2110,1910,2010,2018,0,2017,0,0,0,2017-04-18,32525871,2014,160,0,0,0,0,0,0,0,0,2015,92,0,0,0,0,0,0,0,0
240,2017-04-18,09:02:06,342,cs1709,XDCE,2014,2012,2020,11374,229415100,791184,790376,2110,1910,2010,2018,0,2017,0,0,0,2017-04-18,32526342,2014,151,0,0,0,0,0,0,0,0,2015,105,0,0,0,0,0,0,0,0
241,2017-04-18,09:02:06,831,cs1709,XDCE,2015,2012,2020,11384,229616580,791184,790376,2110,1910,2010,2018,0,2017,0,0,0,2017-04-18,32526831,2014,151,0,0,0,0,0,0,0,0,2015,101,0,0,0,0,0,0,0,0
242,2017-04-18,09:02:07,369,cs1709,XDCE,2014,2012,2020,11386,229656860,791184,790376,2110,1910,2010,2018,0,2017,0,0,0,2017-04-18,32527369,2014,150,0,0,0,0,0,0,0,0,2015,101,0,0,0,0,0,0,0,0
243,2017-04-18,09:02:07,870,cs1709,XDCE,2014,2012,2020,11416,230261060,791192,790376,2110,1910,2010,2018,0,2017,0,0,0,2017-04-18,32527870,2013,91,0,0,0,0,0,0,0,0,2015,99,0,0,0,0,0,0,0,0
244,2017-04-18,09:02:08,347,cs1709,XDCE,2014,2012,2020,11438,230704140,791194,790376,2110,1910,2010,2018,0,2017,0,0,0,2017-04-18,32528347,2013,125,0,0,0,0,0,0,0,0,2015,109,0,0,0,0,0,0,0,0
245,2017-04-18,09:02:08,848,cs1709,XDCE,2014,2012,2020,11438,230704140,791194,790376,2110,1910,2010,2018,0,2017,0,0,0,2017-04-18,32528848,2013,141,0,0,0,0,0,0,0,0,2015,117,0,0,0,0,0,0,0,0
246,2017-04-18,09:02:09,371,cs1709,XDCE,2015,2012,2020,11442,230784720,791190,790376,2110,1910,2010,2018,0,2017,0,0,0,2017-04-18,32529371,2014,149,0,0,0,0,0,0,0,0,2015,114,0,0,0,0,0,0,0,0
247,2017-04-18,09:02:09,820,cs1709,XDCE,2015,2012,2020,11442,230784720,791190,790376,2110,1910,2010,2018,0,2017,0,0,0,2017-04-18,32529820,2014,150,0,0,0,0,0,0,0,0,2015,114,0,0,0,0,0,0,0,0
248,2017-04-18,09:02:10,341,cs1709,XDCE,2014,2012,2020,11446,230865280,791190,790376,2110,1910,2010,2018,0,2017,0,0,0,2017-04-18,32530341,2014,148,0,0,0,0,0,0,0,0,2015,114,0,0,0,0,0,0,0,0
249,2017-04-18,09:02:10,758,cs1709,XDCE,2015,2012,2020,11468,231308380,791170,790376,2110,1910,2010,2018,0,2017,0,0,0,2017-04-18,32530758,2014,138,0,0,0,0,0,0,0,0,2015,123,0,0,0,0,0,0,0,0
250,2017-04-18,09:02:11,341,cs1709,XDCE,2014,2012,2020,11498,231912820,791170,790376,2110,1910,2010,2018,0,2017,0,0,0,2017-04-18,32531341,2014,129,0,0,0,0,0,0,0,0,2015,112,0,0,0,0,0,0,0,0
251,2017-04-18,09:02:11,864,cs1709,XDCE,2014,2012,2020,11526,232476740,791158,790376,2110,1910,2010,2018,0,2017,0,0,0,2017-04-18,32531864,2013,143,0,0,0,0,0,0,0,0,2015,123,0,0,0,0,0,0,0,0
252,2017-04-18,09:02:12,361,cs1709,XDCE,2014,2012,2020,11526,232476740,791158,790376,2110,1910,2010,2018,0,2017,0,0,0,2017-04-18,32532361,2013,147,0,0,0,0,0,0,0,0,2015,132,0,0,0,0,0,0,0,0
253,2017-04-18,09:02:12,859,cs1709,XDCE,2014,2012,2020,11528,232517020,791156,790376,2110,1910,2010,2018,0,2017,0,0,0,2017-04-18,32532859,2014,227,0,0,0,0,0,0,0,0,2015,118,0,0,0,0,0,0,0,0
254,2017-04-18,09:02:13,279,cs1709,XDCE,2014,2012,2020,11548,232919820,791156,790376,2110,1910,2010,2018,0,2017,0,0,0,2017-04-18,32533279,2014,219,0,0,0,0,0,0,0,0,2015,118,0,0,0,0,0,0,0,0
255,2017-04-18,09:02:13,854,cs1709,XDCE,2014,2012,2020,11652,235014380,791056,790376,2110,1910,2010,2018,0,2017,0,0,0,2017-04-18,32533854,2014,201,0,0,0,0,0,0,0,0,2015,128,0,0,0,0,0,0,0,0
256,2017-04-18,09:02:14,348,cs1709,XDCE,2014,2012,2020,11652,235014380,791056,790376,2110,1910,2010,2018,0,2017,0,0,0,2017-04-18,32534348,2014,212,0,0,0,0,0,0,0,0,2015,131,0,0,0,0,0,0,0,0
257,2017-04-18,09:02:14,868,cs1709,XDCE,2014,2012,2020,11656,235094940,791052,790376,2110,1910,2010,2018,0,2017,0,0,0,2017-04-18,32534868,2014,210,0,0,0,0,0,0,0,0,2015,122,0,0,0,0,0,0,0,0
258,2017-04-18,09:02:15,338,cs1709,XDCE,2014,2012,2020,11708,236142700,791050,790376,2110,1910,2010,2018,0,2017,0,0,0,2017-04-18,32535338,2014,208,0,0,0,0,0,0,0,0,2015,99,0,0,0,0,0,0,0,0
259,2017-04-18,09:02:15,839,cs1709,XDCE,2014,2012,2020,11720,236384380,791050,790376,2110,1910,2010,2018,0,2017,0,0,0,2017-04-18,32535839,2014,202,0,0,0,0,0,0,0,0,2015,99,0,0,0,0,0,0,0,0
260,2017-04-18,09:02:16,361,cs1709,XDCE,2014,2012,2020,11730,236585780,791050,790376,2110,1910,2010,2018,0,2017,0,0,0,2017-04-18,32536361,2014,197,0,0,0,0,0,0,0,0,2015,103,0,0,0,0,0,0,0,0
261,2017-04-18,09:02:16,825,cs1709,XDCE,2014,2012,2020,11732,236626060,791050,790376,2110,1910,2010,2018,0,2017,0,0,0,2017-04-18,32536825,2014,196,0,0,0,0,0,0,0,0,2015,104,0,0,0,0,0,0,0,0
262,2017-04-18,09:02:17,350,cs1709,XDCE,2015,2012,2020,11734,236666360,791050,790376,2110,1910,2010,2018,0,2017,0,0,0,2017-04-18,32537350,2014,176,0,0,0,0,0,0,0,0,2015,103,0,0,0,0,0,0,0,0
263,2017-04-18,09:02:17,863,cs1709,XDCE,2014,2012,2020,11738,236746920,791050,790376,2110,1910,2010,2018,0,2017,0,0,0,2017-04-18,32537863,2014,175,0,0,0,0,0,0,0,0,2015,103,0,0,0,0,0,0,0,0
264,2017-04-18,09:02:18,355,cs1709,XDCE,2014,2012,2020,11836,238720640,791062,790376,2110,1910,2010,2018,0,2017,0,0,0,2017-04-18,32538355,2014,126,0,0,0,0,0,0,0,0,2015,121,0,0,0,0,0,0,0,0
265,2017-04-18,09:02:18,848,cs1709,XDCE,2014,2012,2020,11838,238760920,791064,790376,2110,1910,2010,2018,0,2017,0,0,0,2017-04-18,32538848,2014,22,0,0,0,0,0,0,0,0,2015,193,0,0,0,0,0,0,0,0
266,2017-04-18,09:02:19,366,cs1709,XDCE,2014,2012,2020,11892,239848480,791110,790376,2110,1910,2010,2018,0,2017,0,0,0,2017-04-18,32539366,2013,260,0,0,0,0,0,0,0,0,2014,26,0,0,0,0,0,0,0,0
267,2017-04-18,09:02:19,841,cs1709,XDCE,2014,2012,2020,11938,240774920,791110,790376,2110,1910,2010,2018,0,2017,0,0,0,2017-04-18,32539841,2013,260,0,0,0,0,0,0,0,0,2014,39,0,0,0,0,0,0,0,0
268,2017-04-18,09:02:20,355,cs1709,XDCE,2013,2012,2020,11960,241217880,791126,790376,2110,1910,2010,2018,0,2017,0,0,0,2017-04-18,32540355,2013,127,0,0,0,0,0,0,0,0,2014,112,0,0,0,0,0,0,0,0
269,2017-04-18,09:02:20,854,cs1709,XDCE,2013,2012,2020,12074,243512720,791106,790376,2110,1910,2010,2018,0,2017,0,0,0,2017-04-18,32540854,2013,71,0,0,0,0,0,0,0,0,2014,127,0,0,0,0,0,0,0,0
270,2017-04-18,09:02:21,352,cs1709,XDCE,2013,2012,2020,12216,246371180,791106,790376,2110,1910,2010,2018,0,2017,0,0,0,2017-04-18,32541352,2013,1,0,0,0,0,0,0,0,0,2014,138,0,0,0,0,0,0,0,0
271,2017-04-18,09:02:21,861,cs1709,XDCE,2013,2012,2020,12284,247740020,791106,790376,2110,1910,2010,2018,0,2017,0,0,0,2017-04-18,32541861,2012,315,0,0,0,0,0,0,0,0,2013,23,0,0,0,0,0,0,0,0
272,2017-04-18,09:02:22,341,cs1709,XDCE,2013,2012,2020,12330,248666000,791106,790376,2110,1910,2010,2018,0,2017,0,0,0,2017-04-18,32542341,2013,6,0,0,0,0,0,0,0,0,2014,149,0,0,0,0,0,0,0,0
273,2017-04-18,09:02:22,840,cs1709,XDCE,2013,2012,2020,12346,248988080,791116,790376,2110,1910,2010,2018,0,2017,0,0,0,2017-04-18,32542840,2013,49,0,0,0,0,0,0,0,0,2014,154,0,0,0,0,0,0,0,0
274,2017-04-18,09:02:23,349,cs1709,XDCE,2014,2012,2020,12354,249149140,791114,790376,2110,1910,2010,2018,0,2017,0,0,0,2017-04-18,32543349,2013,170,0,0,0,0,0,0,0,0,2014,38,0,0,0,0,0,0,0,0
275,2017-04-18,09:02:23,868,cs1709,XDCE,2014,2012,2020,12430,250679760,791088,790376,2110,1910,2010,2018,0,2017,0,0,0,2017-04-18,32543868,2014,80,0,0,0,0,0,0,0,0,2015,220,0,0,0,0,0,0,0,0
276,2017-04-18,09:02:24,341,cs1709,XDCE,2014,2012,2020,12430,250679760,791088,790376,2110,1910,2010,2018,0,2017,0,0,0,2017-04-18,32544341,2014,97,0,0,0,0,0,0,0,0,2015,199,0,0,0,0,0,0,0,0
277,2017-04-18,09:02:24,840,cs1709,XDCE,2014,2012,2020,12430,250679760,791088,790376,2110,1910,2010,2018,0,2017,0,0,0,2017-04-18,32544840,2014,98,0,0,0,0,0,0,0,0,2015,200,0,0,0,0,0,0,0,0
278,2017-04-18,09:02:25,354,cs1709,XDCE,2014,2012,2020,12430,250679760,791088,790376,2110,1910,2010,2018,0,2017,0,0,0,2017-04-18,32545354,2014,105,0,0,0,0,0,0,0,0,2015,203,0,0,0,0,0,0,0,0
279,2017-04-18,09:02:25,858,cs1709,XDCE,2014,2012,2020,12436,250800600,791090,790376,2110,1910,2010,2018,0,2017,0,0,0,2017-04-18,32545858,2014,102,0,0,0,0,0,0,0,0,2015,202,0,0,0,0,0,0,0,0
280,2017-04-18,09:02:26,343,cs1709,XDCE,2014,2012,2020,12450,251082560,791090,790376,2110,1910,2010,2018,0,2017,0,0,0,2017-04-18,32546343,2014,213,0,0,0,0,0,0,0,0,2015,118,0,0,0,0,0,0,0,0
281,2017-04-18,09:02:26,865,cs1709,XDCE,2014,2012,2020,12452,251122840,791090,790376,2110,1910,2010,2018,0,2017,0,0,0,2017-04-18,32546865,2014,222,0,0,0,0,0,0,0,0,2015,120,0,0,0,0,0,0,0,0
282,2017-04-18,09:02:27,346,cs1709,XDCE,2015,2012,2020,12458,251243700,791096,790376,2110,1910,2010,2018,0,2017,0,0,0,2017-04-18,32547346,2014,220,0,0,0,0,0,0,0,0,2015,119,0,0,0,0,0,0,0,0
283,2017-04-18,09:02:27,850,cs1709,XDCE,2015,2012,2020,12458,251243700,791096,790376,2110,1910,2010,2018,0,2017,0,0,0,2017-04-18,32547850,2014,241,0,0,0,0,0,0,0,0,2015,120,0,0,0,0,0,0,0,0
284,2017-04-18,09:02:28,367,cs1709,XDCE,2015,2012,2020,12458,251243700,791096,790376,2110,1910,2010,2018,0,2017,0,0,0,2017-04-18,32548367,2014,122,0,0,0,0,0,0,0,0,2015,200,0,0,0,0,0,0,0,0
285,2017-04-18,09:02:28,862,cs1709,XDCE,2014,2012,2020,12628,254667500,791148,790376,2110,1910,2010,2018,0,2017,0,0,0,2017-04-18,32548862,2013,192,0,0,0,0,0,0,0,0,2014,79,0,0,0,0,0,0,0,0
286,2017-04-18,09:02:29,360,cs1709,XDCE,2014,2012,2020,12646,255030020,791148,790376,2110,1910,2010,2018,0,2017,0,0,0,2017-04-18,32549360,2013,185,0,0,0,0,0,0,0,0,2014,80,0,0,0,0,0,0,0,0
287,2017-04-18,09:02:29,849,cs1709,XDCE,2014,2012,2020,12646,255030020,791148,790376,2110,1910,2010,2018,0,2017,0,0,0,2017-04-18,32549849,2013,185,0,0,0,0,0,0,0,0,2014,84,0,0,0,0,0,0,0,0
288,2017-04-18,09:02:30,341,cs1709,XDCE,2014,2012,2020,12646,255030020,791148,790376,2110,1910,2010,2018,0,2017,0,0,0,2017-04-18,32550341,2013,185,0,0,0,0,0,0,0,0,2014,77,0,0,0,0,0,0,0,0
289,2017-04-18,09:02:30,864,cs1709,XDCE,2014,2012,2020,12646,255030020,791148,790376,2110,1910,2010,2018,0,2017,0,0,0,2017-04-18,32550864,2013,185,0,0,0,0,0,0,0,0,2014,76,0,0,0,0,0,0,0,0
290,2017-04-18,09:02:31,356,cs1709,XDCE,2013,2012,2020,12648,255070280,791146,790376,2110,1910,2010,2018,0,2017,0,0,0,2017-04-18,32551356,2013,184,0,0,0,0,0,0,0,0,2014,80,0,0,0,0,0,0,0,0
291,2017-04-18,09:02:31,865,cs1709,XDCE,2013,2012,2020,12660,255311940,791146,790376,2110,1910,2010,2018,0,2017,0,0,0,2017-04-18,32551865,2013,183,0,0,0,0,0,0,0,0,2014,76,0,0,0,0,0,0,0,0
292,2017-04-18,09:02:32,356,cs1709,XDCE,2013,2012,2020,12660,255311940,791146,790376,2110,1910,2010,2018,0,2017,0,0,0,2017-04-18,32552356,2013,183,0,0,0,0,0,0,0,0,2014,81,0,0,0,0,0,0,0,0
293,2017-04-18,09:02:32,868,cs1709,XDCE,2014,2012,2020,12662,255352220,791148,790376,2110,1910,2010,2018,0,2017,0,0,0,2017-04-18,32552868,2013,183,0,0,0,0,0,0,0,0,2014,83,0,0,0,0,0,0,0,0
294,2017-04-18,09:02:33,339,cs1709,XDCE,2014,2012,2020,12834,258816260,791130,790376,2110,1910,2010,2018,0,2017,0,0,0,2017-04-18,32553339,2014,17,0,0,0,0,0,0,0,0,2015,243,0,0,0,0,0,0,0,0
295,2017-04-18,09:02:33,602,cs1709,XDCE,2014,2012,2020,12836,258856540,791130,790376,2110,1910,2010,2018,0,2017,0,0,0,2017-04-18,32553602,2014,16,0,0,0,0,0,0,0,0,2015,243,0,0,0,0,0,0,0,0
296,2017-04-18,09:02:34,213,cs1709,XDCE,2014,2012,2020,12836,258856540,791130,790376,2110,1910,2010,2018,0,2017,0,0,0,2017-04-18,32554213,2014,16,0,0,0,0,0,0,0,0,2015,263,0,0,0,0,0,0,0,0
297,2017-04-18,09:02:34,842,cs1709,XDCE,2014,2012,2020,12846,259057940,791130,790376,2110,1910,2010,2018,0,2017,0,0,0,2017-04-18,32554842,2014,11,0,0,0,0,0,0,0,0,2015,264,0,0,0,0,0,0,0,0
298,2017-04-18,09:02:35,341,cs1709,XDCE,2014,2012,2020,12868,259501020,791128,790376,2110,1910,2010,2018,0,2017,0,0,0,2017-04-18,32555341,2013,193,0,0,0,0,0,0,0,0,2014,7,0,0,0,0,0,0,0,0
299,2017-04-18,09:02:35,841,cs1709,XDCE,2013,2012,2020,12870,259541280,791128,790376,2110,1910,2010,2018,0,2017,0,0,0,2017-04-18,32555841,2013,191,0,0,0,0,0,0,0,0,2014,21,0,0,0,0,0,0,0,0
300,2017-04-18,09:02:36,332,cs1709,XDCE,2013,2012,2020,12870,259541280,791128,790376,2110,1910,2010,2018,0,2017,0,0,0,2017-04-18,32556332,2013,191,0,0,0,0,0,0,0,0,2014,23,0,0,0,0,0,0,0,0
301,2017-04-18,09:02:36,715,cs1709,XDCE,2014,2012,2020,12932,260790100,791100,790376,2110,1910,2010,2018,0,2017,0,0,0,2017-04-18,32556715,2013,191,0,0,0,0,0,0,0,0,2014,22,0,0,0,0,0,0,0,0
302,2017-04-18,09:02:37,347,cs1709,XDCE,2014,2012,2020,12932,260790100,791100,790376,2110,1910,2010,2018,0,2017,0,0,0,2017-04-18,32557347,2013,192,0,0,0,0,0,0,0,0,2014,5,0,0,0,0,0,0,0,0
303,2017-04-18,09:02:37,843,cs1709,XDCE,2013,2012,2020,13178,265742080,791178,790376,2110,1910,2010,2018,0,2017,0,0,0,2017-04-18,32557843,2013,90,0,0,0,0,0,0,0,0,2014,130,0,0,0,0,0,0,0,0
304,2017-04-18,09:02:38,338,cs1709,XDCE,2013,2012,2020,13178,265742080,791178,790376,2110,1910,2010,2018,0,2017,0,0,0,2017-04-18,32558338,2013,90,0,0,0,0,0,0,0,0,2014,155,0,0,0,0,0,0,0,0
305,2017-04-18,09:02:38,796,cs1709,XDCE,2014,2012,2020,13180,265782360,791176,790376,2110,1910,2010,2018,0,2017,0,0,0,2017-04-18,32558796,2013,90,0,0,0,0,0,0,0,0,2014,159,0,0,0,0,0,0,0,0
306,2017-04-18,09:02:39,355,cs1709,XDCE,2013,2012,2020,13184,265862880,791174,790376,2110,1910,2010,2018,0,2017,0,0,0,2017-04-18,32559355,2013,88,0,0,0,0,0,0,0,0,2014,160,0,0,0,0,0,0,0,0
307,2017-04-18,09:02:39,795,cs1709,XDCE,2013,2012,2020,13188,265943400,791178,790376,2110,1910,2010,2018,0,2017,0,0,0,2017-04-18,32559795,2013,87,0,0,0,0,0,0,0,0,2014,161,0,0,0,0,0,0,0,0
308,2017-04-18,09:02:40,363,cs1709,XDCE,2013,2012,2020,13190,265983660,791180,790376,2110,1910,2010,2018,0,2017,0,0,0,2017-04-18,32560363,2013,87,0,0,0,0,0,0,0,0,2014,177,0,0,0,0,0,0,0,0
309,2017-04-18,09:02:40,867,cs1709,XDCE,2013,2012,2020,13212,266426720,791184,790376,2110,1910,2010,2018,0,2017,0,0,0,2017-04-18,32560867,2013,87,0,0,0,0,0,0,0,0,2014,168,0,0,0,0,0,0,0,0
310,2017-04-18,09:02:41,365,cs1709,XDCE,2014,2012,2020,13216,266507260,791182,790376,2110,1910,2010,2018,0,2017,0,0,0,2017-04-18,32561365,2013,86,0,0,0,0,0,0,0,0,2014,165,0,0,0,0,0,0,0,0
311,2017-04-18,09:02:41,862,cs1709,XDCE,2013,2012,2020,13218,266547520,791184,790376,2110,1910,2010,2018,0,2017,0,0,0,2017-04-18,32561862,2013,85,0,0,0,0,0,0,0,0,2014,177,0,0,0,0,0,0,0,0
312,2017-04-18,09:02:42,326,cs1709,XDCE,2013,2012,2020,13236,266909860,791190,790376,2110,1910,2010,2018,0,2017,0,0,0,2017-04-18,32562326,2013,76,0,0,0,0,0,0,0,0,2014,177,0,0,0,0,0,0,0,0
313,2017-04-18,09:02:42,833,cs1709,XDCE,2014,2012,2020,13242,267030680,791190,790376,2110,1910,2010,2018,0,2017,0,0,0,2017-04-18,32562833,2013,76,0,0,0,0,0,0,0,0,2014,175,0,0,0,0,0,0,0,0
314,2017-04-18,09:02:43,308,cs1709,XDCE,2013,2012,2020,13244,267070940,791188,790376,2110,1910,2010,2018,0,2017,0,0,0,2017-04-18,32563308,2013,75,0,0,0,0,0,0,0,0,2014,180,0,0,0,0,0,0,0,0
315,2017-04-18,09:02:43,802,cs1709,XDCE,2013,2012,2020,13244,267070940,791188,790376,2110,1910,2010,2018,0,2017,0,0,0,2017-04-18,32563802,2013,75,0,0,0,0,0,0,0,0,2014,179,0,0,0,0,0,0,0,0
316,2017-04-18,09:02:44,364,cs1709,XDCE,2013,2012,2020,13268,267554060,791204,790376,2110,1910,2010,2018,0,2017,0,0,0,2017-04-18,32564364,2012,188,0,0,0,0,0,0,0,0,2014,181,0,0,0,0,0,0,0,0
317,2017-04-18,09:02:44,869,cs1709,XDCE,2014,2012,2020,13638,275005820,791106,790376,2110,1910,2010,2018,0,2017,0,0,0,2017-04-18,32564869,2014,318,0,0,0,0,0,0,0,0,2015,267,0,0,0,0,0,0,0,0
318,2017-04-18,09:02:45,344,cs1709,XDCE,2014,2012,2020,13644,275126660,791100,790376,2110,1910,2010,2018,0,2017,0,0,0,2017-04-18,32565344,2014,325,0,0,0,0,0,0,0,0,2015,260,0,0,0,0,0,0,0,0
319,2017-04-18,09:02:45,866,cs1709,XDCE,2014,2012,2020,13832,278912980,791098,790376,2110,1910,2010,2018,0,2017,0,0,0,2017-04-18,32565866,2014,231,0,0,0,0,0,0,0,0,2015,259,0,0,0,0,0,0,0,0
320,2017-04-18,09:02:46,365,cs1709,XDCE,2014,2012,2020,13838,279033820,791092,790376,2110,1910,2010,2018,0,2017,0,0,0,2017-04-18,32566365,2014,228,0,0,0,0,0,0,0,0,2015,259,0,0,0,0,0,0,0,0
321,2017-04-18,09:02:46,842,cs1709,XDCE,2014,2012,2020,13838,279033820,791092,790376,2110,1910,2010,2018,0,2017,0,0,0,2017-04-18,32566842,2014,229,0,0,0,0,0,0,0,0,2015,259,0,0,0,0,0,0,0,0
322,2017-04-18,09:02:47,345,cs1709,XDCE,2014,2012,2020,13844,279154660,791090,790376,2110,1910,2010,2018,0,2017,0,0,0,2017-04-18,32567345,2014,226,0,0,0,0,0,0,0,0,2015,260,0,0,0,0,0,0,0,0
323,2017-04-18,09:02:47,862,cs1709,XDCE,2014,2012,2020,14090,284109100,791070,790376,2110,1910,2010,2018,0,2017,0,0,0,2017-04-18,32567862,2014,103,0,0,0,0,0,0,0,0,2015,261,0,0,0,0,0,0,0,0
324,2017-04-18,09:02:48,370,cs1709,XDCE,2014,2012,2020,14152,285357780,791070,790376,2110,1910,2010,2018,0,2017,0,0,0,2017-04-18,32568370,2014,72,0,0,0,0,0,0,0,0,2015,261,0,0,0,0,0,0,0,0
325,2017-04-18,09:02:48,825,cs1709,XDCE,2014,2012,2020,14154,285398060,791070,790376,2110,1910,2010,2018,0,2017,0,0,0,2017-04-18,32568825,2014,71,0,0,0,0,0,0,0,0,2015,261,0,0,0,0,0,0,0,0
326,2017-04-18,09:02:49,341,cs1709,XDCE,2014,2012,2020,14160,285518900,791070,790376,2110,1910,2010,2018,0,2017,0,0,0,2017-04-18,32569341,2014,68,0,0,0,0,0,0,0,0,2015,261,0,0,0,0,0,0,0,0
327,2017-04-18,09:02:50,862,cs1709,XDCE,2014,2012,2020,14162,285559180,791070,790376,2110,1910,2010,2018,0,2017,0,0,0,2017-04-18,32570862,2014,67,0,0,0,0,0,0,0,0,2015,264,0,0,0,0,0,0,0,0
328,2017-04-18,09:02:51,339,cs1709,XDCE,2014,2012,2020,14164,285599460,791070,790376,2110,1910,2010,2018,0,2017,0,0,0,2017-04-18,32571339,2014,66,0,0,0,0,0,0,0,0,2015,264,0,0,0,0,0,0,0,0
329,2017-04-18,09:02:51,856,cs1709,XDCE,2014,2012,2020,14164,285599460,791070,790376,2110,1910,2010,2018,0,2017,0,0,0,2017-04-18,32571856,2014,68,0,0,0,0,0,0,0,0,2015,264,0,0,0,0,0,0,0,0
330,2017-04-18,09:02:52,354,cs1709,XDCE,2014,2012,2020,14166,285639740,791070,790376,2110,1910,2010,2018,0,2017,0,0,0,2017-04-18,32572354,2014,67,0,0,0,0,0,0,0,0,2015,265,0,0,0,0,0,0,0,0
331,2017-04-18,09:02:53,357,cs1709,XDCE,2014,2012,2020,14190,286123100,791050,790376,2110,1910,2010,2018,0,2017,0,0,0,2017-04-18,32573357,2014,56,0,0,0,0,0,0,0,0,2015,265,0,0,0,0,0,0,0,0
332,2017-04-18,09:02:53,803,cs1709,XDCE,2014,2012,2020,14194,286203660,791048,790376,2110,1910,2010,2018,0,2017,0,0,0,2017-04-18,32573803,2014,54,0,0,0,0,0,0,0,0,2015,265,0,0,0,0,0,0,0,0
333,2017-04-18,09:02:54,347,cs1709,XDCE,2014,2012,2020,14196,286243940,791046,790376,2110,1910,2010,2018,0,2017,0,0,0,2017-04-18,32574347,2014,53,0,0,0,0,0,0,0,0,2015,265,0,0,0,0,0,0,0,0
334,2017-04-18,09:02:54,849,cs1709,XDCE,2014,2012,2020,14198,286284220,791046,790376,2110,1910,2010,2018,0,2017,0,0,0,2017-04-18,32574849,2014,52,0,0,0,0,0,0,0,0,2015,265,0,0,0,0,0,0,0,0
335,2017-04-18,09:02:55,340,cs1709,XDCE,2014,2012,2020,14198,286284220,791046,790376,2110,1910,2010,2018,0,2017,0,0,0,2017-04-18,32575340,2014,52,0,0,0,0,0,0,0,0,2015,266,0,0,0,0,0,0,0,0
336,2017-04-18,09:02:55,851,cs1709,XDCE,2014,2012,2020,14198,286284220,791046,790376,2110,1910,2010,2018,0,2017,0,0,0,2017-04-18,32575851,2014,54,0,0,0,0,0,0,0,0,2015,266,0,0,0,0,0,0,0,0
337,2017-04-18,09:02:56,256,cs1709,XDCE,2014,2012,2020,14198,286284220,791046,790376,2110,1910,2010,2018,0,2017,0,0,0,2017-04-18,32576256,2014,55,0,0,0,0,0,0,0,0,2015,266,0,0,0,0,0,0,0,0
338,2017-04-18,09:02:56,792,cs1709,XDCE,2014,2012,2020,14198,286284220,791046,790376,2110,1910,2010,2018,0,2017,0,0,0,2017-04-18,32576792,2014,55,0,0,0,0,0,0,0,0,2015,267,0,0,0,0,0,0,0,0
339,2017-04-18,09:02:57,361,cs1709,XDCE,2014,2012,2020,14200,286324500,791046,790376,2110,1910,2010,2018,0,2017,0,0,0,2017-04-18,32577361,2014,81,0,0,0,0,0,0,0,0,2015,267,0,0,0,0,0,0,0,0
340,2017-04-18,09:02:57,869,cs1709,XDCE,2014,2012,2020,14200,286324500,791046,790376,2110,1910,2010,2018,0,2017,0,0,0,2017-04-18,32577869,2014,81,0,0,0,0,0,0,0,0,2015,269,0,0,0,0,0,0,0,0
341,2017-04-18,09:02:58,339,cs1709,XDCE,2014,2012,2020,14206,286445340,791046,790376,2110,1910,2010,2018,0,2017,0,0,0,2017-04-18,32578339,2014,78,0,0,0,0,0,0,0,0,2015,269,0,0,0,0,0,0,0,0
342,2017-04-18,09:02:58,860,cs1709,XDCE,2014,2012,2020,14224,286807860,791030,790376,2110,1910,2010,2018,0,2017,0,0,0,2017-04-18,32578860,2014,69,0,0,0,0,0,0,0,0,2015,269,0,0,0,0,0,0,0,0
343,2017-04-18,09:02:59,339,cs1709,XDCE,2014,2012,2020,14226,286848140,791030,790376,2110,1910,2010,2018,0,2017,0,0,0,2017-04-18,32579339,2014,68,0,0,0,0,0,0,0,0,2015,269,0,0,0,0,0,0,0,0
344,2017-04-18,09:02:59,846,cs1709,XDCE,2014,2012,2020,14226,286848140,791030,790376,2110,1910,2010,2018,0,2017,0,0,0,2017-04-18,32579846,2014,69,0,0,0,0,0,0,0,0,2015,274,0,0,0,0,0,0,0,0
345,2017-04-18,09:03:00,363,cs1709,XDCE,2014,2012,2020,14226,286848140,791030,790376,2110,1910,2010,2018,0,2017,0,0,0,2017-04-18,32580363,2014,69,0,0,0,0,0,0,0,0,2015,275,0,0,0,0,0,0,0,0
346,2017-04-18,09:03:00,842,cs1709,XDCE,2014,2012,2020,14226,286848140,791030,790376,2110,1910,2010,2018,0,2017,0,0,0,2017-04-18,32580842,2014,71,0,0,0,0,0,0,0,0,2015,273,0,0,0,0,0,0,0,0
347,2017-04-18,09:03:01,290,cs1709,XDCE,2014,2012,2020,14228,286888420,791030,790376,2110,1910,2010,2018,0,2017,0,0,0,2017-04-18,32581290,2014,72,0,0,0,0,0,0,0,0,2015,273,0,0,0,0,0,0,0,0
348,2017-04-18,09:03:01,869,cs1709,XDCE,2014,2012,2020,14252,287371980,791048,790376,2110,1910,2010,2018,0,2017,0,0,0,2017-04-18,32581869,2014,71,0,0,0,0,0,0,0,0,2015,264,0,0,0,0,0,0,0,0
349,2017-04-18,09:03:02,354,cs1709,XDCE,2014,2012,2020,14256,287452540,791048,790376,2110,1910,2010,2018,0,2017,0,0,0,2017-04-18,32582354,2014,69,0,0,0,0,0,0,0,0,2015,264,0,0,0,0,0,0,0,0
350,2017-04-18,09:03:02,840,cs1709,XDCE,2014,2012,2020,14262,287573400,791046,790376,2110,1910,2010,2018,0,2017,0,0,0,2017-04-18,32582840,2014,67,0,0,0,0,0,0,0,0,2015,266,0,0,0,0,0,0,0,0
351,2017-04-18,09:03:04,371,cs1709,XDCE,2014,2012,2020,14266,287653960,791046,790376,2110,1910,2010,2018,0,2017,0,0,0,2017-04-18,32584371,2014,70,0,0,0,0,0,0,0,0,2015,266,0,0,0,0,0,0,0,0
352,2017-04-18,09:03:04,777,cs1709,XDCE,2014,2012,2020,14276,287855360,791046,790376,2110,1910,2010,2018,0,2017,0,0,0,2017-04-18,32584777,2014,66,0,0,0,0,0,0,0,0,2015,267,0,0,0,0,0,0,0,0
353,2017-04-18,09:03:06,356,cs1709,XDCE,2014,2012,2020,14280,287935920,791046,790376,2110,1910,2010,2018,0,2017,0,0,0,2017-04-18,32586356,2014,64,0,0,0,0,0,0,0,0,2015,267,0,0,0,0,0,0,0,0
354,2017-04-18,09:03:06,866,cs1709,XDCE,2014,2012,2020,14344,289224900,791034,790376,2110,1910,2010,2018,0,2017,0,0,0,2017-04-18,32586866,2014,34,0,0,0,0,0,0,0,0,2015,270,0,0,0,0,0,0,0,0
355,2017-04-18,09:03:07,347,cs1709,XDCE,2014,2012,2020,14392,290191620,791078,790376,2110,1910,2010,2018,0,2017,0,0,0,2017-04-18,32587347,2014,10,0,0,0,0,0,0,0,0,2015,273,0,0,0,0,0,0,0,0
356,2017-04-18,09:03:07,843,cs1709,XDCE,2014,2012,2020,14414,290634700,791096,790376,2110,1910,2010,2018,0,2017,0,0,0,2017-04-18,32587843,2013,171,0,0,0,0,0,0,0,0,2014,2,0,0,0,0,0,0,0,0
357,2017-04-18,09:03:08,360,cs1709,XDCE,2014,2012,2020,14414,290634700,791096,790376,2110,1910,2010,2018,0,2017,0,0,0,2017-04-18,32588360,2013,171,0,0,0,0,0,0,0,0,2014,13,0,0,0,0,0,0,0,0
358,2017-04-18,09:03:08,868,cs1709,XDCE,2014,2012,2020,14414,290634700,791096,790376,2110,1910,2010,2018,0,2017,0,0,0,2017-04-18,32588868,2013,43,0,0,0,0,0,0,0,0,2014,114,0,0,0,0,0,0,0,0
359,2017-04-18,09:03:09,358,cs1709,XDCE,2014,2012,2020,14414,290634700,791096,790376,2110,1910,2010,2018,0,2017,0,0,0,2017-04-18,32589358,2013,27,0,0,0,0,0,0,0,0,2014,142,0,0,0,0,0,0,0,0
360,2017-04-18,09:03:09,866,cs1709,XDCE,2014,2012,2020,14436,291077780,791088,790376,2110,1910,2010,2018,0,2017,0,0,0,2017-04-18,32589866,2013,27,0,0,0,0,0,0,0,0,2014,133,0,0,0,0,0,0,0,0
361,2017-04-18,09:03:10,124,cs1709,XDCE,2014,2012,2020,14436,291077780,791088,790376,2110,1910,2010,2018,0,2017,0,0,0,2017-04-18,32590124,2013,27,0,0,0,0,0,0,0,0,2014,135,0,0,0,0,0,0,0,0
362,2017-04-18,09:03:10,846,cs1709,XDCE,2014,2012,2020,14436,291077780,791088,790376,2110,1910,2010,2018,0,2017,0,0,0,2017-04-18,32590846,2013,27,0,0,0,0,0,0,0,0,2014,127,0,0,0,0,0,0,0,0
363,2017-04-18,09:03:11,348,cs1709,XDCE,2013,2012,2020,14448,291319340,791086,790376,2110,1910,2010,2018,0,2017,0,0,0,2017-04-18,32591348,2013,23,0,0,0,0,0,0,0,0,2014,135,0,0,0,0,0,0,0,0
364,2017-04-18,09:03:11,736,cs1709,XDCE,2013,2012,2020,14454,291440120,791086,790376,2110,1910,2010,2018,0,2017,0,0,0,2017-04-18,32591736,2013,20,0,0,0,0,0,0,0,0,2014,136,0,0,0,0,0,0,0,0
365,2017-04-18,09:03:12,97,cs1709,XDCE,2013,2012,2020,14454,291440120,791086,790376,2110,1910,2010,2018,0,2017,0,0,0,2017-04-18,32592097,2013,23,0,0,0,0,0,0,0,0,2014,137,0,0,0,0,0,0,0,0
366,2017-04-18,09:03:12,859,cs1709,XDCE,2013,2012,2020,14538,293131860,791062,790376,2110,1910,2010,2018,0,2017,0,0,0,2017-04-18,32592859,2013,173,0,0,0,0,0,0,0,0,2015,281,0,0,0,0,0,0,0,0
367,2017-04-18,09:03:13,349,cs1709,XDCE,2014,2012,2020,14558,293534660,791062,790376,2110,1910,2010,2018,0,2017,0,0,0,2017-04-18,32593349,2014,64,0,0,0,0,0,0,0,0,2015,268,0,0,0,0,0,0,0,0
368,2017-04-18,09:03:13,827,cs1709,XDCE,2014,2012,2020,14562,293615220,791062,790376,2110,1910,2010,2018,0,2017,0,0,0,2017-04-18,32593827,2014,73,0,0,0,0,0,0,0,0,2015,268,0,0,0,0,0,0,0,0
369,2017-04-18,09:03:14,367,cs1709,XDCE,2014,2012,2020,14564,293655500,791062,790376,2110,1910,2010,2018,0,2017,0,0,0,2017-04-18,32594367,2014,75,0,0,0,0,0,0,0,0,2015,268,0,0,0,0,0,0,0,0
370,2017-04-18,09:03:14,836,cs1709,XDCE,2014,2012,2020,14570,293776340,791062,790376,2110,1910,2010,2018,0,2017,0,0,0,2017-04-18,32594836,2014,78,0,0,0,0,0,0,0,0,2015,257,0,0,0,0,0,0,0,0
371,2017-04-18,09:03:15,368,cs1709,XDCE,2014,2012,2020,14572,293816620,791062,790376,2110,1910,2010,2018,0,2017,0,0,0,2017-04-18,32595368,2014,80,0,0,0,0,0,0,0,0,2015,257,0,0,0,0,0,0,0,0
372,2017-04-18,09:03:16,90,cs1709,XDCE,2014,2012,2020,14574,293856900,791062,790376,2110,1910,2010,2018,0,2017,0,0,0,2017-04-18,32596090,2014,79,0,0,0,0,0,0,0,0,2015,257,0,0,0,0,0,0,0,0
373,2017-04-18,09:03:16,813,cs1709,XDCE,2015,2012,2020,14578,293937500,791066,790376,2110,1910,2010,2018,0,2017,0,0,0,2017-04-18,32596813,2014,100,0,0,0,0,0,0,0,0,2015,256,0,0,0,0,0,0,0,0
374,2017-04-18,09:03:17,345,cs1709,XDCE,2014,2012,2020,14588,294138900,791066,790376,2110,1910,2010,2018,0,2017,0,0,0,2017-04-18,32597345,2014,95,0,0,0,0,0,0,0,0,2015,256,0,0,0,0,0,0,0,0
375,2017-04-18,09:03:17,790,cs1709,XDCE,2014,2012,2020,14590,294179180,791066,790376,2110,1910,2010,2018,0,2017,0,0,0,2017-04-18,32597790,2014,104,0,0,0,0,0,0,0,0,2015,255,0,0,0,0,0,0,0,0
376,2017-04-18,09:03:18,326,cs1709,XDCE,2014,2012,2020,14590,294179180,791066,790376,2110,1910,2010,2018,0,2017,0,0,0,2017-04-18,32598326,2014,104,0,0,0,0,0,0,0,0,2015,276,0,0,0,0,0,0,0,0
377,2017-04-18,09:03:18,809,cs1709,XDCE,2014,2012,2020,14590,294179180,791066,790376,2110,1910,2010,2018,0,2017,0,0,0,2017-04-18,32598809,2014,104,0,0,0,0,0,0,0,0,2015,274,0,0,0,0,0,0,0,0
378,2017-04-18,09:03:19,271,cs1709,XDCE,2014,2012,2020,14600,294380580,791066,790376,2110,1910,2010,2018,0,2017,0,0,0,2017-04-18,32599271,2014,91,0,0,0,0,0,0,0,0,2015,274,0,0,0,0,0,0,0,0
379,2017-04-18,09:03:19,783,cs1709,XDCE,2014,2012,2020,14604,294461140,791066,790376,2110,1910,2010,2018,0,2017,0,0,0,2017-04-18,32599783,2014,92,0,0,0,0,0,0,0,0,2015,274,0,0,0,0,0,0,0,0
380,2017-04-18,09:03:20,841,cs1709,XDCE,2014,2012,2020,14624,294863940,791066,790376,2110,1910,2010,2018,0,2017,0,0,0,2017-04-18,32600841,2014,87,0,0,0,0,0,0,0,0,2015,274,0,0,0,0,0,0,0,0
381,2017-04-18,09:03:21,282,cs1709,XDCE,2014,2012,2020,14626,294904220,791066,790376,2110,1910,2010,2018,0,2017,0,0,0,2017-04-18,32601282,2014,86,0,0,0,0,0,0,0,0,2015,275,0,0,0,0,0,0,0,0
382,2017-04-18,09:03:21,844,cs1709,XDCE,2014,2012,2020,14628,294944500,791066,790376,2110,1910,2010,2018,0,2017,0,0,0,2017-04-18,32601844,2014,85,0,0,0,0,0,0,0,0,2015,275,0,0,0,0,0,0,0,0
383,2017-04-18,09:03:22,368,cs1709,XDCE,2014,2012,2020,14628,294944500,791066,790376,2110,1910,2010,2018,0,2017,0,0,0,2017-04-18,32602368,2014,86,0,0,0,0,0,0,0,0,2015,275,0,0,0,0,0,0,0,0
384,2017-04-18,09:03:22,770,cs1709,XDCE,2014,2012,2020,14630,294984780,791066,790376,2110,1910,2010,2018,0,2017,0,0,0,2017-04-18,32602770,2014,85,0,0,0,0,0,0,0,0,2015,275,0,0,0,0,0,0,0,0
385,2017-04-18,09:03:23,368,cs1709,XDCE,2014,2012,2020,14634,295065340,791062,790376,2110,1910,2010,2018,0,2017,0,0,0,2017-04-18,32603368,2014,85,0,0,0,0,0,0,0,0,2015,277,0,0,0,0,0,0,0,0
386,2017-04-18,09:03:23,844,cs1709,XDCE,2014,2012,2020,14636,295105620,791062,790376,2110,1910,2010,2018,0,2017,0,0,0,2017-04-18,32603844,2014,84,0,0,0,0,0,0,0,0,2015,277,0,0,0,0,0,0,0,0
387,2017-04-18,09:03:24,784,cs1709,XDCE,2014,2012,2020,14636,295105620,791062,790376,2110,1910,2010,2018,0,2017,0,0,0,2017-04-18,32604784,2014,86,0,0,0,0,0,0,0,0,2015,277,0,0,0,0,0,0,0,0
388,2017-04-18,09:03:25,325,cs1709,XDCE,2014,2012,2020,14636,295105620,791062,790376,2110,1910,2010,2018,0,2017,0,0,0,2017-04-18,32605325,2014,86,0,0,0,0,0,0,0,0,2015,297,0,0,0,0,0,0,0,0
389,2017-04-18,09:03:25,832,cs1709,XDCE,2014,2012,2020,14688,296152900,791010,790376,2110,1910,2010,2018,0,2017,0,0,0,2017-04-18,32605832,2014,63,0,0,0,0,0,0,0,0,2015,297,0,0,0,0,0,0,0,0
390,2017-04-18,09:03:26,343,cs1709,XDCE,2014,2012,2020,14776,297925220,790948,790376,2110,1910,2010,2018,0,2017,0,0,0,2017-04-18,32606343,2014,19,0,0,0,0,0,0,0,0,2015,297,0,0,0,0,0,0,0,0
391,2017-04-18,09:03:28,864,cs1709,XDCE,2014,2012,2020,14778,297965500,790950,790376,2110,1910,2010,2018,0,2017,0,0,0,2017-04-18,32608864,2014,19,0,0,0,0,0,0,0,0,2015,296,0,0,0,0,0,0,0,0
392,2017-04-18,09:03:29,869,cs1709,XDCE,2015,2012,2020,14788,298166920,790960,790376,2110,1910,2010,2018,0,2017,0,0,0,2017-04-18,32609869,2014,15,0,0,0,0,0,0,0,0,2015,295,0,0,0,0,0,0,0,0
393,2017-04-18,09:03:30,370,cs1709,XDCE,2014,2012,2020,14794,298287780,790962,790376,2110,1910,2010,2018,0,2017,0,0,0,2017-04-18,32610370,2014,13,0,0,0,0,0,0,0,0,2015,294,0,0,0,0,0,0,0,0
394,2017-04-18,09:03:30,865,cs1709,XDCE,2014,2012,2020,14800,298408640,790960,790376,2110,1910,2010,2018,0,2017,0,0,0,2017-04-18,32610865,2014,11,0,0,0,0,0,0,0,0,2015,293,0,0,0,0,0,0,0,0
395,2017-04-18,09:03:31,353,cs1709,XDCE,2014,2012,2020,14810,298610040,790964,790376,2110,1910,2010,2018,0,2017,0,0,0,2017-04-18,32611353,2014,9,0,0,0,0,0,0,0,0,2015,293,0,0,0,0,0,0,0,0
396,2017-04-18,09:03:31,851,cs1709,XDCE,2014,2012,2020,14812,298650320,790966,790376,2110,1910,2010,2018,0,2017,0,0,0,2017-04-18,32611851,2014,9,0,0,0,0,0,0,0,0,2015,294,0,0,0,0,0,0,0,0
397,2017-04-18,09:03:32,858,cs1709,XDCE,2014,2012,2020,14812,298650320,790966,790376,2110,1910,2010,2018,0,2017,0,0,0,2017-04-18,32612858,2014,9,0,0,0,0,0,0,0,0,2015,293,0,0,0,0,0,0,0,0
398,2017-04-18,09:03:33,261,cs1709,XDCE,2014,2012,2020,14812,298650320,790966,790376,2110,1910,2010,2018,0,2017,0,0,0,2017-04-18,32613261,2014,10,0,0,0,0,0,0,0,0,2015,294,0,0,0,0,0,0,0,0
399,2017-04-18,09:03:33,807,cs1709,XDCE,2014,2012,2020,14812,298650320,790966,790376,2110,1910,2010,2018,0,2017,0,0,0,2017-04-18,32613807,2014,13,0,0,0,0,0,0,0,0,2015,294,0,0,0,0,0,0,0,0
400,2017-04-18,09:03:35,369,cs1709,XDCE,2014,2012,2020,14824,298892000,790966,790376,2110,1910,2010,2018,0,2017,0,0,0,2017-04-18,32615369,2014,12,0,0,0,0,0,0,0,0,2015,294,0,0,0,0,0,0,0,0
401,2017-04-18,09:03:35,784,cs1709,XDCE,2014,2012,2020,14826,298932280,790966,790376,2110,1910,2010,2018,0,2017,0,0,0,2017-04-18,32615784,2014,13,0,0,0,0,0,0,0,0,2015,294,0,0,0,0,0,0,0,0
402,2017-04-18,09:03:36,857,cs1709,XDCE,2014,2012,2020,14826,298932280,790966,790376,2110,1910,2010,2018,0,2017,0,0,0,2017-04-18,32616857,2014,14,0,0,0,0,0,0,0,0,2015,304,0,0,0,0,0,0,0,0
403,2017-04-18,09:03:37,734,cs1709,XDCE,2014,2012,2020,14826,298932280,790966,790376,2110,1910,2010,2018,0,2017,0,0,0,2017-04-18,32617734,2014,24,0,0,0,0,0,0,0,0,2015,304,0,0,0,0,0,0,0,0
404,2017-04-18,09:03:38,243,cs1709,XDCE,2014,2012,2020,14828,298972560,790966,790376,2110,1910,2010,2018,0,2017,0,0,0,2017-04-18,32618243,2014,23,0,0,0,0,0,0,0,0,2015,304,0,0,0,0,0,0,0,0
405,2017-04-18,09:03:38,846,cs1709,XDCE,2014,2012,2020,14828,298972560,790966,790376,2110,1910,2010,2018,0,2017,0,0,0,2017-04-18,32618846,2014,26,0,0,0,0,0,0,0,0,2015,303,0,0,0,0,0,0,0,0
406,2017-04-18,09:03:39,297,cs1709,XDCE,2014,2012,2020,14830,299012840,790966,790376,2110,1910,2010,2018,0,2017,0,0,0,2017-04-18,32619297,2014,25,0,0,0,0,0,0,0,0,2015,303,0,0,0,0,0,0,0,0
407,2017-04-18,09:03:39,848,cs1709,XDCE,2014,2012,2020,14830,299012840,790966,790376,2110,1910,2010,2018,0,2017,0,0,0,2017-04-18,32619848,2014,28,0,0,0,0,0,0,0,0,2015,303,0,0,0,0,0,0,0,0
408,2017-04-18,09:03:40,328,cs1709,XDCE,2014,2012,2020,14834,299093400,790968,790376,2110,1910,2010,2018,0,2017,0,0,0,2017-04-18,32620328,2014,27,0,0,0,0,0,0,0,0,2015,303,0,0,0,0,0,0,0,0
409,2017-04-18,09:03:40,840,cs1709,XDCE,2014,2012,2020,14838,299173980,790972,790376,2110,1910,2010,2018,0,2017,0,0,0,2017-04-18,32620840,2014,16,0,0,0,0,0,0,0,0,2015,302,0,0,0,0,0,0,0,0
410,2017-04-18,09:03:41,352,cs1709,XDCE,2014,2012,2020,14842,299254540,790972,790376,2110,1910,2010,2018,0,2017,0,0,0,2017-04-18,32621352,2014,14,0,0,0,0,0,0,0,0,2015,292,0,0,0,0,0,0,0,0
411,2017-04-18,09:03:41,867,cs1709,XDCE,2014,2012,2020,14842,299254540,790972,790376,2110,1910,2010,2018,0,2017,0,0,0,2017-04-18,32621867,2014,15,0,0,0,0,0,0,0,0,2015,292,0,0,0,0,0,0,0,0
412,2017-04-18,09:03:42,205,cs1709,XDCE,2015,2012,2020,14844,299294840,790974,790376,2110,1910,2010,2018,0,2017,0,0,0,2017-04-18,32622205,2014,15,0,0,0,0,0,0,0,0,2015,291,0,0,0,0,0,0,0,0
413,2017-04-18,09:03:42,843,cs1709,XDCE,2014,2012,2020,14872,299858800,790988,790376,2110,1910,2010,2018,0,2017,0,0,0,2017-04-18,32622843,2014,4,0,0,0,0,0,0,0,0,2015,290,0,0,0,0,0,0,0,0
414,2017-04-18,09:03:43,340,cs1709,XDCE,2014,2012,2020,14892,300261600,790992,790376,2110,1910,2010,2018,0,2017,0,0,0,2017-04-18,32623340,2014,4,0,0,0,0,0,0,0,0,2015,290,0,0,0,0,0,0,0,0
415,2017-04-18,09:03:43,814,cs1709,XDCE,2014,2012,2020,14892,300261600,790992,790376,2110,1910,2010,2018,0,2017,0,0,0,2017-04-18,32623814,2014,4,0,0,0,0,0,0,0,0,2015,300,0,0,0,0,0,0,0,0
416,2017-04-18,09:03:44,368,cs1709,XDCE,2014,2012,2020,14898,300382440,790992,790376,2110,1910,2010,2018,0,2017,0,0,0,2017-04-18,32624368,2014,21,0,0,0,0,0,0,0,0,2015,288,0,0,0,0,0,0,0,0
417,2017-04-18,09:03:44,800,cs1709,XDCE,2014,2012,2020,14898,300382440,790992,790376,2110,1910,2010,2018,0,2017,0,0,0,2017-04-18,32624800,2014,21,0,0,0,0,0,0,0,0,2015,291,0,0,0,0,0,0,0,0
418,2017-04-18,09:03:45,344,cs1709,XDCE,2014,2012,2020,14898,300382440,790992,790376,2110,1910,2010,2018,0,2017,0,0,0,2017-04-18,32625344,2014,64,0,0,0,0,0,0,0,0,2015,293,0,0,0,0,0,0,0,0
419,2017-04-18,09:03:45,758,cs1709,XDCE,2014,2012,2020,14904,300503280,790990,790376,2110,1910,2010,2018,0,2017,0,0,0,2017-04-18,32625758,2014,61,0,0,0,0,0,0,0,0,2015,293,0,0,0,0,0,0,0,0
420,2017-04-18,09:03:46,281,cs1709,XDCE,2014,2012,2020,14906,300543560,790990,790376,2110,1910,2010,2018,0,2017,0,0,0,2017-04-18,32626281,2014,60,0,0,0,0,0,0,0,0,2015,293,0,0,0,0,0,0,0,0
421,2017-04-18,09:03:46,758,cs1709,XDCE,2014,2012,2020,14910,300624120,790990,790376,2110,1910,2010,2018,0,2017,0,0,0,2017-04-18,32626758,2014,59,0,0,0,0,0,0,0,0,2015,293,0,0,0,0,0,0,0,0
422,2017-04-18,09:03:47,683,cs1709,XDCE,2015,2012,2020,14918,300785320,790986,790376,2110,1910,2010,2018,0,2017,0,0,0,2017-04-18,32627683,2014,62,0,0,0,0,0,0,0,0,2015,289,0,0,0,0,0,0,0,0
423,2017-04-18,09:03:48,340,cs1709,XDCE,2015,2012,2020,14918,300785320,790986,790376,2110,1910,2010,2018,0,2017,0,0,0,2017-04-18,32628340,2014,63,0,0,0,0,0,0,0,0,2015,299,0,0,0,0,0,0,0,0
424,2017-04-18,09:03:49,299,cs1709,XDCE,2015,2012,2020,14918,300785320,790986,790376,2110,1910,2010,2018,0,2017,0,0,0,2017-04-18,32629299,2014,64,0,0,0,0,0,0,0,0,2015,299,0,0,0,0,0,0,0,0
425,2017-04-18,09:03:49,835,cs1709,XDCE,2015,2012,2020,14918,300785320,790986,790376,2110,1910,2010,2018,0,2017,0,0,0,2017-04-18,32629835,2014,65,0,0,0,0,0,0,0,0,2015,299,0,0,0,0,0,0,0,0
426,2017-04-18,09:03:50,369,cs1709,XDCE,2014,2012,2020,15058,303604920,790946,790376,2110,1910,2010,2018,0,2017,0,0,0,2017-04-18,32630369,2013,113,0,0,0,0,0,0,0,0,2014,51,0,0,0,0,0,0,0,0
427,2017-04-18,09:03:50,738,cs1709,XDCE,2014,2012,2020,15058,303604920,790946,790376,2110,1910,2010,2018,0,2017,0,0,0,2017-04-18,32630738,2013,101,0,0,0,0,0,0,0,0,2014,56,0,0,0,0,0,0,0,0
428,2017-04-18,09:03:51,362,cs1709,XDCE,2014,2012,2020,15060,303645200,790946,790376,2110,1910,2010,2018,0,2017,0,0,0,2017-04-18,32631362,2013,101,0,0,0,0,0,0,0,0,2014,55,0,0,0,0,0,0,0,0
429,2017-04-18,09:03:51,702,cs1709,XDCE,2014,2012,2020,15060,303645200,790946,790376,2110,1910,2010,2018,0,2017,0,0,0,2017-04-18,32631702,2013,102,0,0,0,0,0,0,0,0,2014,55,0,0,0,0,0,0,0,0
430,2017-04-18,09:03:52,361,cs1709,XDCE,2014,2012,2020,15060,303645200,790946,790376,2110,1910,2010,2018,0,2017,0,0,0,2017-04-18,32632361,2013,102,0,0,0,0,0,0,0,0,2014,56,0,0,0,0,0,0,0,0
431,2017-04-18,09:03:52,862,cs1709,XDCE,2014,2012,2020,15160,305659200,790962,790376,2110,1910,2010,2018,0,2017,0,0,0,2017-04-18,32632862,2013,102,0,0,0,0,0,0,0,0,2015,237,0,0,0,0,0,0,0,0
432,2017-04-18,09:03:53,357,cs1709,XDCE,2014,2012,2020,15160,305659200,790962,790376,2110,1910,2010,2018,0,2017,0,0,0,2017-04-18,32633357,2013,107,0,0,0,0,0,0,0,0,2015,236,0,0,0,0,0,0,0,0
433,2017-04-18,09:03:53,845,cs1709,XDCE,2014,2012,2020,15186,306182840,790942,790376,2110,1910,2010,2018,0,2017,0,0,0,2017-04-18,32633845,2014,19,0,0,0,0,0,0,0,0,2015,879,0,0,0,0,0,0,0,0
434,2017-04-18,09:03:54,282,cs1709,XDCE,2014,2012,2020,15208,306625920,790942,790376,2110,1910,2010,2018,0,2017,0,0,0,2017-04-18,32634282,2014,7,0,0,0,0,0,0,0,0,2015,889,0,0,0,0,0,0,0,0
435,2017-04-18,09:03:55,366,cs1709,XDCE,2014,2012,2020,15208,306625920,790942,790376,2110,1910,2010,2018,0,2017,0,0,0,2017-04-18,32635366,2014,7,0,0,0,0,0,0,0,0,2015,890,0,0,0,0,0,0,0,0
436,2017-04-18,09:03:55,850,cs1709,XDCE,2014,2012,2020,15232,307109280,790940,790376,2110,1910,2010,2018,0,2017,0,0,0,2017-04-18,32635850,2014,1,0,0,0,0,0,0,0,0,2015,890,0,0,0,0,0,0,0,0
437,2017-04-18,09:03:56,352,cs1709,XDCE,2015,2012,2020,15272,307915280,790960,790376,2110,1910,2010,2018,0,2017,0,0,0,2017-04-18,32636352,2014,7,0,0,0,0,0,0,0,0,2015,870,0,0,0,0,0,0,0,0
438,2017-04-18,09:03:56,654,cs1709,XDCE,2015,2012,2020,15272,307915280,790960,790376,2110,1910,2010,2018,0,2017,0,0,0,2017-04-18,32636654,2014,8,0,0,0,0,0,0,0,0,2015,870,0,0,0,0,0,0,0,0
439,2017-04-18,09:03:57,265,cs1709,XDCE,2014,2012,2020,15274,307955560,790960,790376,2110,1910,2010,2018,0,2017,0,0,0,2017-04-18,32637265,2014,7,0,0,0,0,0,0,0,0,2015,860,0,0,0,0,0,0,0,0
440,2017-04-18,09:03:57,838,cs1709,XDCE,2014,2012,2020,15278,308036120,790958,790376,2110,1910,2010,2018,0,2017,0,0,0,2017-04-18,32637838,2014,25,0,0,0,0,0,0,0,0,2015,910,0,0,0,0,0,0,0,0
441,2017-04-18,09:03:58,330,cs1709,XDCE,2014,2012,2020,15282,308116680,790954,790376,2110,1910,2010,2018,0,2017,0,0,0,2017-04-18,32638330,2014,32,0,0,0,0,0,0,0,0,2015,911,0,0,0,0,0,0,0,0
442,2017-04-18,09:03:58,840,cs1709,XDCE,2014,2012,2020,15286,308197240,790954,790376,2110,1910,2010,2018,0,2017,0,0,0,2017-04-18,32638840,2014,36,0,0,0,0,0,0,0,0,2015,861,0,0,0,0,0,0,0,0
443,2017-04-18,09:03:59,848,cs1709,XDCE,2014,2012,2020,15288,308237520,790956,790376,2110,1910,2010,2018,0,2017,0,0,0,2017-04-18,32639848,2014,85,0,0,0,0,0,0,0,0,2015,861,0,0,0,0,0,0,0,0
444,2017-04-18,09:04:00,360,cs1709,XDCE,2014,2012,2020,15292,308318080,790960,790376,2110,1910,2010,2018,0,2017,0,0,0,2017-04-18,32640360,2014,83,0,0,0,0,0,0,0,0,2015,861,0,0,0,0,0,0,0,0
445,2017-04-18,09:04:00,870,cs1709,XDCE,2014,2012,2020,15294,308358360,790962,790376,2110,1910,2010,2018,0,2017,0,0,0,2017-04-18,32640870,2014,83,0,0,0,0,0,0,0,0,2015,861,0,0,0,0,0,0,0,0
446,2017-04-18,09:04:01,341,cs1709,XDCE,2014,2012,2020,15462,311741880,791128,790376,2110,1910,2010,2018,0,2017,0,0,0,2017-04-18,32641341,2013,310,0,0,0,0,0,0,0,0,2014,14,0,0,0,0,0,0,0,0
447,2017-04-18,09:04:01,848,cs1709,XDCE,2014,2012,2020,15462,311741880,791128,790376,2110,1910,2010,2018,0,2017,0,0,0,2017-04-18,32641848,2013,309,0,0,0,0,0,0,0,0,2014,23,0,0,0,0,0,0,0,0
448,2017-04-18,09:04:02,352,cs1709,XDCE,2014,2012,2020,15464,311782160,791128,790376,2110,1910,2010,2018,0,2017,0,0,0,2017-04-18,32642352,2013,309,0,0,0,0,0,0,0,0,2014,28,0,0,0,0,0,0,0,0
449,2017-04-18,09:04:02,516,cs1709,XDCE,2014,2012,2020,15464,311782160,791128,790376,2110,1910,2010,2018,0,2017,0,0,0,2017-04-18,32642516,2013,309,0,0,0,0,0,0,0,0,2014,31,0,0,0,0,0,0,0,0
450,2017-04-18,09:04:03,363,cs1709,XDCE,2014,2012,2020,15464,311782160,791128,790376,2110,1910,2010,2018,0,2017,0,0,0,2017-04-18,32643363,2013,309,0,0,0,0,0,0,0,0,2014,35,0,0,0,0,0,0,0,0
451,2017-04-18,09:04:03,797,cs1709,XDCE,2014,2012,2020,15466,311822440,791130,790376,2110,1910,2010,2018,0,2017,0,0,0,2017-04-18,32643797,2013,309,0,0,0,0,0,0,0,0,2014,34,0,0,0,0,0,0,0,0
452,2017-04-18,09:04:04,368,cs1709,XDCE,2014,2012,2020,15468,311862720,791132,790376,2110,1910,2010,2018,0,2017,0,0,0,2017-04-18,32644368,2013,309,0,0,0,0,0,0,0,0,2014,36,0,0,0,0,0,0,0,0
453,2017-04-18,09:04:04,865,cs1709,XDCE,2014,2012,2020,15468,311862720,791132,790376,2110,1910,2010,2018,0,2017,0,0,0,2017-04-18,32644865,2013,309,0,0,0,0,0,0,0,0,2014,38,0,0,0,0,0,0,0,0
454,2017-04-18,09:04:05,819,cs1709,XDCE,2013,2012,2020,15476,312023760,791132,790376,2110,1910,2010,2018,0,2017,0,0,0,2017-04-18,32645819,2013,305,0,0,0,0,0,0,0,0,2014,41,0,0,0,0,0,0,0,0
455,2017-04-18,09:04:06,291,cs1709,XDCE,2014,2012,2020,15492,312346000,791132,790376,2110,1910,2010,2018,0,2017,0,0,0,2017-04-18,32646291,2013,507,0,0,0,0,0,0,0,0,2014,29,0,0,0,0,0,0,0,0
456,2017-04-18,09:04:06,837,cs1709,XDCE,2013,2012,2020,15496,312426520,791130,790376,2110,1910,2010,2018,0,2017,0,0,0,2017-04-18,32646837,2013,505,0,0,0,0,0,0,0,0,2014,33,0,0,0,0,0,0,0,0
457,2017-04-18,09:04:07,342,cs1709,XDCE,2014,2012,2020,15568,313876600,791182,790376,2110,1910,2010,2018,0,2017,0,0,0,2017-04-18,32647342,2014,14,0,0,0,0,0,0,0,0,2015,862,0,0,0,0,0,0,0,0
458,2017-04-18,09:04:07,790,cs1709,XDCE,2015,2012,2020,15570,313916900,791184,790376,2110,1910,2010,2018,0,2017,0,0,0,2017-04-18,32647790,2014,15,0,0,0,0,0,0,0,0,2015,861,0,0,0,0,0,0,0,0
459,2017-04-18,09:04:08,369,cs1709,XDCE,2015,2012,2020,15570,313916900,791184,790376,2110,1910,2010,2018,0,2017,0,0,0,2017-04-18,32648369,2014,16,0,0,0,0,0,0,0,0,2015,861,0,0,0,0,0,0,0,0
460,2017-04-18,09:04:09,363,cs1709,XDCE,2014,2012,2020,15606,314641940,791178,790376,2110,1910,2010,2018,0,2017,0,0,0,2017-04-18,32649363,2014,2,0,0,0,0,0,0,0,0,2015,861,0,0,0,0,0,0,0,0
461,2017-04-18,09:04:09,841,cs1709,XDCE,2015,2012,2020,15614,314803100,791178,790376,2110,1910,2010,2018,0,2017,0,0,0,2017-04-18,32649841,2013,496,0,0,0,0,0,0,0,0,2015,858,0,0,0,0,0,0,0,0
462,2017-04-18,09:04:10,368,cs1709,XDCE,2015,2012,2020,15614,314803100,791178,790376,2110,1910,2010,2018,0,2017,0,0,0,2017-04-18,32650368,2013,496,0,0,0,0,0,0,0,0,2014,5,0,0,0,0,0,0,0,0
463,2017-04-18,09:04:10,850,cs1709,XDCE,2013,2012,2020,15622,314964140,791176,790376,2110,1910,2010,2018,0,2017,0,0,0,2017-04-18,32650850,2013,492,0,0,0,0,0,0,0,0,2014,17,0,0,0,0,0,0,0,0
464,2017-04-18,09:04:11,363,cs1709,XDCE,2013,2012,2020,15622,314964140,791176,790376,2110,1910,2010,2018,0,2017,0,0,0,2017-04-18,32651363,2013,492,0,0,0,0,0,0,0,0,2014,32,0,0,0,0,0,0,0,0
465,2017-04-18,09:04:11,826,cs1709,XDCE,2013,2012,2020,15622,314964140,791176,790376,2110,1910,2010,2018,0,2017,0,0,0,2017-04-18,32651826,2013,490,0,0,0,0,0,0,0,0,2014,32,0,0,0,0,0,0,0,0
466,2017-04-18,09:04:12,351,cs1709,XDCE,2013,2012,2020,15622,314964140,791176,790376,2110,1910,2010,2018,0,2017,0,0,0,2017-04-18,32652351,2013,492,0,0,0,0,0,0,0,0,2014,52,0,0,0,0,0,0,0,0
467,2017-04-18,09:04:12,832,cs1709,XDCE,2014,2012,2020,15630,315125260,791174,790376,2110,1910,2010,2018,0,2017,0,0,0,2017-04-18,32652832,2013,493,0,0,0,0,0,0,0,0,2014,48,0,0,0,0,0,0,0,0
468,2017-04-18,09:04:13,366,cs1709,XDCE,2013,2012,2020,15634,315205780,791178,790376,2110,1910,2010,2018,0,2017,0,0,0,2017-04-18,32653366,2013,491,0,0,0,0,0,0,0,0,2014,48,0,0,0,0,0,0,0,0
469,2017-04-18,09:04:13,803,cs1709,XDCE,2013,2012,2020,15638,315286300,791180,790376,2110,1910,2010,2018,0,2017,0,0,0,2017-04-18,32653803,2013,489,0,0,0,0,0,0,0,0,2014,50,0,0,0,0,0,0,0,0
470,2017-04-18,09:04:14,369,cs1709,XDCE,2013,2012,2020,15638,315286300,791180,790376,2110,1910,2010,2018,0,2017,0,0,0,2017-04-18,32654369,2013,489,0,0,0,0,0,0,0,0,2014,52,0,0,0,0,0,0,0,0
471,2017-04-18,09:04:14,841,cs1709,XDCE,2013,2012,2020,15638,315286300,791180,790376,2110,1910,2010,2018,0,2017,0,0,0,2017-04-18,32654841,2013,493,0,0,0,0,0,0,0,0,2014,53,0,0,0,0,0,0,0,0
472,2017-04-18,09:04:15,851,cs1709,XDCE,2013,2012,2020,15638,315286300,791180,790376,2110,1910,2010,2018,0,2017,0,0,0,2017-04-18,32655851,2013,478,0,0,0,0,0,0,0,0,2014,54,0,0,0,0,0,0,0,0
473,2017-04-18,09:04:16,366,cs1709,XDCE,2013,2012,2020,15646,315447380,791180,790376,2110,1910,2010,2018,0,2017,0,0,0,2017-04-18,32656366,2013,477,0,0,0,0,0,0,0,0,2014,52,0,0,0,0,0,0,0,0
474,2017-04-18,09:04:16,829,cs1709,XDCE,2013,2012,2020,15646,315447380,791180,790376,2110,1910,2010,2018,0,2017,0,0,0,2017-04-18,32656829,2013,478,0,0,0,0,0,0,0,0,2014,53,0,0,0,0,0,0,0,0
475,2017-04-18,09:04:17,298,cs1709,XDCE,2013,2012,2020,15666,315849980,791170,790376,2110,1910,2010,2018,0,2017,0,0,0,2017-04-18,32657298,2013,469,0,0,0,0,0,0,0,0,2014,57,0,0,0,0,0,0,0,0
476,2017-04-18,09:04:17,841,cs1709,XDCE,2013,2012,2020,15666,315849980,791170,790376,2110,1910,2010,2018,0,2017,0,0,0,2017-04-18,32657841,2013,470,0,0,0,0,0,0,0,0,2014,58,0,0,0,0,0,0,0,0
477,2017-04-18,09:04:18,319,cs1709,XDCE,2013,2012,2020,15666,315849980,791170,790376,2110,1910,2010,2018,0,2017,0,0,0,2017-04-18,32658319,2013,471,0,0,0,0,0,0,0,0,2014,59,0,0,0,0,0,0,0,0
478,2017-04-18,09:04:19,250,cs1709,XDCE,2013,2012,2020,15666,315849980,791170,790376,2110,1910,2010,2018,0,2017,0,0,0,2017-04-18,32659250,2013,471,0,0,0,0,0,0,0,0,2014,61,0,0,0,0,0,0,0,0
479,2017-04-18,09:04:19,816,cs1709,XDCE,2013,2012,2020,15736,317259080,791200,790376,2110,1910,2010,2018,0,2017,0,0,0,2017-04-18,32659816,2013,435,0,0,0,0,0,0,0,0,2014,99,0,0,0,0,0,0,0,0
480,2017-04-18,09:04:20,225,cs1709,XDCE,2013,2012,2020,15738,317299340,791198,790376,2110,1910,2010,2018,0,2017,0,0,0,2017-04-18,32660225,2013,434,0,0,0,0,0,0,0,0,2014,99,0,0,0,0,0,0,0,0
481,2017-04-18,09:04:20,844,cs1709,XDCE,2013,2012,2020,15738,317299340,791198,790376,2110,1910,2010,2018,0,2017,0,0,0,2017-04-18,32660844,2013,435,0,0,0,0,0,0,0,0,2014,99,0,0,0,0,0,0,0,0
482,2017-04-18,09:04:21,347,cs1709,XDCE,2013,2012,2020,15738,317299340,791198,790376,2110,1910,2010,2018,0,2017,0,0,0,2017-04-18,32661347,2013,435,0,0,0,0,0,0,0,0,2014,100,0,0,0,0,0,0,0,0
483,2017-04-18,09:04:22,361,cs1709,XDCE,2013,2012,2020,15742,317379860,791198,790376,2110,1910,2010,2018,0,2017,0,0,0,2017-04-18,32662361,2013,433,0,0,0,0,0,0,0,0,2014,100,0,0,0,0,0,0,0,0
484,2017-04-18,09:04:23,371,cs1709,XDCE,2013,2012,2020,15746,317460380,791198,790376,2110,1910,2010,2018,0,2017,0,0,0,2017-04-18,32663371,2013,432,0,0,0,0,0,0,0,0,2014,100,0,0,0,0,0,0,0,0
485,2017-04-18,09:04:24,855,cs1709,XDCE,2014,2012,2020,15750,317540940,791198,790376,2110,1910,2010,2018,0,2017,0,0,0,2017-04-18,32664855,2013,432,0,0,0,0,0,0,0,0,2014,105,0,0,0,0,0,0,0,0
486,2017-04-18,09:04:25,241,cs1709,XDCE,2013,2012,2020,15752,317581200,791198,790376,2110,1910,2010,2018,0,2017,0,0,0,2017-04-18,32665241,2013,432,0,0,0,0,0,0,0,0,2014,109,0,0,0,0,0,0,0,0
487,2017-04-18,09:04:25,816,cs1709,XDCE,2013,2012,2020,15764,317822760,791210,790376,2110,1910,2010,2018,0,2017,0,0,0,2017-04-18,32665816,2013,426,0,0,0,0,0,0,0,0,2014,109,0,0,0,0,0,0,0,0
488,2017-04-18,09:04:26,315,cs1709,XDCE,2013,2012,2020,15764,317822760,791210,790376,2110,1910,2010,2018,0,2017,0,0,0,2017-04-18,32666315,2013,426,0,0,0,0,0,0,0,0,2014,112,0,0,0,0,0,0,0,0
489,2017-04-18,09:04:26,774,cs1709,XDCE,2013,2012,2020,15764,317822760,791210,790376,2110,1910,2010,2018,0,2017,0,0,0,2017-04-18,32666774,2013,427,0,0,0,0,0,0,0,0,2014,112,0,0,0,0,0,0,0,0
490,2017-04-18,09:04:27,330,cs1709,XDCE,2013,2012,2020,15764,317822760,791210,790376,2110,1910,2010,2018,0,2017,0,0,0,2017-04-18,32667330,2013,427,0,0,0,0,0,0,0,0,2014,113,0,0,0,0,0,0,0,0
491,2017-04-18,09:04:27,822,cs1709,XDCE,2014,2012,2020,15768,317903300,791214,790376,2110,1910,2010,2018,0,2017,0,0,0,2017-04-18,32667822,2013,426,0,0,0,0,0,0,0,0,2014,112,0,0,0,0,0,0,0,0
492,2017-04-18,09:04:28,340,cs1709,XDCE,2014,2012,2020,15768,317903300,791214,790376,2110,1910,2010,2018,0,2017,0,0,0,2017-04-18,32668340,2013,426,0,0,0,0,0,0,0,0,2014,117,0,0,0,0,0,0,0,0
493,2017-04-18,09:04:28,815,cs1709,XDCE,2013,2012,2020,15772,317983820,791214,790376,2110,1910,2010,2018,0,2017,0,0,0,2017-04-18,32668815,2013,424,0,0,0,0,0,0,0,0,2014,119,0,0,0,0,0,0,0,0
494,2017-04-18,09:04:29,226,cs1709,XDCE,2013,2012,2020,15772,317983820,791214,790376,2110,1910,2010,2018,0,2017,0,0,0,2017-04-18,32669226,2013,424,0,0,0,0,0,0,0,0,2014,120,0,0,0,0,0,0,0,0
495,2017-04-18,09:04:29,853,cs1709,XDCE,2013,2012,2020,15772,317983820,791214,790376,2110,1910,2010,2018,0,2017,0,0,0,2017-04-18,32669853,2013,424,0,0,0,0,0,0,0,0,2014,121,0,0,0,0,0,0,0,0
496,2017-04-18,09:04:30,358,cs1709,XDCE,2013,2012,2020,15772,317983820,791214,790376,2110,1910,2010,2018,0,2017,0,0,0,2017-04-18,32670358,2013,429,0,0,0,0,0,0,0,0,2014,121,0,0,0,0,0,0,0,0
497,2017-04-18,09:04:30,808,cs1709,XDCE,2013,2012,2020,15772,317983820,791214,790376,2110,1910,2010,2018,0,2017,0,0,0,2017-04-18,32670808,2013,429,0,0,0,0,0,0,0,0,2014,125,0,0,0,0,0,0,0,0
498,2017-04-18,09:04:31,796,cs1709,XDCE,2013,2012,2020,15772,317983820,791214,790376,2110,1910,2010,2018,0,2017,0,0,0,2017-04-18,32671796,2013,429,0,0,0,0,0,0,0,0,2014,127,0,0,0,0,0,0,0,0
499,2017-04-18,09:04:32,343,cs1709,XDCE,2013,2012,2020,15774,318024080,791214,790376,2110,1910,2010,2018,0,2017,0,0,0,2017-04-18,32672343,2013,428,0,0,0,0,0,0,0,0,2014,132,0,0,0,0,0,0,0,0
500,2017-04-18,09:04:32,818,cs1709,XDCE,2013,2012,2020,15794,318426680,791214,790376,2110,1910,2010,2018,0,2017,0,0,0,2017-04-18,32672818,2013,418,0,0,0,0,0,0,0,0,2014,133,0,0,0,0,0,0,0,0
501,2017-04-18,09:04:33,308,cs1709,XDCE,2014,2012,2020,15796,318466960,791214,790376,2110,1910,2010,2018,0,2017,0,0,0,2017-04-18,32673308,2013,418,0,0,0,0,0,0,0,0,2014,135,0,0,0,0,0,0,0,0
502,2017-04-18,09:04:33,843,cs1709,XDCE,2013,2012,2020,15800,318547480,791218,790376,2110,1910,2010,2018,0,2017,0,0,0,2017-04-18,32673843,2013,416,0,0,0,0,0,0,0,0,2014,135,0,0,0,0,0,0,0,0
503,2017-04-18,09:04:34,356,cs1709,XDCE,2013,2012,2020,15804,318628000,791220,790376,2110,1910,2010,2018,0,2017,0,0,0,2017-04-18,32674356,2013,414,0,0,0,0,0,0,0,0,2014,137,0,0,0,0,0,0,0,0
504,2017-04-18,09:04:34,836,cs1709,XDCE,2013,2012,2020,15808,318708520,791222,790376,2110,1910,2010,2018,0,2017,0,0,0,2017-04-18,32674836,2013,412,0,0,0,0,0,0,0,0,2014,137,0,0,0,0,0,0,0,0
505,2017-04-18,09:04:35,197,cs1709,XDCE,2013,2012,2020,15808,318708520,791222,790376,2110,1910,2010,2018,0,2017,0,0,0,2017-04-18,32675197,2013,412,0,0,0,0,0,0,0,0,2014,139,0,0,0,0,0,0,0,0
506,2017-04-18,09:04:35,868,cs1709,XDCE,2014,2012,2020,15814,318829360,791222,790376,2110,1910,2010,2018,0,2017,0,0,0,2017-04-18,32675868,2013,412,0,0,0,0,0,0,0,0,2014,136,0,0,0,0,0,0,0,0
507,2017-04-18,09:04:36,750,cs1709,XDCE,2013,2012,2020,15816,318869620,791224,790376,2110,1910,2010,2018,0,2017,0,0,0,2017-04-18,32676750,2013,411,0,0,0,0,0,0,0,0,2014,136,0,0,0,0,0,0,0,0
508,2017-04-18,09:04:37,251,cs1709,XDCE,2014,2012,2020,15832,319191740,791236,790376,2110,1910,2010,2018,0,2017,0,0,0,2017-04-18,32677251,2013,405,0,0,0,0,0,0,0,0,2014,134,0,0,0,0,0,0,0,0
509,2017-04-18,09:04:37,856,cs1709,XDCE,2014,2012,2020,15832,319191740,791236,790376,2110,1910,2010,2018,0,2017,0,0,0,2017-04-18,32677856,2013,405,0,0,0,0,0,0,0,0,2014,136,0,0,0,0,0,0,0,0
510,2017-04-18,09:04:38,335,cs1709,XDCE,2014,2012,2020,15832,319191740,791236,790376,2110,1910,2010,2018,0,2017,0,0,0,2017-04-18,32678335,2013,405,0,0,0,0,0,0,0,0,2014,137,0,0,0,0,0,0,0,0
511,2017-04-18,09:04:38,805,cs1709,XDCE,2014,2012,2020,15832,319191740,791236,790376,2110,1910,2010,2018,0,2017,0,0,0,2017-04-18,32678805,2013,405,0,0,0,0,0,0,0,0,2014,138,0,0,0,0,0,0,0,0
512,2017-04-18,09:04:39,839,cs1709,XDCE,2013,2012,2020,15842,319393040,791246,790376,2110,1910,2010,2018,0,2017,0,0,0,2017-04-18,32679839,2013,400,0,0,0,0,0,0,0,0,2014,138,0,0,0,0,0,0,0,0
513,2017-04-18,09:04:40,338,cs1709,XDCE,2013,2012,2020,15842,319393040,791246,790376,2110,1910,2010,2018,0,2017,0,0,0,2017-04-18,32680338,2013,400,0,0,0,0,0,0,0,0,2014,141,0,0,0,0,0,0,0,0
514,2017-04-18,09:04:40,844,cs1709,XDCE,2013,2012,2020,15848,319513820,791246,790376,2110,1910,2010,2018,0,2017,0,0,0,2017-04-18,32680844,2013,397,0,0,0,0,0,0,0,0,2014,140,0,0,0,0,0,0,0,0
515,2017-04-18,09:04:41,849,cs1709,XDCE,2014,2012,2020,15850,319554100,791246,790376,2110,1910,2010,2018,0,2017,0,0,0,2017-04-18,32681849,2013,396,0,0,0,0,0,0,0,0,2014,139,0,0,0,0,0,0,0,0
516,2017-04-18,09:04:42,341,cs1709,XDCE,2013,2012,2020,15870,319956700,791266,790376,2110,1910,2010,2018,0,2017,0,0,0,2017-04-18,32682341,2013,385,0,0,0,0,0,0,0,0,2014,139,0,0,0,0,0,0,0,0
517,2017-04-18,09:04:42,845,cs1709,XDCE,2014,2012,2020,15872,319996980,791268,790376,2110,1910,2010,2018,0,2017,0,0,0,2017-04-18,32682845,2013,385,0,0,0,0,0,0,0,0,2014,138,0,0,0,0,0,0,0,0
518,2017-04-18,09:04:43,340,cs1709,XDCE,2014,2012,2020,15872,319996980,791268,790376,2110,1910,2010,2018,0,2017,0,0,0,2017-04-18,32683340,2013,385,0,0,0,0,0,0,0,0,2014,137,0,0,0,0,0,0,0,0
519,2017-04-18,09:04:43,841,cs1709,XDCE,2013,2012,2020,15880,320158040,791274,790376,2110,1910,2010,2018,0,2017,0,0,0,2017-04-18,32683841,2013,382,0,0,0,0,0,0,0,0,2014,136,0,0,0,0,0,0,0,0
520,2017-04-18,09:04:44,341,cs1709,XDCE,2013,2012,2020,15880,320158040,791274,790376,2110,1910,2010,2018,0,2017,0,0,0,2017-04-18,32684341,2013,382,0,0,0,0,0,0,0,0,2014,141,0,0,0,0,0,0,0,0
521,2017-04-18,09:04:44,842,cs1709,XDCE,2013,2012,2020,15882,320198300,791276,790376,2110,1910,2010,2018,0,2017,0,0,0,2017-04-18,32684842,2013,381,0,0,0,0,0,0,0,0,2014,141,0,0,0,0,0,0,0,0
522,2017-04-18,09:04:45,356,cs1709,XDCE,2013,2012,2020,15886,320278820,791276,790376,2110,1910,2010,2018,0,2017,0,0,0,2017-04-18,32685356,2013,379,0,0,0,0,0,0,0,0,2014,139,0,0,0,0,0,0,0,0
523,2017-04-18,09:04:45,841,cs1709,XDCE,2013,2012,2020,15940,321365840,791276,790376,2110,1910,2010,2018,0,2017,0,0,0,2017-04-18,32685841,2013,352,0,0,0,0,0,0,0,0,2014,139,0,0,0,0,0,0,0,0
524,2017-04-18,09:04:46,341,cs1709,XDCE,2013,2012,2020,15940,321365840,791276,790376,2110,1910,2010,2018,0,2017,0,0,0,2017-04-18,32686341,2013,352,0,0,0,0,0,0,0,0,2014,140,0,0,0,0,0,0,0,0
525,2017-04-18,09:04:46,840,cs1709,XDCE,2014,2012,2020,15944,321446400,791278,790376,2110,1910,2010,2018,0,2017,0,0,0,2017-04-18,32686840,2013,352,0,0,0,0,0,0,0,0,2014,138,0,0,0,0,0,0,0,0
526,2017-04-18,09:04:47,341,cs1709,XDCE,2014,2012,2020,15952,321607520,791286,790376,2110,1910,2010,2018,0,2017,0,0,0,2017-04-18,32687341,2013,352,0,0,0,0,0,0,0,0,2014,134,0,0,0,0,0,0,0,0
527,2017-04-18,09:04:47,850,cs1709,XDCE,2014,2012,2020,15954,321647800,791288,790376,2110,1910,2010,2018,0,2017,0,0,0,2017-04-18,32687850,2013,352,0,0,0,0,0,0,0,0,2014,134,0,0,0,0,0,0,0,0
528,2017-04-18,09:04:48,367,cs1709,XDCE,2014,2012,2020,15954,321647800,791288,790376,2110,1910,2010,2018,0,2017,0,0,0,2017-04-18,32688367,2013,352,0,0,0,0,0,0,0,0,2014,142,0,0,0,0,0,0,0,0
529,2017-04-18,09:04:49,366,cs1709,XDCE,2013,2012,2020,15956,321688060,791288,790376,2110,1910,2010,2018,0,2017,0,0,0,2017-04-18,32689366,2013,352,0,0,0,0,0,0,0,0,2014,143,0,0,0,0,0,0,0,0
530,2017-04-18,09:04:49,841,cs1709,XDCE,2013,2012,2020,15956,321688060,791288,790376,2110,1910,2010,2018,0,2017,0,0,0,2017-04-18,32689841,2013,352,0,0,0,0,0,0,0,0,2014,147,0,0,0,0,0,0,0,0
531,2017-04-18,09:04:50,341,cs1709,XDCE,2013,2012,2020,16056,323701060,791388,790376,2110,1910,2010,2018,0,2017,0,0,0,2017-04-18,32690341,2013,302,0,0,0,0,0,0,0,0,2014,157,0,0,0,0,0,0,0,0
532,2017-04-18,09:04:50,868,cs1709,XDCE,2013,2012,2020,16058,323741320,791388,790376,2110,1910,2010,2018,0,2017,0,0,0,2017-04-18,32690868,2013,301,0,0,0,0,0,0,0,0,2014,158,0,0,0,0,0,0,0,0
