,dataDate,dataTime,dataMillisec,instrumentID,exchangeCD,lastPrice,lowPrice,highPrice,volume,value,openInterest,preOpenInterest,upperLimitPrice,lowerLimitPrice,preSettlementPrice,prevClosePrice,settlementPrice,openPrice,closePrice,preDelta,currDelta,clearingDay,milliSecOffset,bidPrice1,bidVolume1,bidPrice2,bidVolume2,bidPrice3,bidVolume3,bidPrice4,bidVolume4,bidPrice5,bidVolume5,askPrice1,askVolume1,askPrice2,askVolume2,askPrice3,askVolume3,askPrice4,askVolume4,askPrice5,askVolume5
0,2017-04-18,00:00:00,0,IC1704,CCFX,6443.2,0.0,0.0,0,0,16512,16512,0.0,0,6442.2,6443.2,0,0,0.0,0,0,2017-04-18,0,0.0,0,0,0,0,0,0,0,0,0,0.0,0,0,0,0,0,0,0,0,0
1,2017-04-18,00:00:00,0,IC1704,CCFX,6443.2,0.0,0.0,0,0,16512,16512,0.0,0,6442.2,6443.2,0,0,0.0,0,0,2017-04-18,0,0.0,0,0,0,0,0,0,0,0,0,0.0,0,0,0,0,0,0,0,0,0
2,2017-04-18,07:03:53,100,IC1704,CCFX,6443.2,0.0,0.0,0,0,16512,16512,7086.4,5798,6442.2,6443.2,0,0,0.0,0,0,2017-04-18,25433100,0.0,0,0,0,0,0,0,0,0,0,0.0,0,0,0,0,0,0,0,0,0
3,2017-04-18,07:03:53,100,IC1704,CCFX,6443.2,0.0,0.0,0,0,16512,16512,7086.4,5798,6442.2,6443.2,0,0,0.0,0,0,2017-04-18,25433100,0.0,0,0,0,0,0,0,0,0,0,0.0,0,0,0,0,0,0,0,0,0
4,2017-04-18,09:29:00,100,IC1704,CCFX,6455.0,6455.0,6455.0,58,74878000,16454,16512,7086.4,5798,6442.2,6443.2,0,6455,0.0,0,0,2017-04-18,34140100,6453.0,1,0,0,0,0,0,0,0,0,6455.0,1,0,0,0,0,0,0,0,0
5,2017-04-18,09:30:00,100,IC1704,CCFX,6455.0,6455.0,6455.0,59,76169000,16453,16512,7086.4,5798,6442.2,6443.2,0,6455,0.0,0,0,2017-04-18,34200100,6455.0,10,0,0,0,0,0,0,0,0,6457.8,1,0,0,0,0,0,0,0,0
6,2017-04-18,09:30:00,600,IC1704,CCFX,6450.0,6450.0,6455.0,86,111015880,16430,16512,7086.4,5798,6442.2,6443.2,0,6455,0.0,0,0,2017-04-18,34200600,6447.6,3,0,0,0,0,0,0,0,0,6450.0,5,0,0,0,0,0,0,0,0
7,2017-04-18,09:30:01,100,IC1704,CCFX,6450.0,6450.0,6455.0,87,112305880,16429,16512,7086.4,5798,6442.2,6443.2,0,6455,0.0,0,0,2017-04-18,34201100,6447.8,1,0,0,0,0,0,0,0,0,6449.8,1,0,0,0,0,0,0,0,0
8,2017-04-18,09:30:01,600,IC1704,CCFX,6450.0,6450.0,6455.0,90,116175880,16428,16512,7086.4,5798,6442.2,6443.2,0,6455,0.0,0,0,2017-04-18,34201600,6447.6,3,0,0,0,0,0,0,0,0,6449.4,12,0,0,0,0,0,0,0,0
9,2017-04-18,09:30:02,100,IC1704,CCFX,6450.0,6450.0,6455.0,90,116175880,16428,16512,7086.4,5798,6442.2,6443.2,0,6455,0.0,0,0,2017-04-18,34202100,6447.6,3,0,0,0,0,0,0,0,0,6449.2,1,0,0,0,0,0,0,0,0
10,2017-04-18,09:30:02,600,IC1704,CCFX,6449.4,6449.4,6455.0,91,117465760,16428,16512,7086.4,5798,6442.2,6443.2,0,6455,0.0,0,0,2017-04-18,34202600,6447.6,3,0,0,0,0,0,0,0,0,6448.8,12,0,0,0,0,0,0,0,0
11,2017-04-18,09:30:03,100,IC1704,CCFX,6448.8,6448.8,6455.0,99,127784120,16424,16512,7086.4,5798,6442.2,6443.2,0,6455,0.0,0,0,2017-04-18,34203100,6447.8,1,0,0,0,0,0,0,0,0,6448.8,9,0,0,0,0,0,0,0,0
12,2017-04-18,09:30:03,600,IC1704,CCFX,6447.6,6447.6,6455.0,102,131652960,16422,16512,7086.4,5798,6442.2,6443.2,0,6455,0.0,0,0,2017-04-18,34203600,6447.6,2,0,0,0,0,0,0,0,0,6448.4,6,0,0,0,0,0,0,0,0
13,2017-04-18,09:30:04,100,IC1704,CCFX,6448.4,6447.6,6455.0,103,132942640,16422,16512,7086.4,5798,6442.2,6443.2,0,6455,0.0,0,0,2017-04-18,34204100,6448.0,2,0,0,0,0,0,0,0,0,6448.4,7,0,0,0,0,0,0,0,0
14,2017-04-18,09:30:04,600,IC1704,CCFX,6448.0,6447.6,6455.0,107,138101040,16420,16512,7086.4,5798,6442.2,6443.2,0,6455,0.0,0,0,2017-04-18,34204600,6447.6,2,0,0,0,0,0,0,0,0,6448.0,3,0,0,0,0,0,0,0,0
15,2017-04-18,09:30:05,100,IC1704,CCFX,6448.0,6447.6,6455.0,107,138101040,16420,16512,7086.4,5798,6442.2,6443.2,0,6455,0.0,0,0,2017-04-18,34205100,6447.8,1,0,0,0,0,0,0,0,0,6448.0,3,0,0,0,0,0,0,0,0
16,2017-04-18,09:30:05,600,IC1704,CCFX,6448.6,6447.6,6455.0,111,143259560,16420,16512,7086.4,5798,6442.2,6443.2,0,6455,0.0,0,0,2017-04-18,34205600,6447.8,1,0,0,0,0,0,0,0,0,6450.0,5,0,0,0,0,0,0,0,0
17,2017-04-18,09:30:06,100,IC1704,CCFX,6448.6,6447.6,6455.0,111,143259560,16420,16512,7086.4,5798,6442.2,6443.2,0,6455,0.0,0,0,2017-04-18,34206100,6448.2,1,0,0,0,0,0,0,0,0,6450.0,5,0,0,0,0,0,0,0,0
18,2017-04-18,09:30:06,600,IC1704,CCFX,6448.2,6447.6,6455.0,112,144549200,16420,16512,7086.4,5798,6442.2,6443.2,0,6455,0.0,0,0,2017-04-18,34206600,6447.8,2,0,0,0,0,0,0,0,0,6450.0,5,0,0,0,0,0,0,0,0
19,2017-04-18,09:30:07,100,IC1704,CCFX,6450.0,6447.6,6455.0,113,145839200,16419,16512,7086.4,5798,6442.2,6443.2,0,6455,0.0,0,0,2017-04-18,34207100,6448.4,1,0,0,0,0,0,0,0,0,6450.0,4,0,0,0,0,0,0,0,0
20,2017-04-18,09:30:07,600,IC1704,CCFX,6450.0,6447.6,6455.0,114,147129200,16418,16512,7086.4,5798,6442.2,6443.2,0,6455,0.0,0,0,2017-04-18,34207600,6448.4,3,0,0,0,0,0,0,0,0,6450.0,4,0,0,0,0,0,0,0,0
21,2017-04-18,09:30:08,100,IC1704,CCFX,6448.4,6447.6,6455.0,117,150998240,16415,16512,7086.4,5798,6442.2,6443.2,0,6455,0.0,0,0,2017-04-18,34208100,6448.0,1,0,0,0,0,0,0,0,0,6448.4,1,0,0,0,0,0,0,0,0
22,2017-04-18,09:30:08,600,IC1704,CCFX,6448.4,6447.6,6455.0,119,153577600,16414,16512,7086.4,5798,6442.2,6443.2,0,6455,0.0,0,0,2017-04-18,34208600,6448.0,1,0,0,0,0,0,0,0,0,6450.0,4,0,0,0,0,0,0,0,0
23,2017-04-18,09:30:09,100,IC1704,CCFX,6448.4,6447.6,6455.0,119,153577600,16414,16512,7086.4,5798,6442.2,6443.2,0,6455,0.0,0,0,2017-04-18,34209100,6448.4,1,0,0,0,0,0,0,0,0,6450.0,4,0,0,0,0,0,0,0,0
24,2017-04-18,09:30:09,600,IC1704,CCFX,6448.4,6447.6,6455.0,120,154867280,16413,16512,7086.4,5798,6442.2,6443.2,0,6455,0.0,0,0,2017-04-18,34209600,6448.0,1,0,0,0,0,0,0,0,0,6450.0,4,0,0,0,0,0,0,0,0
25,2017-04-18,09:30:10,100,IC1704,CCFX,6448.4,6447.6,6455.0,121,156156960,16412,16512,7086.4,5798,6442.2,6443.2,0,6455,0.0,0,0,2017-04-18,34210100,6448.0,1,0,0,0,0,0,0,0,0,6450.0,4,0,0,0,0,0,0,0,0
26,2017-04-18,09:30:11,100,IC1704,CCFX,6450.0,6447.6,6455.0,122,157446960,16411,16512,7086.4,5798,6442.2,6443.2,0,6455,0.0,0,0,2017-04-18,34211100,6448.0,1,0,0,0,0,0,0,0,0,6450.0,3,0,0,0,0,0,0,0,0
27,2017-04-18,09:30:11,600,IC1704,CCFX,6450.0,6447.6,6455.0,122,157446960,16411,16512,7086.4,5798,6442.2,6443.2,0,6455,0.0,0,0,2017-04-18,34211600,6448.4,1,0,0,0,0,0,0,0,0,6450.0,3,0,0,0,0,0,0,0,0
28,2017-04-18,09:30:12,100,IC1704,CCFX,6450.0,6447.6,6455.0,126,162606640,16407,16512,7086.4,5798,6442.2,6443.2,0,6455,0.0,0,0,2017-04-18,34212100,6450.0,21,0,0,0,0,0,0,0,0,6453.2,2,0,0,0,0,0,0,0,0
29,2017-04-18,09:30:12,600,IC1704,CCFX,6453.2,6447.6,6455.0,127,163897280,16406,16512,7086.4,5798,6442.2,6443.2,0,6455,0.0,0,0,2017-04-18,34212600,6453.2,17,0,0,0,0,0,0,0,0,6453.8,1,0,0,0,0,0,0,0,0
30,2017-04-18,09:30:13,100,IC1704,CCFX,6453.8,6447.6,6455.0,128,165188040,16405,16512,7086.4,5798,6442.2,6443.2,0,6455,0.0,0,0,2017-04-18,34213100,6453.8,2,0,0,0,0,0,0,0,0,6456.0,2,0,0,0,0,0,0,0,0
31,2017-04-18,09:30:13,600,IC1704,CCFX,6456.0,6447.6,6456.0,130,167770440,16403,16512,7086.4,5798,6442.2,6443.2,0,6455,0.0,0,0,2017-04-18,34213600,6456.0,17,0,0,0,0,0,0,0,0,6457.0,1,0,0,0,0,0,0,0,0
32,2017-04-18,09:30:14,100,IC1704,CCFX,6456.8,6447.6,6457.0,135,174226800,16399,16512,7086.4,5798,6442.2,6443.2,0,6455,0.0,0,0,2017-04-18,34214100,6457.0,4,0,0,0,0,0,0,0,0,6458.8,2,0,0,0,0,0,0,0,0
33,2017-04-18,09:30:14,600,IC1704,CCFX,6458.8,6447.6,6458.8,141,181977000,16393,16512,7086.4,5798,6442.2,6443.2,0,6455,0.0,0,0,2017-04-18,34214600,6458.8,1,0,0,0,0,0,0,0,0,6461.4,2,0,0,0,0,0,0,0,0
34,2017-04-18,09:30:15,100,IC1704,CCFX,6458.8,6447.6,6458.8,142,183268760,16392,16512,7086.4,5798,6442.2,6443.2,0,6455,0.0,0,0,2017-04-18,34215100,6459.0,1,0,0,0,0,0,0,0,0,6461.2,1,0,0,0,0,0,0,0,0
35,2017-04-18,09:30:15,600,IC1704,CCFX,6459.0,6447.6,6461.0,146,188436720,16388,16512,7086.4,5798,6442.2,6443.2,0,6455,0.0,0,0,2017-04-18,34215600,6461.2,19,0,0,0,0,0,0,0,0,6461.4,2,0,0,0,0,0,0,0,0
36,2017-04-18,09:30:16,100,IC1704,CCFX,6461.2,6447.6,6461.4,151,194897240,16383,16512,7086.4,5798,6442.2,6443.2,0,6455,0.0,0,0,2017-04-18,34216100,6461.2,15,0,0,0,0,0,0,0,0,6461.4,1,0,0,0,0,0,0,0,0
37,2017-04-18,09:30:16,600,IC1704,CCFX,6461.4,6447.6,6461.4,153,197481760,16381,16512,7086.4,5798,6442.2,6443.2,0,6455,0.0,0,0,2017-04-18,34216600,6461.4,13,0,0,0,0,0,0,0,0,6462.2,5,0,0,0,0,0,0,0,0
38,2017-04-18,09:30:17,100,IC1704,CCFX,6462.0,6447.6,6462.0,154,198774160,16380,16512,7086.4,5798,6442.2,6443.2,0,6455,0.0,0,0,2017-04-18,34217100,6461.4,13,0,0,0,0,0,0,0,0,6462.2,5,0,0,0,0,0,0,0,0
39,2017-04-18,09:30:17,600,IC1704,CCFX,6462.2,6447.6,6462.2,157,202651440,16379,16512,7086.4,5798,6442.2,6443.2,0,6455,0.0,0,0,2017-04-18,34217600,6459.0,1,0,0,0,0,0,0,0,0,6462.2,3,0,0,0,0,0,0,0,0
40,2017-04-18,09:30:18,100,IC1704,CCFX,6462.2,6447.6,6462.2,165,212990200,16374,16512,7086.4,5798,6442.2,6443.2,0,6455,0.0,0,0,2017-04-18,34218100,6462.2,4,0,0,0,0,0,0,0,0,6464.4,5,0,0,0,0,0,0,0,0
41,2017-04-18,09:30:18,600,IC1704,CCFX,6464.4,6447.6,6464.4,171,220746200,16371,16512,7086.4,5798,6442.2,6443.2,0,6455,0.0,0,0,2017-04-18,34218600,6462.4,1,0,0,0,0,0,0,0,0,6464.4,2,0,0,0,0,0,0,0,0
42,2017-04-18,09:30:19,100,IC1704,CCFX,6464.4,6447.6,6464.4,171,220746200,16371,16512,7086.4,5798,6442.2,6443.2,0,6455,0.0,0,0,2017-04-18,34219100,6462.4,1,0,0,0,0,0,0,0,0,6464.2,1,0,0,0,0,0,0,0,0
43,2017-04-18,09:30:19,600,IC1704,CCFX,6464.2,6447.6,6464.4,174,224623960,16369,16512,7086.4,5798,6442.2,6443.2,0,6455,0.0,0,0,2017-04-18,34219600,6459.2,1,0,0,0,0,0,0,0,0,6464.0,2,0,0,0,0,0,0,0,0
44,2017-04-18,09:30:20,100,IC1704,CCFX,6464.2,6447.6,6464.4,174,224623960,16369,16512,7086.4,5798,6442.2,6443.2,0,6455,0.0,0,0,2017-04-18,34220100,6459.4,2,0,0,0,0,0,0,0,0,6463.0,3,0,0,0,0,0,0,0,0
45,2017-04-18,09:30:20,600,IC1704,CCFX,6463.2,6447.6,6464.4,175,225916600,16368,16512,7086.4,5798,6442.2,6443.2,0,6455,0.0,0,0,2017-04-18,34220600,6460.2,1,0,0,0,0,0,0,0,0,6463.0,3,0,0,0,0,0,0,0,0
46,2017-04-18,09:30:21,100,IC1704,CCFX,6463.0,6447.6,6464.4,176,227209200,16367,16512,7086.4,5798,6442.2,6443.2,0,6455,0.0,0,0,2017-04-18,34221100,6460.4,1,0,0,0,0,0,0,0,0,6463.0,2,0,0,0,0,0,0,0,0
47,2017-04-18,09:30:21,600,IC1704,CCFX,6462.4,6447.6,6464.4,179,231086720,16365,16512,7086.4,5798,6442.2,6443.2,0,6455,0.0,0,0,2017-04-18,34221600,6460.6,1,0,0,0,0,0,0,0,0,6463.0,1,0,0,0,0,0,0,0,0
48,2017-04-18,09:30:22,100,IC1704,CCFX,6463.0,6447.6,6464.4,181,233671480,16363,16512,7086.4,5798,6442.2,6443.2,0,6455,0.0,0,0,2017-04-18,34222100,6460.6,1,0,0,0,0,0,0,0,0,6463.0,1,0,0,0,0,0,0,0,0
49,2017-04-18,09:30:22,600,IC1704,CCFX,6463.0,6447.6,6464.4,183,236256680,16361,16512,7086.4,5798,6442.2,6443.2,0,6455,0.0,0,0,2017-04-18,34222600,6463.0,1,0,0,0,0,0,0,0,0,6463.4,1,0,0,0,0,0,0,0,0
50,2017-04-18,09:30:23,100,IC1704,CCFX,6463.0,6447.6,6464.4,184,237549280,16360,16512,7086.4,5798,6442.2,6443.2,0,6455,0.0,0,0,2017-04-18,34223100,6461.4,1,0,0,0,0,0,0,0,0,6462.8,1,0,0,0,0,0,0,0,0
51,2017-04-18,09:30:23,600,IC1704,CCFX,6462.8,6447.6,6464.4,185,238841840,16359,16512,7086.4,5798,6442.2,6443.2,0,6455,0.0,0,0,2017-04-18,34223600,6461.4,1,0,0,0,0,0,0,0,0,6463.0,1,0,0,0,0,0,0,0,0
52,2017-04-18,09:30:24,100,IC1704,CCFX,6462.8,6447.6,6464.4,185,238841840,16359,16512,7086.4,5798,6442.2,6443.2,0,6455,0.0,0,0,2017-04-18,34224100,6461.4,1,0,0,0,0,0,0,0,0,6462.0,1,0,0,0,0,0,0,0,0
53,2017-04-18,09:30:24,600,IC1704,CCFX,6462.0,6447.6,6464.4,187,241426520,16357,16512,7086.4,5798,6442.2,6443.2,0,6455,0.0,0,0,2017-04-18,34224600,6459.6,1,0,0,0,0,0,0,0,0,6461.4,1,0,0,0,0,0,0,0,0
54,2017-04-18,09:30:25,100,IC1704,CCFX,6462.0,6447.6,6464.4,187,241426520,16357,16512,7086.4,5798,6442.2,6443.2,0,6455,0.0,0,0,2017-04-18,34225100,6459.8,1,0,0,0,0,0,0,0,0,6461.4,1,0,0,0,0,0,0,0,0
55,2017-04-18,09:30:25,600,IC1704,CCFX,6461.4,6447.6,6464.4,188,242718800,16356,16512,7086.4,5798,6442.2,6443.2,0,6455,0.0,0,0,2017-04-18,34225600,6459.8,1,0,0,0,0,0,0,0,0,6461.8,1,0,0,0,0,0,0,0,0
56,2017-04-18,09:30:26,100,IC1704,CCFX,6461.4,6447.6,6464.4,188,242718800,16356,16512,7086.4,5798,6442.2,6443.2,0,6455,0.0,0,0,2017-04-18,34226100,6459.8,1,0,0,0,0,0,0,0,0,6461.8,1,0,0,0,0,0,0,0,0
57,2017-04-18,09:30:26,600,IC1704,CCFX,6459.8,6447.6,6464.4,189,244010760,16356,16512,7086.4,5798,6442.2,6443.2,0,6455,0.0,0,0,2017-04-18,34226600,6457.0,3,0,0,0,0,0,0,0,0,6459.8,1,0,0,0,0,0,0,0,0
58,2017-04-18,09:30:27,100,IC1704,CCFX,6459.8,6447.6,6464.4,190,245302720,16355,16512,7086.4,5798,6442.2,6443.2,0,6455,0.0,0,0,2017-04-18,34227100,6457.2,1,0,0,0,0,0,0,0,0,6460.6,2,0,0,0,0,0,0,0,0
59,2017-04-18,09:30:27,600,IC1704,CCFX,6459.8,6447.6,6464.4,190,245302720,16355,16512,7086.4,5798,6442.2,6443.2,0,6455,0.0,0,0,2017-04-18,34227600,6457.6,1,0,0,0,0,0,0,0,0,6460.6,2,0,0,0,0,0,0,0,0
60,2017-04-18,09:30:28,100,IC1704,CCFX,6460.4,6447.6,6464.4,192,247886360,16353,16512,7086.4,5798,6442.2,6443.2,0,6455,0.0,0,0,2017-04-18,34228100,6457.8,2,0,0,0,0,0,0,0,0,6460.2,1,0,0,0,0,0,0,0,0
61,2017-04-18,09:30:28,600,IC1704,CCFX,6460.4,6447.6,6464.4,192,247886360,16353,16512,7086.4,5798,6442.2,6443.2,0,6455,0.0,0,0,2017-04-18,34228600,6460.0,1,0,0,0,0,0,0,0,0,6460.2,1,0,0,0,0,0,0,0,0
62,2017-04-18,09:30:29,100,IC1704,CCFX,6460.0,6447.6,6464.4,193,249178360,16352,16512,7086.4,5798,6442.2,6443.2,0,6455,0.0,0,0,2017-04-18,34229100,6458.2,1,0,0,0,0,0,0,0,0,6460.0,1,0,0,0,0,0,0,0,0
63,2017-04-18,09:30:29,600,IC1704,CCFX,6458.2,6447.6,6464.4,195,251761640,16351,16512,7086.4,5798,6442.2,6443.2,0,6455,0.0,0,0,2017-04-18,34229600,6457.4,1,0,0,0,0,0,0,0,0,6459.8,1,0,0,0,0,0,0,0,0
64,2017-04-18,09:30:30,100,IC1704,CCFX,6458.2,6447.6,6464.4,195,251761640,16351,16512,7086.4,5798,6442.2,6443.2,0,6455,0.0,0,0,2017-04-18,34230100,6457.4,1,0,0,0,0,0,0,0,0,6459.8,1,0,0,0,0,0,0,0,0
65,2017-04-18,09:30:30,600,IC1704,CCFX,6458.2,6447.6,6464.4,195,251761640,16351,16512,7086.4,5798,6442.2,6443.2,0,6455,0.0,0,0,2017-04-18,34230600,6458.2,1,0,0,0,0,0,0,0,0,6459.8,1,0,0,0,0,0,0,0,0
66,2017-04-18,09:30:32,100,IC1704,CCFX,6458.2,6447.6,6464.4,195,251761640,16351,16512,7086.4,5798,6442.2,6443.2,0,6455,0.0,0,0,2017-04-18,34232100,6457.4,1,0,0,0,0,0,0,0,0,6458.0,1,0,0,0,0,0,0,0,0
67,2017-04-18,09:30:32,600,IC1704,CCFX,6458.0,6447.6,6464.4,196,253053240,16350,16512,7086.4,5798,6442.2,6443.2,0,6455,0.0,0,0,2017-04-18,34232600,6458.0,1,0,0,0,0,0,0,0,0,6458.2,1,0,0,0,0,0,0,0,0
68,2017-04-18,09:30:33,100,IC1704,CCFX,6458.4,6447.6,6464.4,198,255636560,16348,16512,7086.4,5798,6442.2,6443.2,0,6455,0.0,0,0,2017-04-18,34233100,6458.0,1,0,0,0,0,0,0,0,0,6458.6,1,0,0,0,0,0,0,0,0
69,2017-04-18,09:30:33,600,IC1704,CCFX,6458.6,6447.6,6464.4,199,256928280,16347,16512,7086.4,5798,6442.2,6443.2,0,6455,0.0,0,0,2017-04-18,34233600,6458.4,1,0,0,0,0,0,0,0,0,6459.8,1,0,0,0,0,0,0,0,0
70,2017-04-18,09:30:34,600,IC1704,CCFX,6458.4,6447.6,6464.4,201,259511920,16346,16512,7086.4,5798,6442.2,6443.2,0,6455,0.0,0,0,2017-04-18,34234600,6458.0,1,0,0,0,0,0,0,0,0,6460.0,1,0,0,0,0,0,0,0,0
71,2017-04-18,09:30:35,100,IC1704,CCFX,6458.4,6447.6,6464.4,201,259511920,16346,16512,7086.4,5798,6442.2,6443.2,0,6455,0.0,0,0,2017-04-18,34235100,6458.2,1,0,0,0,0,0,0,0,0,6459.8,1,0,0,0,0,0,0,0,0
72,2017-04-18,09:30:35,600,IC1704,CCFX,6458.4,6447.6,6464.4,201,259511920,16346,16512,7086.4,5798,6442.2,6443.2,0,6455,0.0,0,0,2017-04-18,34235600,6458.6,1,0,0,0,0,0,0,0,0,6459.8,1,0,0,0,0,0,0,0,0
73,2017-04-18,09:30:36,100,IC1704,CCFX,6458.4,6447.6,6464.4,201,259511920,16346,16512,7086.4,5798,6442.2,6443.2,0,6455,0.0,0,0,2017-04-18,34236100,6458.8,1,0,0,0,0,0,0,0,0,6459.8,1,0,0,0,0,0,0,0,0
74,2017-04-18,09:30:36,600,IC1704,CCFX,6458.8,6447.6,6464.4,202,260803680,16345,16512,7086.4,5798,6442.2,6443.2,0,6455,0.0,0,0,2017-04-18,34236600,6458.6,1,0,0,0,0,0,0,0,0,6459.8,2,0,0,0,0,0,0,0,0
75,2017-04-18,09:30:37,100,IC1704,CCFX,6458.6,6447.6,6464.4,203,262095400,16344,16512,7086.4,5798,6442.2,6443.2,0,6455,0.0,0,0,2017-04-18,34237100,6458.0,1,0,0,0,0,0,0,0,0,6459.8,2,0,0,0,0,0,0,0,0
76,2017-04-18,09:30:37,600,IC1704,CCFX,6458.6,6447.6,6464.4,203,262095400,16344,16512,7086.4,5798,6442.2,6443.2,0,6455,0.0,0,0,2017-04-18,34237600,6457.4,1,0,0,0,0,0,0,0,0,6459.8,2,0,0,0,0,0,0,0,0
77,2017-04-18,09:30:38,100,IC1704,CCFX,6459.6,6447.6,6464.4,204,263387320,16344,16512,7086.4,5798,6442.2,6443.2,0,6455,0.0,0,0,2017-04-18,34238100,6457.4,1,0,0,0,0,0,0,0,0,6459.8,2,0,0,0,0,0,0,0,0
78,2017-04-18,09:30:38,600,IC1704,CCFX,6459.6,6447.6,6464.4,205,264679240,16343,16512,7086.4,5798,6442.2,6443.2,0,6455,0.0,0,0,2017-04-18,34238600,6457.4,1,0,0,0,0,0,0,0,0,6459.8,2,0,0,0,0,0,0,0,0
79,2017-04-18,09:30:39,100,IC1704,CCFX,6459.6,6447.6,6464.4,205,264679240,16343,16512,7086.4,5798,6442.2,6443.2,0,6455,0.0,0,0,2017-04-18,34239100,6458.0,1,0,0,0,0,0,0,0,0,6459.8,2,0,0,0,0,0,0,0,0
80,2017-04-18,09:30:39,600,IC1704,CCFX,6459.6,6447.6,6464.4,205,264679240,16343,16512,7086.4,5798,6442.2,6443.2,0,6455,0.0,0,0,2017-04-18,34239600,6458.0,1,0,0,0,0,0,0,0,0,6459.8,2,0,0,0,0,0,0,0,0
81,2017-04-18,09:30:40,100,IC1704,CCFX,6459.6,6447.6,6464.4,205,264679240,16343,16512,7086.4,5798,6442.2,6443.2,0,6455,0.0,0,0,2017-04-18,34240100,6458.0,1,0,0,0,0,0,0,0,0,6458.2,1,0,0,0,0,0,0,0,0
82,2017-04-18,09:30:40,600,IC1704,CCFX,6458.2,6447.6,6464.4,207,267262520,16341,16512,7086.4,5798,6442.2,6443.2,0,6455,0.0,0,0,2017-04-18,34240600,6458.0,1,0,0,0,0,0,0,0,0,6459.6,2,0,0,0,0,0,0,0,0
83,2017-04-18,09:30:41,600,IC1704,CCFX,6458.2,6447.6,6464.4,207,267262520,16341,16512,7086.4,5798,6442.2,6443.2,0,6455,0.0,0,0,2017-04-18,34241600,6458.0,1,0,0,0,0,0,0,0,0,6459.0,1,0,0,0,0,0,0,0,0
84,2017-04-18,09:30:42,100,IC1704,CCFX,6458.0,6447.6,6464.4,209,269845920,16339,16512,7086.4,5798,6442.2,6443.2,0,6455,0.0,0,0,2017-04-18,34242100,6457.4,1,0,0,0,0,0,0,0,0,6459.6,2,0,0,0,0,0,0,0,0
85,2017-04-18,09:30:42,600,IC1704,CCFX,6458.0,6447.6,6464.4,209,269845920,16339,16512,7086.4,5798,6442.2,6443.2,0,6455,0.0,0,0,2017-04-18,34242600,6457.4,1,0,0,0,0,0,0,0,0,6459.6,2,0,0,0,0,0,0,0,0
86,2017-04-18,09:30:43,600,IC1704,CCFX,6458.0,6447.6,6464.4,209,269845920,16339,16512,7086.4,5798,6442.2,6443.2,0,6455,0.0,0,0,2017-04-18,34243600,6457.8,1,0,0,0,0,0,0,0,0,6459.6,2,0,0,0,0,0,0,0,0
87,2017-04-18,09:30:44,100,IC1704,CCFX,6458.0,6447.6,6464.4,209,269845920,16339,16512,7086.4,5798,6442.2,6443.2,0,6455,0.0,0,0,2017-04-18,34244100,6457.8,1,0,0,0,0,0,0,0,0,6459.0,1,0,0,0,0,0,0,0,0
88,2017-04-18,09:30:44,600,IC1704,CCFX,6458.0,6447.6,6464.4,209,269845920,16339,16512,7086.4,5798,6442.2,6443.2,0,6455,0.0,0,0,2017-04-18,34244600,6457.8,1,0,0,0,0,0,0,0,0,6459.0,1,0,0,0,0,0,0,0,0
89,2017-04-18,09:30:45,100,IC1704,CCFX,6458.0,6447.6,6464.4,209,269845920,16339,16512,7086.4,5798,6442.2,6443.2,0,6455,0.0,0,0,2017-04-18,34245100,6457.8,1,0,0,0,0,0,0,0,0,6459.0,1,0,0,0,0,0,0,0,0
90,2017-04-18,09:30:45,600,IC1704,CCFX,6458.0,6447.6,6464.4,209,269845920,16339,16512,7086.4,5798,6442.2,6443.2,0,6455,0.0,0,0,2017-04-18,34245600,6457.8,1,0,0,0,0,0,0,0,0,6458.8,1,0,0,0,0,0,0,0,0
91,2017-04-18,09:30:47,100,IC1704,CCFX,6458.0,6447.6,6464.4,209,269845920,16339,16512,7086.4,5798,6442.2,6443.2,0,6455,0.0,0,0,2017-04-18,34247100,6457.8,1,0,0,0,0,0,0,0,0,6458.8,1,0,0,0,0,0,0,0,0
92,2017-04-18,09:30:47,600,IC1704,CCFX,6458.0,6447.6,6464.4,209,269845920,16339,16512,7086.4,5798,6442.2,6443.2,0,6455,0.0,0,0,2017-04-18,34247600,6457.8,1,0,0,0,0,0,0,0,0,6458.8,1,0,0,0,0,0,0,0,0
93,2017-04-18,09:30:48,100,IC1704,CCFX,6458.8,6447.6,6464.4,210,271137680,16339,16512,7086.4,5798,6442.2,6443.2,0,6455,0.0,0,0,2017-04-18,34248100,6457.8,1,0,0,0,0,0,0,0,0,6459.0,1,0,0,0,0,0,0,0,0
94,2017-04-18,09:30:48,600,IC1704,CCFX,6458.8,6447.6,6464.4,210,271137680,16339,16512,7086.4,5798,6442.2,6443.2,0,6455,0.0,0,0,2017-04-18,34248600,6457.8,1,0,0,0,0,0,0,0,0,6458.8,1,0,0,0,0,0,0,0,0
95,2017-04-18,09:30:49,100,IC1704,CCFX,6458.8,6447.6,6464.4,210,271137680,16339,16512,7086.4,5798,6442.2,6443.2,0,6455,0.0,0,0,2017-04-18,34249100,6458.0,1,0,0,0,0,0,0,0,0,6458.8,1,0,0,0,0,0,0,0,0
96,2017-04-18,09:30:49,600,IC1704,CCFX,6458.8,6447.6,6464.4,210,271137680,16339,16512,7086.4,5798,6442.2,6443.2,0,6455,0.0,0,0,2017-04-18,34249600,6458.0,1,0,0,0,0,0,0,0,0,6458.8,1,0,0,0,0,0,0,0,0
97,2017-04-18,09:30:50,100,IC1704,CCFX,6458.8,6447.6,6464.4,210,271137680,16339,16512,7086.4,5798,6442.2,6443.2,0,6455,0.0,0,0,2017-04-18,34250100,6458.0,2,0,0,0,0,0,0,0,0,6458.8,1,0,0,0,0,0,0,0,0
98,2017-04-18,09:30:50,600,IC1704,CCFX,6458.8,6447.6,6464.4,210,271137680,16339,16512,7086.4,5798,6442.2,6443.2,0,6455,0.0,0,0,2017-04-18,34250600,6458.0,2,0,0,0,0,0,0,0,0,6458.6,1,0,0,0,0,0,0,0,0
99,2017-04-18,09:30:51,100,IC1704,CCFX,6458.8,6447.6,6464.4,210,271137680,16339,16512,7086.4,5798,6442.2,6443.2,0,6455,0.0,0,0,2017-04-18,34251100,6458.0,3,0,0,0,0,0,0,0,0,6458.6,1,0,0,0,0,0,0,0,0
100,2017-04-18,09:30:51,600,IC1704,CCFX,6458.8,6447.6,6464.4,210,271137680,16339,16512,7086.4,5798,6442.2,6443.2,0,6455,0.0,0,0,2017-04-18,34251600,6458.2,1,0,0,0,0,0,0,0,0,6458.6,1,0,0,0,0,0,0,0,0
101,2017-04-18,09:30:52,100,IC1704,CCFX,6458.8,6447.6,6464.4,210,271137680,16339,16512,7086.4,5798,6442.2,6443.2,0,6455,0.0,0,0,2017-04-18,34252100,6458.2,1,0,0,0,0,0,0,0,0,6458.6,1,0,0,0,0,0,0,0,0
102,2017-04-18,09:30:53,100,IC1704,CCFX,6458.2,6447.6,6464.4,211,272429320,16338,16512,7086.4,5798,6442.2,6443.2,0,6455,0.0,0,0,2017-04-18,34253100,6458.0,3,0,0,0,0,0,0,0,0,6458.6,1,0,0,0,0,0,0,0,0
103,2017-04-18,09:30:54,100,IC1704,CCFX,6458.6,6447.6,6464.4,213,275012760,16337,16512,7086.4,5798,6442.2,6443.2,0,6455,0.0,0,0,2017-04-18,34254100,6458.0,3,0,0,0,0,0,0,0,0,6458.2,2,0,0,0,0,0,0,0,0
104,2017-04-18,09:30:54,600,IC1704,CCFX,6458.0,6447.6,6464.4,215,277595960,16337,16512,7086.4,5798,6442.2,6443.2,0,6455,0.0,0,0,2017-04-18,34254600,6458.0,1,0,0,0,0,0,0,0,0,6458.2,2,0,0,0,0,0,0,0,0
105,2017-04-18,09:30:55,100,IC1704,CCFX,6458.0,6447.6,6464.4,216,278887560,16336,16512,7086.4,5798,6442.2,6443.2,0,6455,0.0,0,0,2017-04-18,34255100,6457.8,1,0,0,0,0,0,0,0,0,6458.2,2,0,0,0,0,0,0,0,0
106,2017-04-18,09:30:55,600,IC1704,CCFX,6457.8,6447.6,6464.4,217,280179120,16335,16512,7086.4,5798,6442.2,6443.2,0,6455,0.0,0,0,2017-04-18,34255600,6457.0,3,0,0,0,0,0,0,0,0,6458.2,2,0,0,0,0,0,0,0,0
107,2017-04-18,09:30:56,100,IC1704,CCFX,6457.8,6447.6,6464.4,217,280179120,16335,16512,7086.4,5798,6442.2,6443.2,0,6455,0.0,0,0,2017-04-18,34256100,6457.0,3,0,0,0,0,0,0,0,0,6458.0,1,0,0,0,0,0,0,0,0
108,2017-04-18,09:30:56,600,IC1704,CCFX,6457.0,6447.6,6464.4,218,281470520,16334,16512,7086.4,5798,6442.2,6443.2,0,6455,0.0,0,0,2017-04-18,34256600,6457.0,2,0,0,0,0,0,0,0,0,6457.8,1,0,0,0,0,0,0,0,0
109,2017-04-18,09:30:57,100,IC1704,CCFX,6457.8,6447.6,6464.4,220,284053480,16332,16512,7086.4,5798,6442.2,6443.2,0,6455,0.0,0,0,2017-04-18,34257100,6457.0,1,0,0,0,0,0,0,0,0,6457.6,1,0,0,0,0,0,0,0,0
110,2017-04-18,09:30:57,600,IC1704,CCFX,6457.0,6447.6,6464.4,221,285344880,16331,16512,7086.4,5798,6442.2,6443.2,0,6455,0.0,0,0,2017-04-18,34257600,6455.6,4,0,0,0,0,0,0,0,0,6457.6,1,0,0,0,0,0,0,0,0
111,2017-04-18,09:30:58,100,IC1704,CCFX,6455.6,6447.6,6464.4,222,286636000,16330,16512,7086.4,5798,6442.2,6443.2,0,6455,0.0,0,0,2017-04-18,34258100,6455.6,3,0,0,0,0,0,0,0,0,6457.6,1,0,0,0,0,0,0,0,0
112,2017-04-18,09:30:58,600,IC1704,CCFX,6455.6,6447.6,6464.4,222,286636000,16330,16512,7086.4,5798,6442.2,6443.2,0,6455,0.0,0,0,2017-04-18,34258600,6455.6,3,0,0,0,0,0,0,0,0,6457.4,1,0,0,0,0,0,0,0,0
113,2017-04-18,09:30:59,100,IC1704,CCFX,6455.6,6447.6,6464.4,222,286636000,16330,16512,7086.4,5798,6442.2,6443.2,0,6455,0.0,0,0,2017-04-18,34259100,6455.6,3,0,0,0,0,0,0,0,0,6457.4,1,0,0,0,0,0,0,0,0
114,2017-04-18,09:30:59,600,IC1704,CCFX,6457.4,6447.6,6464.4,223,287927480,16329,16512,7086.4,5798,6442.2,6443.2,0,6455,0.0,0,0,2017-04-18,34259600,6455.6,3,0,0,0,0,0,0,0,0,6457.2,2,0,0,0,0,0,0,0,0
115,2017-04-18,09:31:00,100,IC1704,CCFX,6455.8,6447.6,6464.4,224,289218640,16328,16512,7086.4,5798,6442.2,6443.2,0,6455,0.0,0,0,2017-04-18,34260100,6455.6,3,0,0,0,0,0,0,0,0,6457.2,2,0,0,0,0,0,0,0,0
116,2017-04-18,09:31:00,600,IC1704,CCFX,6457.0,6447.6,6464.4,225,290510040,16327,16512,7086.4,5798,6442.2,6443.2,0,6455,0.0,0,0,2017-04-18,34260600,6455.6,3,0,0,0,0,0,0,0,0,6457.2,2,0,0,0,0,0,0,0,0
117,2017-04-18,09:31:01,100,IC1704,CCFX,6457.2,6447.6,6464.4,228,294384360,16325,16512,7086.4,5798,6442.2,6443.2,0,6455,0.0,0,0,2017-04-18,34261100,6455.6,3,0,0,0,0,0,0,0,0,6457.8,1,0,0,0,0,0,0,0,0
118,2017-04-18,09:31:01,600,IC1704,CCFX,6457.2,6447.6,6464.4,228,294384360,16325,16512,7086.4,5798,6442.2,6443.2,0,6455,0.0,0,0,2017-04-18,34261600,6455.6,3,0,0,0,0,0,0,0,0,6457.6,1,0,0,0,0,0,0,0,0
119,2017-04-18,09:31:02,100,IC1704,CCFX,6457.4,6447.6,6464.4,229,295675840,16325,16512,7086.4,5798,6442.2,6443.2,0,6455,0.0,0,0,2017-04-18,34262100,6455.6,3,0,0,0,0,0,0,0,0,6457.6,1,0,0,0,0,0,0,0,0
120,2017-04-18,09:31:02,600,IC1704,CCFX,6457.6,6447.6,6464.4,230,296967360,16324,16512,7086.4,5798,6442.2,6443.2,0,6455,0.0,0,0,2017-04-18,34262600,6455.8,1,0,0,0,0,0,0,0,0,6457.8,1,0,0,0,0,0,0,0,0
121,2017-04-18,09:31:03,100,IC1704,CCFX,6457.6,6447.6,6464.4,230,296967360,16324,16512,7086.4,5798,6442.2,6443.2,0,6455,0.0,0,0,2017-04-18,34263100,6456.0,2,0,0,0,0,0,0,0,0,6458.0,2,0,0,0,0,0,0,0,0
122,2017-04-18,09:31:03,600,IC1704,CCFX,6456.0,6447.6,6464.4,232,299549760,16322,16512,7086.4,5798,6442.2,6443.2,0,6455,0.0,0,0,2017-04-18,34263600,6455.8,1,0,0,0,0,0,0,0,0,6458.0,2,0,0,0,0,0,0,0,0
123,2017-04-18,09:31:04,600,IC1704,CCFX,6456.0,6447.6,6464.4,232,299549760,16322,16512,7086.4,5798,6442.2,6443.2,0,6455,0.0,0,0,2017-04-18,34264600,6455.8,1,0,0,0,0,0,0,0,0,6457.6,1,0,0,0,0,0,0,0,0
124,2017-04-18,09:31:05,100,IC1704,CCFX,6455.8,6447.6,6464.4,234,302132080,16320,16512,7086.4,5798,6442.2,6443.2,0,6455,0.0,0,0,2017-04-18,34265100,6455.6,3,0,0,0,0,0,0,0,0,6457.6,1,0,0,0,0,0,0,0,0
125,2017-04-18,09:31:05,600,IC1704,CCFX,6455.8,6447.6,6464.4,234,302132080,16320,16512,7086.4,5798,6442.2,6443.2,0,6455,0.0,0,0,2017-04-18,34265600,6455.6,3,0,0,0,0,0,0,0,0,6457.6,2,0,0,0,0,0,0,0,0
126,2017-04-18,09:31:07,600,IC1704,CCFX,6455.8,6447.6,6464.4,234,302132080,16320,16512,7086.4,5798,6442.2,6443.2,0,6455,0.0,0,0,2017-04-18,34267600,6455.6,4,0,0,0,0,0,0,0,0,6457.6,2,0,0,0,0,0,0,0,0
127,2017-04-18,09:31:08,100,IC1704,CCFX,6455.8,6447.6,6464.4,235,303423240,16319,16512,7086.4,5798,6442.2,6443.2,0,6455,0.0,0,0,2017-04-18,34268100,6457.0,1,0,0,0,0,0,0,0,0,6457.6,1,0,0,0,0,0,0,0,0
128,2017-04-18,09:31:08,600,IC1704,CCFX,6457.0,6447.6,6464.4,236,304714640,16318,16512,7086.4,5798,6442.2,6443.2,0,6455,0.0,0,0,2017-04-18,34268600,6456.0,2,0,0,0,0,0,0,0,0,6457.6,3,0,0,0,0,0,0,0,0
129,2017-04-18,09:31:09,100,IC1704,CCFX,6457.0,6447.6,6464.4,236,304714640,16318,16512,7086.4,5798,6442.2,6443.2,0,6455,0.0,0,0,2017-04-18,34269100,6456.0,2,0,0,0,0,0,0,0,0,6457.6,5,0,0,0,0,0,0,0,0
130,2017-04-18,09:31:09,600,IC1704,CCFX,6457.0,6447.6,6464.4,236,304714640,16318,16512,7086.4,5798,6442.2,6443.2,0,6455,0.0,0,0,2017-04-18,34269600,6456.0,2,0,0,0,0,0,0,0,0,6457.4,1,0,0,0,0,0,0,0,0
131,2017-04-18,09:31:10,100,IC1704,CCFX,6457.4,6447.6,6464.4,238,307297520,16317,16512,7086.4,5798,6442.2,6443.2,0,6455,0.0,0,0,2017-04-18,34270100,6456.0,2,0,0,0,0,0,0,0,0,6457.6,5,0,0,0,0,0,0,0,0
132,2017-04-18,09:31:10,600,IC1704,CCFX,6457.4,6447.6,6464.4,238,307297520,16317,16512,7086.4,5798,6442.2,6443.2,0,6455,0.0,0,0,2017-04-18,34270600,6457.2,2,0,0,0,0,0,0,0,0,6457.4,4,0,0,0,0,0,0,0,0
133,2017-04-18,09:31:11,100,IC1704,CCFX,6457.2,6447.6,6464.4,240,309880440,16315,16512,7086.4,5798,6442.2,6443.2,0,6455,0.0,0,0,2017-04-18,34271100,6457.2,1,0,0,0,0,0,0,0,0,6457.4,3,0,0,0,0,0,0,0,0
134,2017-04-18,09:31:11,600,IC1704,CCFX,6457.4,6447.6,6464.4,242,312463400,16313,16512,7086.4,5798,6442.2,6443.2,0,6455,0.0,0,0,2017-04-18,34271600,6457.2,1,0,0,0,0,0,0,0,0,6457.4,1,0,0,0,0,0,0,0,0
135,2017-04-18,09:31:12,100,IC1704,CCFX,6457.4,6447.6,6464.4,243,313754880,16312,16512,7086.4,5798,6442.2,6443.2,0,6455,0.0,0,0,2017-04-18,34272100,6457.2,1,0,0,0,0,0,0,0,0,6458.0,2,0,0,0,0,0,0,0,0
136,2017-04-18,09:31:12,600,IC1704,CCFX,6457.4,6447.6,6464.4,243,313754880,16312,16512,7086.4,5798,6442.2,6443.2,0,6455,0.0,0,0,2017-04-18,34272600,6457.8,1,0,0,0,0,0,0,0,0,6458.0,2,0,0,0,0,0,0,0,0
137,2017-04-18,09:31:13,100,IC1704,CCFX,6458.0,6447.6,6464.4,245,316338080,16310,16512,7086.4,5798,6442.2,6443.2,0,6455,0.0,0,0,2017-04-18,34273100,6457.8,1,0,0,0,0,0,0,0,0,6458.2,2,0,0,0,0,0,0,0,0
138,2017-04-18,09:31:13,600,IC1704,CCFX,6458.2,6447.6,6464.4,247,318921360,16308,16512,7086.4,5798,6442.2,6443.2,0,6455,0.0,0,0,2017-04-18,34273600,6458.2,1,0,0,0,0,0,0,0,0,6459.0,2,0,0,0,0,0,0,0,0
139,2017-04-18,09:31:14,100,IC1704,CCFX,6459.0,6447.6,6464.4,249,321504960,16306,16512,7086.4,5798,6442.2,6443.2,0,6455,0.0,0,0,2017-04-18,34274100,6459.0,1,0,0,0,0,0,0,0,0,6459.4,1,0,0,0,0,0,0,0,0
140,2017-04-18,09:31:14,600,IC1704,CCFX,6459.2,6447.6,6464.4,251,324088680,16304,16512,7086.4,5798,6442.2,6443.2,0,6455,0.0,0,0,2017-04-18,34274600,6459.0,1,0,0,0,0,0,0,0,0,6459.6,1,0,0,0,0,0,0,0,0
141,2017-04-18,09:31:15,100,IC1704,CCFX,6459.6,6447.6,6464.4,252,325380600,16303,16512,7086.4,5798,6442.2,6443.2,0,6455,0.0,0,0,2017-04-18,34275100,6459.2,2,0,0,0,0,0,0,0,0,6459.8,1,0,0,0,0,0,0,0,0
142,2017-04-18,09:31:15,600,IC1704,CCFX,6459.8,6447.6,6464.4,253,326672560,16302,16512,7086.4,5798,6442.2,6443.2,0,6455,0.0,0,0,2017-04-18,34275600,6459.4,1,0,0,0,0,0,0,0,0,6461.6,1,0,0,0,0,0,0,0,0
143,2017-04-18,09:31:16,100,IC1704,CCFX,6459.8,6447.6,6464.4,253,326672560,16302,16512,7086.4,5798,6442.2,6443.2,0,6455,0.0,0,0,2017-04-18,34276100,6461.0,1,0,0,0,0,0,0,0,0,6461.6,2,0,0,0,0,0,0,0,0
144,2017-04-18,09:31:16,600,IC1704,CCFX,6460.6,6447.6,6464.4,254,327964680,16301,16512,7086.4,5798,6442.2,6443.2,0,6455,0.0,0,0,2017-04-18,34276600,6459.8,1,0,0,0,0,0,0,0,0,6461.4,1,0,0,0,0,0,0,0,0
145,2017-04-18,09:31:17,100,IC1704,CCFX,6460.6,6447.6,6464.4,254,327964680,16301,16512,7086.4,5798,6442.2,6443.2,0,6455,0.0,0,0,2017-04-18,34277100,6461.0,1,0,0,0,0,0,0,0,0,6461.4,2,0,0,0,0,0,0,0,0
146,2017-04-18,09:31:17,600,IC1704,CCFX,6459.8,6447.6,6464.4,256,330548840,16299,16512,7086.4,5798,6442.2,6443.2,0,6455,0.0,0,0,2017-04-18,34277600,6459.0,1,0,0,0,0,0,0,0,0,6460.8,1,0,0,0,0,0,0,0,0
147,2017-04-18,09:31:18,100,IC1704,CCFX,6459.8,6447.6,6464.4,256,330548840,16299,16512,7086.4,5798,6442.2,6443.2,0,6455,0.0,0,0,2017-04-18,34278100,6459.0,1,0,0,0,0,0,0,0,0,6459.4,2,0,0,0,0,0,0,0,0
148,2017-04-18,09:31:18,600,IC1704,CCFX,6459.0,6447.6,6464.4,257,331840640,16298,16512,7086.4,5798,6442.2,6443.2,0,6455,0.0,0,0,2017-04-18,34278600,6458.0,1,0,0,0,0,0,0,0,0,6459.4,4,0,0,0,0,0,0,0,0
149,2017-04-18,09:31:19,100,IC1704,CCFX,6458.0,6447.6,6464.4,258,333132240,16297,16512,7086.4,5798,6442.2,6443.2,0,6455,0.0,0,0,2017-04-18,34279100,6457.4,1,0,0,0,0,0,0,0,0,6459.4,5,0,0,0,0,0,0,0,0
150,2017-04-18,09:31:19,600,IC1704,CCFX,6457.4,6447.6,6464.4,259,334423720,16296,16512,7086.4,5798,6442.2,6443.2,0,6455,0.0,0,0,2017-04-18,34279600,6455.6,3,0,0,0,0,0,0,0,0,6459.4,5,0,0,0,0,0,0,0,0
151,2017-04-18,09:31:20,100,IC1704,CCFX,6459.0,6447.6,6464.4,260,335715520,16295,16512,7086.4,5798,6442.2,6443.2,0,6455,0.0,0,0,2017-04-18,34280100,6455.8,1,0,0,0,0,0,0,0,0,6459.2,2,0,0,0,0,0,0,0,0
152,2017-04-18,09:31:20,600,IC1704,CCFX,6459.0,6447.6,6464.4,260,335715520,16295,16512,7086.4,5798,6442.2,6443.2,0,6455,0.0,0,0,2017-04-18,34280600,6458.2,1,0,0,0,0,0,0,0,0,6459.2,6,0,0,0,0,0,0,0,0
153,2017-04-18,09:31:21,100,IC1704,CCFX,6458.2,6447.6,6464.4,261,337007160,16294,16512,7086.4,5798,6442.2,6443.2,0,6455,0.0,0,0,2017-04-18,34281100,6456.2,1,0,0,0,0,0,0,0,0,6459.0,1,0,0,0,0,0,0,0,0
154,2017-04-18,09:31:21,600,IC1704,CCFX,6458.2,6447.6,6464.4,261,337007160,16294,16512,7086.4,5798,6442.2,6443.2,0,6455,0.0,0,0,2017-04-18,34281600,6457.0,1,0,0,0,0,0,0,0,0,6458.8,1,0,0,0,0,0,0,0,0
155,2017-04-18,09:31:22,100,IC1704,CCFX,6458.2,6447.6,6464.4,261,337007160,16294,16512,7086.4,5798,6442.2,6443.2,0,6455,0.0,0,0,2017-04-18,34282100,6457.0,1,0,0,0,0,0,0,0,0,6458.8,4,0,0,0,0,0,0,0,0
156,2017-04-18,09:31:22,600,IC1704,CCFX,6458.2,6447.6,6464.4,261,337007160,16294,16512,7086.4,5798,6442.2,6443.2,0,6455,0.0,0,0,2017-04-18,34282600,6457.0,1,0,0,0,0,0,0,0,0,6458.8,4,0,0,0,0,0,0,0,0
157,2017-04-18,09:31:23,100,IC1704,CCFX,6459.0,6447.6,6464.4,266,343466000,16297,16512,7086.4,5798,6442.2,6443.2,0,6455,0.0,0,0,2017-04-18,34283100,6459.2,5,0,0,0,0,0,0,0,0,6459.4,2,0,0,0,0,0,0,0,0
158,2017-04-18,09:31:23,600,IC1704,CCFX,6459.4,6447.6,6464.4,268,346049760,16295,16512,7086.4,5798,6442.2,6443.2,0,6455,0.0,0,0,2017-04-18,34283600,6459.4,1,0,0,0,0,0,0,0,0,6461.6,1,0,0,0,0,0,0,0,0
159,2017-04-18,09:31:24,100,IC1704,CCFX,6459.4,6447.6,6464.4,268,346049760,16295,16512,7086.4,5798,6442.2,6443.2,0,6455,0.0,0,0,2017-04-18,34284100,6459.6,1,0,0,0,0,0,0,0,0,6461.6,1,0,0,0,0,0,0,0,0
160,2017-04-18,09:31:24,600,IC1704,CCFX,6459.4,6447.6,6464.4,268,346049760,16295,16512,7086.4,5798,6442.2,6443.2,0,6455,0.0,0,0,2017-04-18,34284600,6459.6,1,0,0,0,0,0,0,0,0,6460.0,1,0,0,0,0,0,0,0,0
161,2017-04-18,09:31:25,100,IC1704,CCFX,6459.2,6447.6,6464.4,270,348633600,16294,16512,7086.4,5798,6442.2,6443.2,0,6455,0.0,0,0,2017-04-18,34285100,6459.2,4,0,0,0,0,0,0,0,0,6461.6,1,0,0,0,0,0,0,0,0
162,2017-04-18,09:31:25,600,IC1704,CCFX,6459.2,6447.6,6464.4,270,348633600,16294,16512,7086.4,5798,6442.2,6443.2,0,6455,0.0,0,0,2017-04-18,34285600,6459.2,4,0,0,0,0,0,0,0,0,6461.6,1,0,0,0,0,0,0,0,0
163,2017-04-18,09:31:26,100,IC1704,CCFX,6461.6,6447.6,6464.4,271,349925920,16293,16512,7086.4,5798,6442.2,6443.2,0,6455,0.0,0,0,2017-04-18,34286100,6459.2,4,0,0,0,0,0,0,0,0,6461.2,1,0,0,0,0,0,0,0,0
164,2017-04-18,09:31:26,600,IC1704,CCFX,6461.6,6447.6,6464.4,271,349925920,16293,16512,7086.4,5798,6442.2,6443.2,0,6455,0.0,0,0,2017-04-18,34286600,6460.0,2,0,0,0,0,0,0,0,0,6461.2,1,0,0,0,0,0,0,0,0
165,2017-04-18,09:31:27,100,IC1704,CCFX,6460.0,6447.6,6464.4,272,351217920,16292,16512,7086.4,5798,6442.2,6443.2,0,6455,0.0,0,0,2017-04-18,34287100,6460.0,1,0,0,0,0,0,0,0,0,6461.2,1,0,0,0,0,0,0,0,0
166,2017-04-18,09:31:27,600,IC1704,CCFX,6460.0,6447.6,6464.4,273,352509920,16291,16512,7086.4,5798,6442.2,6443.2,0,6455,0.0,0,0,2017-04-18,34287600,6459.2,4,0,0,0,0,0,0,0,0,6461.2,1,0,0,0,0,0,0,0,0
167,2017-04-18,09:31:29,600,IC1704,CCFX,6460.0,6447.6,6464.4,273,352509920,16291,16512,7086.4,5798,6442.2,6443.2,0,6455,0.0,0,0,2017-04-18,34289600,6459.4,1,0,0,0,0,0,0,0,0,6461.2,1,0,0,0,0,0,0,0,0
168,2017-04-18,09:31:30,100,IC1704,CCFX,6460.0,6447.6,6464.4,273,352509920,16291,16512,7086.4,5798,6442.2,6443.2,0,6455,0.0,0,0,2017-04-18,34290100,6459.6,1,0,0,0,0,0,0,0,0,6461.2,1,0,0,0,0,0,0,0,0
169,2017-04-18,09:31:30,600,IC1704,CCFX,6460.0,6447.6,6464.4,273,352509920,16291,16512,7086.4,5798,6442.2,6443.2,0,6455,0.0,0,0,2017-04-18,34290600,6460.8,2,0,0,0,0,0,0,0,0,6461.2,1,0,0,0,0,0,0,0,0
170,2017-04-18,09:31:31,100,IC1704,CCFX,6460.0,6447.6,6464.4,274,353801920,16291,16512,7086.4,5798,6442.2,6443.2,0,6455,0.0,0,0,2017-04-18,34291100,6460.8,1,0,0,0,0,0,0,0,0,6461.2,1,0,0,0,0,0,0,0,0
171,2017-04-18,09:31:31,600,IC1704,CCFX,6459.8,6447.6,6464.4,276,356386040,16289,16512,7086.4,5798,6442.2,6443.2,0,6455,0.0,0,0,2017-04-18,34291600,6459.6,1,0,0,0,0,0,0,0,0,6461.2,1,0,0,0,0,0,0,0,0
172,2017-04-18,09:31:32,100,IC1704,CCFX,6459.8,6447.6,6464.4,276,356386040,16289,16512,7086.4,5798,6442.2,6443.2,0,6455,0.0,0,0,2017-04-18,34292100,6459.6,1,0,0,0,0,0,0,0,0,6461.2,1,0,0,0,0,0,0,0,0
173,2017-04-18,09:31:32,600,IC1704,CCFX,6459.8,6447.6,6464.4,276,356386040,16289,16512,7086.4,5798,6442.2,6443.2,0,6455,0.0,0,0,2017-04-18,34292600,6459.6,1,0,0,0,0,0,0,0,0,6461.0,1,0,0,0,0,0,0,0,0
174,2017-04-18,09:31:33,100,IC1704,CCFX,6459.8,6447.6,6464.4,276,356386040,16289,16512,7086.4,5798,6442.2,6443.2,0,6455,0.0,0,0,2017-04-18,34293100,6459.4,1,0,0,0,0,0,0,0,0,6461.0,1,0,0,0,0,0,0,0,0
175,2017-04-18,09:31:33,600,IC1704,CCFX,6459.8,6447.6,6464.4,276,356386040,16289,16512,7086.4,5798,6442.2,6443.2,0,6455,0.0,0,0,2017-04-18,34293600,6459.4,1,0,0,0,0,0,0,0,0,6460.8,1,0,0,0,0,0,0,0,0
176,2017-04-18,09:31:34,100,IC1704,CCFX,6459.8,6447.6,6464.4,276,356386040,16289,16512,7086.4,5798,6442.2,6443.2,0,6455,0.0,0,0,2017-04-18,34294100,6459.4,1,0,0,0,0,0,0,0,0,6460.0,1,0,0,0,0,0,0,0,0
177,2017-04-18,09:31:35,100,IC1704,CCFX,6459.8,6447.6,6464.4,276,356386040,16289,16512,7086.4,5798,6442.2,6443.2,0,6455,0.0,0,0,2017-04-18,34295100,6459.6,1,0,0,0,0,0,0,0,0,6460.0,1,0,0,0,0,0,0,0,0
178,2017-04-18,09:31:35,600,IC1704,CCFX,6461.0,6447.6,6464.4,279,360262400,16286,16512,7086.4,5798,6442.2,6443.2,0,6455,0.0,0,0,2017-04-18,34295600,6461.0,2,0,0,0,0,0,0,0,0,6461.2,1,0,0,0,0,0,0,0,0
179,2017-04-18,09:31:36,100,IC1704,CCFX,6461.2,6447.6,6464.4,281,362846840,16284,16512,7086.4,5798,6442.2,6443.2,0,6455,0.0,0,0,2017-04-18,34296100,6461.2,1,0,0,0,0,0,0,0,0,6462.0,1,0,0,0,0,0,0,0,0
180,2017-04-18,09:31:37,100,IC1704,CCFX,6461.2,6447.6,6464.4,281,362846840,16284,16512,7086.4,5798,6442.2,6443.2,0,6455,0.0,0,0,2017-04-18,34297100,6461.2,1,0,0,0,0,0,0,0,0,6462.0,1,0,0,0,0,0,0,0,0
181,2017-04-18,09:31:37,600,IC1704,CCFX,6461.2,6447.6,6464.4,281,362846840,16284,16512,7086.4,5798,6442.2,6443.2,0,6455,0.0,0,0,2017-04-18,34297600,6461.2,1,0,0,0,0,0,0,0,0,6462.0,1,0,0,0,0,0,0,0,0
182,2017-04-18,09:31:38,100,IC1704,CCFX,6461.2,6447.6,6464.4,282,364139080,16283,16512,7086.4,5798,6442.2,6443.2,0,6455,0.0,0,0,2017-04-18,34298100,6461.0,1,0,0,0,0,0,0,0,0,6461.6,1,0,0,0,0,0,0,0,0
183,2017-04-18,09:31:39,600,IC1704,CCFX,6461.2,6447.6,6464.4,282,364139080,16283,16512,7086.4,5798,6442.2,6443.2,0,6455,0.0,0,0,2017-04-18,34299600,6461.0,1,0,0,0,0,0,0,0,0,6461.6,1,0,0,0,0,0,0,0,0
184,2017-04-18,09:31:40,600,IC1704,CCFX,6461.2,6447.6,6464.4,282,364139080,16283,16512,7086.4,5798,6442.2,6443.2,0,6455,0.0,0,0,2017-04-18,34300600,6461.0,1,0,0,0,0,0,0,0,0,6461.6,1,0,0,0,0,0,0,0,0
185,2017-04-18,09:31:41,600,IC1704,CCFX,6461.0,6447.6,6464.4,283,365431280,16282,16512,7086.4,5798,6442.2,6443.2,0,6455,0.0,0,0,2017-04-18,34301600,6460.2,1,0,0,0,0,0,0,0,0,6461.6,1,0,0,0,0,0,0,0,0
186,2017-04-18,09:31:42,100,IC1704,CCFX,6461.0,6447.6,6464.4,283,365431280,16282,16512,7086.4,5798,6442.2,6443.2,0,6455,0.0,0,0,2017-04-18,34302100,6460.2,1,0,0,0,0,0,0,0,0,6461.0,1,0,0,0,0,0,0,0,0
187,2017-04-18,09:31:42,600,IC1704,CCFX,6461.0,6447.6,6464.4,283,365431280,16282,16512,7086.4,5798,6442.2,6443.2,0,6455,0.0,0,0,2017-04-18,34302600,6460.2,1,0,0,0,0,0,0,0,0,6461.0,2,0,0,0,0,0,0,0,0
188,2017-04-18,09:31:43,100,IC1704,CCFX,6461.0,6447.6,6464.4,283,365431280,16282,16512,7086.4,5798,6442.2,6443.2,0,6455,0.0,0,0,2017-04-18,34303100,6460.2,1,0,0,0,0,0,0,0,0,6461.0,2,0,0,0,0,0,0,0,0
189,2017-04-18,09:31:44,100,IC1704,CCFX,6461.0,6447.6,6464.4,283,365431280,16282,16512,7086.4,5798,6442.2,6443.2,0,6455,0.0,0,0,2017-04-18,34304100,6460.2,3,0,0,0,0,0,0,0,0,6461.0,2,0,0,0,0,0,0,0,0
190,2017-04-18,09:31:45,100,IC1704,CCFX,6461.0,6447.6,6464.4,283,365431280,16282,16512,7086.4,5798,6442.2,6443.2,0,6455,0.0,0,0,2017-04-18,34305100,6460.2,4,0,0,0,0,0,0,0,0,6461.0,2,0,0,0,0,0,0,0,0
191,2017-04-18,09:31:45,600,IC1704,CCFX,6460.2,6447.6,6464.4,284,366723320,16281,16512,7086.4,5798,6442.2,6443.2,0,6455,0.0,0,0,2017-04-18,34305600,6460.2,4,0,0,0,0,0,0,0,0,6461.0,2,0,0,0,0,0,0,0,0
192,2017-04-18,09:31:46,100,IC1704,CCFX,6460.2,6447.6,6464.4,285,368015360,16280,16512,7086.4,5798,6442.2,6443.2,0,6455,0.0,0,0,2017-04-18,34306100,6460.2,3,0,0,0,0,0,0,0,0,6461.0,2,0,0,0,0,0,0,0,0
193,2017-04-18,09:31:47,100,IC1704,CCFX,6460.2,6447.6,6464.4,285,368015360,16280,16512,7086.4,5798,6442.2,6443.2,0,6455,0.0,0,0,2017-04-18,34307100,6460.2,3,0,0,0,0,0,0,0,0,6460.8,1,0,0,0,0,0,0,0,0
194,2017-04-18,09:31:48,100,IC1704,CCFX,6460.2,6447.6,6464.4,285,368015360,16280,16512,7086.4,5798,6442.2,6443.2,0,6455,0.0,0,0,2017-04-18,34308100,6460.2,3,0,0,0,0,0,0,0,0,6460.6,2,0,0,0,0,0,0,0,0
195,2017-04-18,09:31:48,600,IC1704,CCFX,6460.2,6447.6,6464.4,287,370599440,16279,16512,7086.4,5798,6442.2,6443.2,0,6455,0.0,0,0,2017-04-18,34308600,6460.2,1,0,0,0,0,0,0,0,0,6460.6,2,0,0,0,0,0,0,0,0
196,2017-04-18,09:31:49,100,IC1704,CCFX,6460.2,6447.6,6464.4,288,371891480,16279,16512,7086.4,5798,6442.2,6443.2,0,6455,0.0,0,0,2017-04-18,34309100,6459.6,3,0,0,0,0,0,0,0,0,6460.0,1,0,0,0,0,0,0,0,0
197,2017-04-18,09:31:49,600,IC1704,CCFX,6459.6,6447.6,6464.4,289,373183400,16278,16512,7086.4,5798,6442.2,6443.2,0,6455,0.0,0,0,2017-04-18,34309600,6459.6,2,0,0,0,0,0,0,0,0,6459.8,1,0,0,0,0,0,0,0,0
198,2017-04-18,09:31:50,100,IC1704,CCFX,6459.6,6447.6,6464.4,291,375767240,16277,16512,7086.4,5798,6442.2,6443.2,0,6455,0.0,0,0,2017-04-18,34310100,6459.4,1,0,0,0,0,0,0,0,0,6459.6,1,0,0,0,0,0,0,0,0
199,2017-04-18,09:31:50,600,IC1704,CCFX,6459.2,6447.6,6464.4,294,379642800,16276,16512,7086.4,5798,6442.2,6443.2,0,6455,0.0,0,0,2017-04-18,34310600,6459.2,2,0,0,0,0,0,0,0,0,6459.6,1,0,0,0,0,0,0,0,0
200,2017-04-18,09:31:51,100,IC1704,CCFX,6459.2,6447.6,6464.4,296,382226480,16276,16512,7086.4,5798,6442.2,6443.2,0,6455,0.0,0,0,2017-04-18,34311100,6457.0,1,0,0,0,0,0,0,0,0,6459.2,2,0,0,0,0,0,0,0,0
201,2017-04-18,09:31:51,600,IC1704,CCFX,6459.2,6447.6,6464.4,296,382226480,16276,16512,7086.4,5798,6442.2,6443.2,0,6455,0.0,0,0,2017-04-18,34311600,6457.0,1,0,0,0,0,0,0,0,0,6459.0,2,0,0,0,0,0,0,0,0
202,2017-04-18,09:31:52,100,IC1704,CCFX,6459.2,6447.6,6464.4,296,382226480,16276,16512,7086.4,5798,6442.2,6443.2,0,6455,0.0,0,0,2017-04-18,34312100,6457.0,1,0,0,0,0,0,0,0,0,6458.6,1,0,0,0,0,0,0,0,0
203,2017-04-18,09:31:52,600,IC1704,CCFX,6459.2,6447.6,6464.4,296,382226480,16276,16512,7086.4,5798,6442.2,6443.2,0,6455,0.0,0,0,2017-04-18,34312600,6457.2,1,0,0,0,0,0,0,0,0,6458.4,2,0,0,0,0,0,0,0,0
204,2017-04-18,09:31:53,100,IC1704,CCFX,6459.2,6447.6,6464.4,296,382226480,16276,16512,7086.4,5798,6442.2,6443.2,0,6455,0.0,0,0,2017-04-18,34313100,6457.2,1,0,0,0,0,0,0,0,0,6458.4,1,0,0,0,0,0,0,0,0
205,2017-04-18,09:31:57,100,IC1704,CCFX,6457.0,6447.6,6464.4,298,384809320,16274,16512,7086.4,5798,6442.2,6443.2,0,6455,0.0,0,0,2017-04-18,34317100,6456.0,3,0,0,0,0,0,0,0,0,6456.2,3,0,0,0,0,0,0,0,0
206,2017-04-18,09:31:57,600,IC1704,CCFX,6456.2,6447.6,6464.4,301,388683040,16271,16512,7086.4,5798,6442.2,6443.2,0,6455,0.0,0,0,2017-04-18,34317600,6456.2,2,0,0,0,0,0,0,0,0,6458.6,1,0,0,0,0,0,0,0,0
207,2017-04-18,09:31:58,100,IC1704,CCFX,6456.2,6447.6,6464.4,301,388683040,16271,16512,7086.4,5798,6442.2,6443.2,0,6455,0.0,0,0,2017-04-18,34318100,6456.4,1,0,0,0,0,0,0,0,0,6458.4,1,0,0,0,0,0,0,0,0
208,2017-04-18,09:31:58,600,IC1704,CCFX,6456.2,6447.6,6464.4,302,389974280,16270,16512,7086.4,5798,6442.2,6443.2,0,6455,0.0,0,0,2017-04-18,34318600,6456.2,1,0,0,0,0,0,0,0,0,6458.2,1,0,0,0,0,0,0,0,0
209,2017-04-18,09:31:59,100,IC1704,CCFX,6456.2,6447.6,6464.4,303,391265520,16269,16512,7086.4,5798,6442.2,6443.2,0,6455,0.0,0,0,2017-04-18,34319100,6456.0,3,0,0,0,0,0,0,0,0,6458.0,1,0,0,0,0,0,0,0,0
210,2017-04-18,09:31:59,600,IC1704,CCFX,6456.2,6447.6,6464.4,303,391265520,16269,16512,7086.4,5798,6442.2,6443.2,0,6455,0.0,0,0,2017-04-18,34319600,6456.0,3,0,0,0,0,0,0,0,0,6458.0,1,0,0,0,0,0,0,0,0
211,2017-04-18,09:32:01,600,IC1704,CCFX,6456.2,6447.6,6464.4,303,391265520,16269,16512,7086.4,5798,6442.2,6443.2,0,6455,0.0,0,0,2017-04-18,34321600,6456.0,3,0,0,0,0,0,0,0,0,6456.4,1,0,0,0,0,0,0,0,0
212,2017-04-18,09:32:02,100,IC1704,CCFX,6456.4,6447.6,6464.4,304,392556800,16268,16512,7086.4,5798,6442.2,6443.2,0,6455,0.0,0,0,2017-04-18,34322100,6456.2,1,0,0,0,0,0,0,0,0,6458.0,1,0,0,0,0,0,0,0,0
213,2017-04-18,09:32:03,600,IC1704,CCFX,6456.4,6447.6,6464.4,304,392556800,16268,16512,7086.4,5798,6442.2,6443.2,0,6455,0.0,0,0,2017-04-18,34323600,6456.2,1,0,0,0,0,0,0,0,0,6458.0,1,0,0,0,0,0,0,0,0
214,2017-04-18,09:32:04,600,IC1704,CCFX,6456.2,6447.6,6464.4,305,393848040,16267,16512,7086.4,5798,6442.2,6443.2,0,6455,0.0,0,0,2017-04-18,34324600,6456.0,3,0,0,0,0,0,0,0,0,6457.6,1,0,0,0,0,0,0,0,0
215,2017-04-18,09:32:05,100,IC1704,CCFX,6456.2,6447.6,6464.4,305,393848040,16267,16512,7086.4,5798,6442.2,6443.2,0,6455,0.0,0,0,2017-04-18,34325100,6456.0,3,0,0,0,0,0,0,0,0,6456.2,3,0,0,0,0,0,0,0,0
216,2017-04-18,09:32:05,600,IC1704,CCFX,6456.2,6447.6,6464.4,308,397721760,16264,16512,7086.4,5798,6442.2,6443.2,0,6455,0.0,0,0,2017-04-18,34325600,6456.0,3,0,0,0,0,0,0,0,0,6457.6,2,0,0,0,0,0,0,0,0
217,2017-04-18,09:32:06,100,IC1704,CCFX,6456.0,6447.6,6464.4,309,399012960,16263,16512,7086.4,5798,6442.2,6443.2,0,6455,0.0,0,0,2017-04-18,34326100,6457.2,1,0,0,0,0,0,0,0,0,6457.4,1,0,0,0,0,0,0,0,0
218,2017-04-18,09:32:06,600,IC1704,CCFX,6456.0,6447.6,6464.4,309,399012960,16263,16512,7086.4,5798,6442.2,6443.2,0,6455,0.0,0,0,2017-04-18,34326600,6457.2,1,0,0,0,0,0,0,0,0,6457.4,1,0,0,0,0,0,0,0,0
219,2017-04-18,09:32:07,600,IC1704,CCFX,6457.4,6447.6,6464.4,310,400304440,16262,16512,7086.4,5798,6442.2,6443.2,0,6455,0.0,0,0,2017-04-18,34327600,6457.2,1,0,0,0,0,0,0,0,0,6457.6,2,0,0,0,0,0,0,0,0
220,2017-04-18,09:32:08,100,IC1704,CCFX,6457.6,6447.6,6464.4,311,401595960,16261,16512,7086.4,5798,6442.2,6443.2,0,6455,0.0,0,0,2017-04-18,34328100,6457.4,1,0,0,0,0,0,0,0,0,6459.2,2,0,0,0,0,0,0,0,0
221,2017-04-18,09:32:08,600,IC1704,CCFX,6457.6,6447.6,6464.4,311,401595960,16261,16512,7086.4,5798,6442.2,6443.2,0,6455,0.0,0,0,2017-04-18,34328600,6457.4,1,0,0,0,0,0,0,0,0,6459.0,1,0,0,0,0,0,0,0,0
222,2017-04-18,09:32:09,100,IC1704,CCFX,6457.2,6447.6,6464.4,313,404178880,16259,16512,7086.4,5798,6442.2,6443.2,0,6455,0.0,0,0,2017-04-18,34329100,6456.0,2,0,0,0,0,0,0,0,0,6457.2,1,0,0,0,0,0,0,0,0
223,2017-04-18,09:32:09,600,IC1704,CCFX,6457.2,6447.6,6464.4,313,404178880,16259,16512,7086.4,5798,6442.2,6443.2,0,6455,0.0,0,0,2017-04-18,34329600,6456.0,2,0,0,0,0,0,0,0,0,6457.2,1,0,0,0,0,0,0,0,0
224,2017-04-18,09:32:10,100,IC1704,CCFX,6456.0,6447.6,6464.4,314,405470080,16258,16512,7086.4,5798,6442.2,6443.2,0,6455,0.0,0,0,2017-04-18,34330100,6456.0,1,0,0,0,0,0,0,0,0,6457.2,1,0,0,0,0,0,0,0,0
225,2017-04-18,09:32:10,600,IC1704,CCFX,6456.0,6447.6,6464.4,315,406761280,16257,16512,7086.4,5798,6442.2,6443.2,0,6455,0.0,0,0,2017-04-18,34330600,6455.6,3,0,0,0,0,0,0,0,0,6456.0,1,0,0,0,0,0,0,0,0
226,2017-04-18,09:32:11,100,IC1704,CCFX,6456.0,6447.6,6464.4,316,408052480,16256,16512,7086.4,5798,6442.2,6443.2,0,6455,0.0,0,0,2017-04-18,34331100,6456.4,1,0,0,0,0,0,0,0,0,6457.2,1,0,0,0,0,0,0,0,0
227,2017-04-18,09:32:11,600,IC1704,CCFX,6456.4,6447.6,6464.4,317,409343760,16255,16512,7086.4,5798,6442.2,6443.2,0,6455,0.0,0,0,2017-04-18,34331600,6455.6,3,0,0,0,0,0,0,0,0,6457.2,1,0,0,0,0,0,0,0,0
228,2017-04-18,09:32:12,100,IC1704,CCFX,6456.4,6447.6,6464.4,317,409343760,16255,16512,7086.4,5798,6442.2,6443.2,0,6455,0.0,0,0,2017-04-18,34332100,6456.0,1,0,0,0,0,0,0,0,0,6456.4,8,0,0,0,0,0,0,0,0
229,2017-04-18,09:32:12,600,IC1704,CCFX,6456.2,6447.6,6464.4,318,410635000,16254,16512,7086.4,5798,6442.2,6443.2,0,6455,0.0,0,0,2017-04-18,34332600,6456.0,1,0,0,0,0,0,0,0,0,6456.4,8,0,0,0,0,0,0,0,0
230,2017-04-18,09:32:13,600,IC1704,CCFX,6456.2,6447.6,6464.4,318,410635000,16254,16512,7086.4,5798,6442.2,6443.2,0,6455,0.0,0,0,2017-04-18,34333600,6456.0,1,0,0,0,0,0,0,0,0,6456.4,8,0,0,0,0,0,0,0,0
231,2017-04-18,09:32:14,100,IC1704,CCFX,6456.2,6447.6,6464.4,318,410635000,16254,16512,7086.4,5798,6442.2,6443.2,0,6455,0.0,0,0,2017-04-18,34334100,6456.0,1,0,0,0,0,0,0,0,0,6456.4,8,0,0,0,0,0,0,0,0
232,2017-04-18,09:32:14,600,IC1704,CCFX,6456.2,6447.6,6464.4,318,410635000,16254,16512,7086.4,5798,6442.2,6443.2,0,6455,0.0,0,0,2017-04-18,34334600,6456.0,1,0,0,0,0,0,0,0,0,6456.4,8,0,0,0,0,0,0,0,0
233,2017-04-18,09:32:15,100,IC1704,CCFX,6456.0,6447.6,6464.4,319,411926200,16253,16512,7086.4,5798,6442.2,6443.2,0,6455,0.0,0,0,2017-04-18,34335100,6455.6,3,0,0,0,0,0,0,0,0,6456.4,8,0,0,0,0,0,0,0,0
234,2017-04-18,09:32:16,600,IC1704,CCFX,6456.4,6447.6,6464.4,320,413217480,16252,16512,7086.4,5798,6442.2,6443.2,0,6455,0.0,0,0,2017-04-18,34336600,6455.6,3,0,0,0,0,0,0,0,0,6456.4,7,0,0,0,0,0,0,0,0
235,2017-04-18,09:32:17,100,IC1704,CCFX,6455.6,6447.6,6464.4,321,414508600,16251,16512,7086.4,5798,6442.2,6443.2,0,6455,0.0,0,0,2017-04-18,34337100,6455.6,2,0,0,0,0,0,0,0,0,6456.4,7,0,0,0,0,0,0,0,0
236,2017-04-18,09:32:17,600,IC1704,CCFX,6455.6,6447.6,6464.4,323,417090840,16250,16512,7086.4,5798,6442.2,6443.2,0,6455,0.0,0,0,2017-04-18,34337600,6455.0,4,0,0,0,0,0,0,0,0,6455.6,5,0,0,0,0,0,0,0,0
237,2017-04-18,09:32:18,100,IC1704,CCFX,6455.6,6447.6,6464.4,323,417090840,16250,16512,7086.4,5798,6442.2,6443.2,0,6455,0.0,0,0,2017-04-18,34338100,6455.0,4,0,0,0,0,0,0,0,0,6455.6,6,0,0,0,0,0,0,0,0
238,2017-04-18,09:32:20,100,IC1704,CCFX,6455.6,6447.6,6464.4,323,417090840,16250,16512,7086.4,5798,6442.2,6443.2,0,6455,0.0,0,0,2017-04-18,34340100,6455.0,4,0,0,0,0,0,0,0,0,6455.6,6,0,0,0,0,0,0,0,0
239,2017-04-18,09:32:20,600,IC1704,CCFX,6455.6,6447.6,6464.4,323,417090840,16250,16512,7086.4,5798,6442.2,6443.2,0,6455,0.0,0,0,2017-04-18,34340600,6455.0,4,0,0,0,0,0,0,0,0,6455.6,6,0,0,0,0,0,0,0,0
240,2017-04-18,09:32:21,100,IC1704,CCFX,6455.0,6447.6,6464.4,324,418381840,16249,16512,7086.4,5798,6442.2,6443.2,0,6455,0.0,0,0,2017-04-18,34341100,6455.0,3,0,0,0,0,0,0,0,0,6455.6,6,0,0,0,0,0,0,0,0
241,2017-04-18,09:32:21,600,IC1704,CCFX,6455.0,6447.6,6464.4,324,418381840,16249,16512,7086.4,5798,6442.2,6443.2,0,6455,0.0,0,0,2017-04-18,34341600,6455.0,3,0,0,0,0,0,0,0,0,6455.4,1,0,0,0,0,0,0,0,0
242,2017-04-18,09:32:22,100,IC1704,CCFX,6455.0,6447.6,6464.4,326,420963920,16247,16512,7086.4,5798,6442.2,6443.2,0,6455,0.0,0,0,2017-04-18,34342100,6455.0,2,0,0,0,0,0,0,0,0,6455.4,1,0,0,0,0,0,0,0,0
243,2017-04-18,09:32:22,600,IC1704,CCFX,6455.0,6447.6,6464.4,328,423545920,16245,16512,7086.4,5798,6442.2,6443.2,0,6455,0.0,0,0,2017-04-18,34342600,6454.0,4,0,0,0,0,0,0,0,0,6455.4,1,0,0,0,0,0,0,0,0
244,2017-04-18,09:32:23,100,IC1704,CCFX,6455.4,6447.6,6464.4,329,424837000,16244,16512,7086.4,5798,6442.2,6443.2,0,6455,0.0,0,0,2017-04-18,34343100,6454.0,4,0,0,0,0,0,0,0,0,6455.6,5,0,0,0,0,0,0,0,0
245,2017-04-18,09:32:23,600,IC1704,CCFX,6454.0,6447.6,6464.4,333,430000200,16240,16512,7086.4,5798,6442.2,6443.2,0,6455,0.0,0,0,2017-04-18,34343600,6453.0,4,0,0,0,0,0,0,0,0,6454.0,1,0,0,0,0,0,0,0,0
246,2017-04-18,09:32:24,100,IC1704,CCFX,6453.2,6447.6,6464.4,334,431290840,16239,16512,7086.4,5798,6442.2,6443.2,0,6455,0.0,0,0,2017-04-18,34344100,6453.0,4,0,0,0,0,0,0,0,0,6454.0,1,0,0,0,0,0,0,0,0
247,2017-04-18,09:32:25,100,IC1704,CCFX,6455.0,6447.6,6464.4,338,436453960,16235,16512,7086.4,5798,6442.2,6443.2,0,6455,0.0,0,0,2017-04-18,34345100,6455.0,3,0,0,0,0,0,0,0,0,6457.8,1,0,0,0,0,0,0,0,0
248,2017-04-18,09:32:25,600,IC1704,CCFX,6455.0,6447.6,6464.4,338,436453960,16235,16512,7086.4,5798,6442.2,6443.2,0,6455,0.0,0,0,2017-04-18,34345600,6455.0,3,0,0,0,0,0,0,0,0,6455.6,2,0,0,0,0,0,0,0,0
249,2017-04-18,09:32:26,100,IC1704,CCFX,6455.0,6447.6,6464.4,340,439035960,16233,16512,7086.4,5798,6442.2,6443.2,0,6455,0.0,0,0,2017-04-18,34346100,6455.0,1,0,0,0,0,0,0,0,0,6455.4,1,0,0,0,0,0,0,0,0
250,2017-04-18,09:32:26,600,IC1704,CCFX,6455.0,6447.6,6464.4,341,440326960,16232,16512,7086.4,5798,6442.2,6443.2,0,6455,0.0,0,0,2017-04-18,34346600,6453.0,7,0,0,0,0,0,0,0,0,6455.0,4,0,0,0,0,0,0,0,0
251,2017-04-18,09:32:27,100,IC1704,CCFX,6453.0,6447.6,6464.4,342,441617560,16231,16512,7086.4,5798,6442.2,6443.2,0,6455,0.0,0,0,2017-04-18,34347100,6453.0,6,0,0,0,0,0,0,0,0,6455.0,4,0,0,0,0,0,0,0,0
252,2017-04-18,09:32:27,600,IC1704,CCFX,6453.0,6447.6,6464.4,342,441617560,16231,16512,7086.4,5798,6442.2,6443.2,0,6455,0.0,0,0,2017-04-18,34347600,6453.0,6,0,0,0,0,0,0,0,0,6453.8,2,0,0,0,0,0,0,0,0
253,2017-04-18,09:32:28,100,IC1704,CCFX,6453.0,6447.6,6464.4,343,442908160,16230,16512,7086.4,5798,6442.2,6443.2,0,6455,0.0,0,0,2017-04-18,34348100,6453.0,5,0,0,0,0,0,0,0,0,6454.8,1,0,0,0,0,0,0,0,0
254,2017-04-18,09:32:28,600,IC1704,CCFX,6453.4,6447.6,6464.4,344,444198840,16229,16512,7086.4,5798,6442.2,6443.2,0,6455,0.0,0,0,2017-04-18,34348600,6453.0,5,0,0,0,0,0,0,0,0,6453.4,1,0,0,0,0,0,0,0,0
255,2017-04-18,09:32:29,100,IC1704,CCFX,6453.0,6447.6,6464.4,345,445489440,16228,16512,7086.4,5798,6442.2,6443.2,0,6455,0.0,0,0,2017-04-18,34349100,6453.0,4,0,0,0,0,0,0,0,0,6454.8,1,0,0,0,0,0,0,0,0
256,2017-04-18,09:32:29,600,IC1704,CCFX,6453.0,6447.6,6464.4,345,445489440,16228,16512,7086.4,5798,6442.2,6443.2,0,6455,0.0,0,0,2017-04-18,34349600,6453.0,4,0,0,0,0,0,0,0,0,6453.2,1,0,0,0,0,0,0,0,0
257,2017-04-18,09:32:30,100,IC1704,CCFX,6453.0,6447.6,6464.4,346,446780040,16227,16512,7086.4,5798,6442.2,6443.2,0,6455,0.0,0,0,2017-04-18,34350100,6454.0,1,0,0,0,0,0,0,0,0,6454.8,2,0,0,0,0,0,0,0,0
258,2017-04-18,09:32:30,600,IC1704,CCFX,6454.6,6447.6,6464.4,349,450652600,16224,16512,7086.4,5798,6442.2,6443.2,0,6455,0.0,0,0,2017-04-18,34350600,6453.0,3,0,0,0,0,0,0,0,0,6454.6,2,0,0,0,0,0,0,0,0
259,2017-04-18,09:32:31,100,IC1704,CCFX,6453.0,6447.6,6464.4,350,451943200,16225,16512,7086.4,5798,6442.2,6443.2,0,6455,0.0,0,0,2017-04-18,34351100,6453.0,2,0,0,0,0,0,0,0,0,6454.8,1,0,0,0,0,0,0,0,0
260,2017-04-18,09:32:31,600,IC1704,CCFX,6453.0,6447.6,6464.4,351,453233800,16225,16512,7086.4,5798,6442.2,6443.2,0,6455,0.0,0,0,2017-04-18,34351600,6453.0,1,0,0,0,0,0,0,0,0,6454.8,1,0,0,0,0,0,0,0,0
261,2017-04-18,09:32:32,100,IC1704,CCFX,6453.0,6447.6,6464.4,352,454524400,16225,16512,7086.4,5798,6442.2,6443.2,0,6455,0.0,0,0,2017-04-18,34352100,6450.2,1,0,0,0,0,0,0,0,0,6453.0,1,0,0,0,0,0,0,0,0
262,2017-04-18,09:32:32,600,IC1704,CCFX,6453.0,6447.6,6464.4,353,455815000,16224,16512,7086.4,5798,6442.2,6443.2,0,6455,0.0,0,0,2017-04-18,34352600,6450.4,1,0,0,0,0,0,0,0,0,6453.0,1,0,0,0,0,0,0,0,0
263,2017-04-18,09:32:33,100,IC1704,CCFX,6453.0,6447.6,6464.4,353,455815000,16224,16512,7086.4,5798,6442.2,6443.2,0,6455,0.0,0,0,2017-04-18,34353100,6450.6,2,0,0,0,0,0,0,0,0,6452.6,1,0,0,0,0,0,0,0,0
264,2017-04-18,09:32:33,600,IC1704,CCFX,6452.6,6447.6,6464.4,354,457105520,16223,16512,7086.4,5798,6442.2,6443.2,0,6455,0.0,0,0,2017-04-18,34353600,6452.6,2,0,0,0,0,0,0,0,0,6453.0,1,0,0,0,0,0,0,0,0
265,2017-04-18,09:32:34,100,IC1704,CCFX,6453.0,6447.6,6464.4,355,458396120,16222,16512,7086.4,5798,6442.2,6443.2,0,6455,0.0,0,0,2017-04-18,34354100,6453.0,1,0,0,0,0,0,0,0,0,6454.6,1,0,0,0,0,0,0,0,0
266,2017-04-18,09:32:34,600,IC1704,CCFX,6453.0,6447.6,6464.4,355,458396120,16222,16512,7086.4,5798,6442.2,6443.2,0,6455,0.0,0,0,2017-04-18,34354600,6453.2,1,0,0,0,0,0,0,0,0,6454.6,1,0,0,0,0,0,0,0,0
267,2017-04-18,09:32:35,100,IC1704,CCFX,6453.0,6447.6,6464.4,355,458396120,16222,16512,7086.4,5798,6442.2,6443.2,0,6455,0.0,0,0,2017-04-18,34355100,6453.2,2,0,0,0,0,0,0,0,0,6455.0,4,0,0,0,0,0,0,0,0
268,2017-04-18,09:32:35,600,IC1704,CCFX,6453.0,6447.6,6464.4,355,458396120,16222,16512,7086.4,5798,6442.2,6443.2,0,6455,0.0,0,0,2017-04-18,34355600,6453.2,2,0,0,0,0,0,0,0,0,6454.8,1,0,0,0,0,0,0,0,0
269,2017-04-18,09:32:36,100,IC1704,CCFX,6453.0,6447.6,6464.4,355,458396120,16222,16512,7086.4,5798,6442.2,6443.2,0,6455,0.0,0,0,2017-04-18,34356100,6453.2,2,0,0,0,0,0,0,0,0,6454.8,1,0,0,0,0,0,0,0,0
270,2017-04-18,09:32:36,600,IC1704,CCFX,6454.8,6447.6,6464.4,356,459687080,16221,16512,7086.4,5798,6442.2,6443.2,0,6455,0.0,0,0,2017-04-18,34356600,6453.2,2,0,0,0,0,0,0,0,0,6458.0,1,0,0,0,0,0,0,0,0
271,2017-04-18,09:32:37,100,IC1704,CCFX,6453.6,6447.6,6464.4,359,463560880,16219,16512,7086.4,5798,6442.2,6443.2,0,6455,0.0,0,0,2017-04-18,34357100,6453.6,3,0,0,0,0,0,0,0,0,6457.8,5,0,0,0,0,0,0,0,0
272,2017-04-18,09:32:37,600,IC1704,CCFX,6457.4,6447.6,6464.4,360,464852360,16219,16512,7086.4,5798,6442.2,6443.2,0,6455,0.0,0,0,2017-04-18,34357600,6453.8,4,0,0,0,0,0,0,0,0,6457.8,5,0,0,0,0,0,0,0,0
273,2017-04-18,09:32:38,100,IC1704,CCFX,6457.4,6447.6,6464.4,360,464852360,16219,16512,7086.4,5798,6442.2,6443.2,0,6455,0.0,0,0,2017-04-18,34358100,6454.2,1,0,0,0,0,0,0,0,0,6457.2,1,0,0,0,0,0,0,0,0
274,2017-04-18,09:32:38,600,IC1704,CCFX,6457.4,6447.6,6464.4,360,464852360,16219,16512,7086.4,5798,6442.2,6443.2,0,6455,0.0,0,0,2017-04-18,34358600,6454.4,1,0,0,0,0,0,0,0,0,6456.6,1,0,0,0,0,0,0,0,0
275,2017-04-18,09:32:39,100,IC1704,CCFX,6457.4,6447.6,6464.4,360,464852360,16219,16512,7086.4,5798,6442.2,6443.2,0,6455,0.0,0,0,2017-04-18,34359100,6454.4,1,0,0,0,0,0,0,0,0,6456.6,1,0,0,0,0,0,0,0,0
276,2017-04-18,09:32:39,600,IC1704,CCFX,6457.4,6447.6,6464.4,360,464852360,16219,16512,7086.4,5798,6442.2,6443.2,0,6455,0.0,0,0,2017-04-18,34359600,6454.4,1,0,0,0,0,0,0,0,0,6456.6,1,0,0,0,0,0,0,0,0
277,2017-04-18,09:32:40,100,IC1704,CCFX,6457.4,6447.6,6464.4,360,464852360,16219,16512,7086.4,5798,6442.2,6443.2,0,6455,0.0,0,0,2017-04-18,34360100,6454.4,1,0,0,0,0,0,0,0,0,6456.6,1,0,0,0,0,0,0,0,0
278,2017-04-18,09:32:41,600,IC1704,CCFX,6457.4,6447.6,6464.4,360,464852360,16219,16512,7086.4,5798,6442.2,6443.2,0,6455,0.0,0,0,2017-04-18,34361600,6454.4,1,0,0,0,0,0,0,0,0,6456.4,1,0,0,0,0,0,0,0,0
279,2017-04-18,09:32:42,100,IC1704,CCFX,6454.4,6447.6,6464.4,361,466143240,16218,16512,7086.4,5798,6442.2,6443.2,0,6455,0.0,0,0,2017-04-18,34362100,6454.2,1,0,0,0,0,0,0,0,0,6456.0,1,0,0,0,0,0,0,0,0
280,2017-04-18,09:32:42,600,IC1704,CCFX,6454.4,6447.6,6464.4,361,466143240,16218,16512,7086.4,5798,6442.2,6443.2,0,6455,0.0,0,0,2017-04-18,34362600,6454.2,1,0,0,0,0,0,0,0,0,6456.0,2,0,0,0,0,0,0,0,0
281,2017-04-18,09:32:43,100,IC1704,CCFX,6454.4,6447.6,6464.4,361,466143240,16218,16512,7086.4,5798,6442.2,6443.2,0,6455,0.0,0,0,2017-04-18,34363100,6454.2,1,0,0,0,0,0,0,0,0,6456.0,2,0,0,0,0,0,0,0,0
282,2017-04-18,09:32:43,600,IC1704,CCFX,6454.4,6447.6,6464.4,362,467434120,16217,16512,7086.4,5798,6442.2,6443.2,0,6455,0.0,0,0,2017-04-18,34363600,6455.4,1,0,0,0,0,0,0,0,0,6456.0,2,0,0,0,0,0,0,0,0
283,2017-04-18,09:32:44,100,IC1704,CCFX,6455.4,6447.6,6464.4,363,468725200,16217,16512,7086.4,5798,6442.2,6443.2,0,6455,0.0,0,0,2017-04-18,34364100,6454.6,1,0,0,0,0,0,0,0,0,6456.0,2,0,0,0,0,0,0,0,0
284,2017-04-18,09:32:45,600,IC1704,CCFX,6455.4,6447.6,6464.4,363,468725200,16217,16512,7086.4,5798,6442.2,6443.2,0,6455,0.0,0,0,2017-04-18,34365600,6454.6,1,0,0,0,0,0,0,0,0,6456.0,2,0,0,0,0,0,0,0,0
285,2017-04-18,09:32:47,100,IC1704,CCFX,6455.4,6447.6,6464.4,363,468725200,16217,16512,7086.4,5798,6442.2,6443.2,0,6455,0.0,0,0,2017-04-18,34367100,6454.6,1,0,0,0,0,0,0,0,0,6456.0,2,0,0,0,0,0,0,0,0
286,2017-04-18,09:32:47,600,IC1704,CCFX,6454.6,6447.6,6464.4,364,470016120,16216,16512,7086.4,5798,6442.2,6443.2,0,6455,0.0,0,0,2017-04-18,34367600,6454.2,1,0,0,0,0,0,0,0,0,6456.0,2,0,0,0,0,0,0,0,0
287,2017-04-18,09:32:48,100,IC1704,CCFX,6454.6,6447.6,6464.4,364,470016120,16216,16512,7086.4,5798,6442.2,6443.2,0,6455,0.0,0,0,2017-04-18,34368100,6454.2,1,0,0,0,0,0,0,0,0,6455.8,1,0,0,0,0,0,0,0,0
288,2017-04-18,09:32:48,600,IC1704,CCFX,6455.4,6447.6,6464.4,365,471307200,16215,16512,7086.4,5798,6442.2,6443.2,0,6455,0.0,0,0,2017-04-18,34368600,6454.2,1,0,0,0,0,0,0,0,0,6455.6,1,0,0,0,0,0,0,0,0
289,2017-04-18,09:32:49,100,IC1704,CCFX,6455.4,6447.6,6464.4,365,471307200,16215,16512,7086.4,5798,6442.2,6443.2,0,6455,0.0,0,0,2017-04-18,34369100,6454.6,1,0,0,0,0,0,0,0,0,6455.6,1,0,0,0,0,0,0,0,0
290,2017-04-18,09:32:49,600,IC1704,CCFX,6455.4,6447.6,6464.4,365,471307200,16215,16512,7086.4,5798,6442.2,6443.2,0,6455,0.0,0,0,2017-04-18,34369600,6454.6,1,0,0,0,0,0,0,0,0,6455.6,1,0,0,0,0,0,0,0,0
291,2017-04-18,09:32:50,100,IC1704,CCFX,6455.4,6447.6,6464.4,365,471307200,16215,16512,7086.4,5798,6442.2,6443.2,0,6455,0.0,0,0,2017-04-18,34370100,6454.6,1,0,0,0,0,0,0,0,0,6455.6,1,0,0,0,0,0,0,0,0
292,2017-04-18,09:32:50,600,IC1704,CCFX,6455.4,6447.6,6464.4,365,471307200,16215,16512,7086.4,5798,6442.2,6443.2,0,6455,0.0,0,0,2017-04-18,34370600,6454.6,1,0,0,0,0,0,0,0,0,6455.6,1,0,0,0,0,0,0,0,0
293,2017-04-18,09:32:51,100,IC1704,CCFX,6455.4,6447.6,6464.4,365,471307200,16215,16512,7086.4,5798,6442.2,6443.2,0,6455,0.0,0,0,2017-04-18,34371100,6454.6,1,0,0,0,0,0,0,0,0,6455.0,1,0,0,0,0,0,0,0,0
294,2017-04-18,09:32:51,600,IC1704,CCFX,6455.4,6447.6,6464.4,365,471307200,16215,16512,7086.4,5798,6442.2,6443.2,0,6455,0.0,0,0,2017-04-18,34371600,6454.6,1,0,0,0,0,0,0,0,0,6455.0,1,0,0,0,0,0,0,0,0
295,2017-04-18,09:32:53,100,IC1704,CCFX,6455.4,6447.6,6464.4,366,472598280,16215,16512,7086.4,5798,6442.2,6443.2,0,6455,0.0,0,0,2017-04-18,34373100,6454.6,1,0,0,0,0,0,0,0,0,6455.6,1,0,0,0,0,0,0,0,0
296,2017-04-18,09:32:53,600,IC1704,CCFX,6454.6,6447.6,6464.4,367,473889200,16214,16512,7086.4,5798,6442.2,6443.2,0,6455,0.0,0,0,2017-04-18,34373600,6454.2,1,0,0,0,0,0,0,0,0,6455.8,1,0,0,0,0,0,0,0,0
297,2017-04-18,09:32:54,100,IC1704,CCFX,6454.6,6447.6,6464.4,367,473889200,16214,16512,7086.4,5798,6442.2,6443.2,0,6455,0.0,0,0,2017-04-18,34374100,6455.0,1,0,0,0,0,0,0,0,0,6455.8,1,0,0,0,0,0,0,0,0
298,2017-04-18,09:32:54,600,IC1704,CCFX,6454.6,6447.6,6464.4,367,473889200,16214,16512,7086.4,5798,6442.2,6443.2,0,6455,0.0,0,0,2017-04-18,34374600,6455.0,1,0,0,0,0,0,0,0,0,6455.8,1,0,0,0,0,0,0,0,0
299,2017-04-18,09:32:55,100,IC1704,CCFX,6455.0,6447.6,6464.4,368,475180200,16214,16512,7086.4,5798,6442.2,6443.2,0,6455,0.0,0,0,2017-04-18,34375100,6454.2,2,0,0,0,0,0,0,0,0,6455.8,1,0,0,0,0,0,0,0,0
300,2017-04-18,09:32:56,100,IC1704,CCFX,6455.0,6447.6,6464.4,368,475180200,16214,16512,7086.4,5798,6442.2,6443.2,0,6455,0.0,0,0,2017-04-18,34376100,6454.2,2,0,0,0,0,0,0,0,0,6455.4,8,0,0,0,0,0,0,0,0
301,2017-04-18,09:32:56,600,IC1704,CCFX,6455.0,6447.6,6464.4,368,475180200,16214,16512,7086.4,5798,6442.2,6443.2,0,6455,0.0,0,0,2017-04-18,34376600,6454.2,3,0,0,0,0,0,0,0,0,6455.4,8,0,0,0,0,0,0,0,0
302,2017-04-18,09:32:57,600,IC1704,CCFX,6455.0,6447.6,6464.4,368,475180200,16214,16512,7086.4,5798,6442.2,6443.2,0,6455,0.0,0,0,2017-04-18,34377600,6454.2,3,0,0,0,0,0,0,0,0,6455.4,8,0,0,0,0,0,0,0,0
303,2017-04-18,09:32:58,100,IC1704,CCFX,6454.2,6447.6,6464.4,369,476471040,16213,16512,7086.4,5798,6442.2,6443.2,0,6455,0.0,0,0,2017-04-18,34378100,6454.2,2,0,0,0,0,0,0,0,0,6455.4,8,0,0,0,0,0,0,0,0
304,2017-04-18,09:32:58,600,IC1704,CCFX,6454.2,6447.6,6464.4,369,476471040,16213,16512,7086.4,5798,6442.2,6443.2,0,6455,0.0,0,0,2017-04-18,34378600,6454.2,2,0,0,0,0,0,0,0,0,6455.4,8,0,0,0,0,0,0,0,0
305,2017-04-18,09:32:59,100,IC1704,CCFX,6454.2,6447.6,6464.4,371,479052720,16213,16512,7086.4,5798,6442.2,6443.2,0,6455,0.0,0,0,2017-04-18,34379100,6454.0,2,0,0,0,0,0,0,0,0,6454.2,1,0,0,0,0,0,0,0,0
306,2017-04-18,09:32:59,600,IC1704,CCFX,6454.0,6447.6,6464.4,374,482925120,16210,16512,7086.4,5798,6442.2,6443.2,0,6455,0.0,0,0,2017-04-18,34379600,6452.6,1,0,0,0,0,0,0,0,0,6454.2,1,0,0,0,0,0,0,0,0
307,2017-04-18,09:33:00,100,IC1704,CCFX,6454.2,6447.6,6464.4,375,484215960,16209,16512,7086.4,5798,6442.2,6443.2,0,6455,0.0,0,0,2017-04-18,34380100,6454.6,1,0,0,0,0,0,0,0,0,6455.2,1,0,0,0,0,0,0,0,0
308,2017-04-18,09:33:00,600,IC1704,CCFX,6454.6,6447.6,6464.4,376,485506880,16208,16512,7086.4,5798,6442.2,6443.2,0,6455,0.0,0,0,2017-04-18,34380600,6454.2,2,0,0,0,0,0,0,0,0,6454.6,3,0,0,0,0,0,0,0,0
309,2017-04-18,09:33:01,100,IC1704,CCFX,6454.2,6447.6,6464.4,378,488088560,16209,16512,7086.4,5798,6442.2,6443.2,0,6455,0.0,0,0,2017-04-18,34381100,6452.6,1,0,0,0,0,0,0,0,0,6454.6,2,0,0,0,0,0,0,0,0
310,2017-04-18,09:33:02,100,IC1704,CCFX,6452.6,6447.6,6464.4,379,489379080,16208,16512,7086.4,5798,6442.2,6443.2,0,6455,0.0,0,0,2017-04-18,34382100,6451.0,1,0,0,0,0,0,0,0,0,6454.6,2,0,0,0,0,0,0,0,0
311,2017-04-18,09:33:02,600,IC1704,CCFX,6452.6,6447.6,6464.4,379,489379080,16208,16512,7086.4,5798,6442.2,6443.2,0,6455,0.0,0,0,2017-04-18,34382600,6451.0,1,0,0,0,0,0,0,0,0,6452.2,1,0,0,0,0,0,0,0,0
312,2017-04-18,09:33:03,100,IC1704,CCFX,6451.2,6447.6,6464.4,381,491959560,16206,16512,7086.4,5798,6442.2,6443.2,0,6455,0.0,0,0,2017-04-18,34383100,6451.0,1,0,0,0,0,0,0,0,0,6454.2,1,0,0,0,0,0,0,0,0
313,2017-04-18,09:33:03,600,IC1704,CCFX,6451.2,6447.6,6464.4,381,491959560,16206,16512,7086.4,5798,6442.2,6443.2,0,6455,0.0,0,0,2017-04-18,34383600,6451.2,1,0,0,0,0,0,0,0,0,6454.0,1,0,0,0,0,0,0,0,0
314,2017-04-18,09:33:04,100,IC1704,CCFX,6451.2,6447.6,6464.4,382,493249800,16205,16512,7086.4,5798,6442.2,6443.2,0,6455,0.0,0,0,2017-04-18,34384100,6451.0,1,0,0,0,0,0,0,0,0,6451.2,1,0,0,0,0,0,0,0,0
315,2017-04-18,09:33:04,600,IC1704,CCFX,6451.2,6447.6,6464.4,383,494540040,16205,16512,7086.4,5798,6442.2,6443.2,0,6455,0.0,0,0,2017-04-18,34384600,6451.0,1,0,0,0,0,0,0,0,0,6453.6,2,0,0,0,0,0,0,0,0
316,2017-04-18,09:33:05,100,IC1704,CCFX,6451.2,6447.6,6464.4,383,494540040,16205,16512,7086.4,5798,6442.2,6443.2,0,6455,0.0,0,0,2017-04-18,34385100,6451.0,1,0,0,0,0,0,0,0,0,6453.4,2,0,0,0,0,0,0,0,0
317,2017-04-18,09:33:05,600,IC1704,CCFX,6451.2,6447.6,6464.4,383,494540040,16205,16512,7086.4,5798,6442.2,6443.2,0,6455,0.0,0,0,2017-04-18,34385600,6451.0,1,0,0,0,0,0,0,0,0,6453.2,1,0,0,0,0,0,0,0,0
318,2017-04-18,09:33:06,100,IC1704,CCFX,6451.2,6447.6,6464.4,383,494540040,16205,16512,7086.4,5798,6442.2,6443.2,0,6455,0.0,0,0,2017-04-18,34386100,6451.0,1,0,0,0,0,0,0,0,0,6453.0,2,0,0,0,0,0,0,0,0
319,2017-04-18,09:33:06,600,IC1704,CCFX,6451.2,6447.6,6464.4,383,494540040,16205,16512,7086.4,5798,6442.2,6443.2,0,6455,0.0,0,0,2017-04-18,34386600,6451.0,1,0,0,0,0,0,0,0,0,6453.0,2,0,0,0,0,0,0,0,0
320,2017-04-18,09:33:07,100,IC1704,CCFX,6451.2,6447.6,6464.4,383,494540040,16205,16512,7086.4,5798,6442.2,6443.2,0,6455,0.0,0,0,2017-04-18,34387100,6451.0,1,0,0,0,0,0,0,0,0,6453.0,2,0,0,0,0,0,0,0,0
321,2017-04-18,09:33:07,600,IC1704,CCFX,6451.2,6447.6,6464.4,383,494540040,16205,16512,7086.4,5798,6442.2,6443.2,0,6455,0.0,0,0,2017-04-18,34387600,6451.0,1,0,0,0,0,0,0,0,0,6453.0,2,0,0,0,0,0,0,0,0
322,2017-04-18,09:33:08,100,IC1704,CCFX,6451.2,6447.6,6464.4,383,494540040,16205,16512,7086.4,5798,6442.2,6443.2,0,6455,0.0,0,0,2017-04-18,34388100,6451.0,1,0,0,0,0,0,0,0,0,6453.0,1,0,0,0,0,0,0,0,0
323,2017-04-18,09:33:08,600,IC1704,CCFX,6451.0,6447.6,6464.4,384,495830240,16204,16512,7086.4,5798,6442.2,6443.2,0,6455,0.0,0,0,2017-04-18,34388600,6450.2,1,0,0,0,0,0,0,0,0,6453.0,1,0,0,0,0,0,0,0,0
324,2017-04-18,09:33:09,100,IC1704,CCFX,6451.0,6447.6,6464.4,384,495830240,16204,16512,7086.4,5798,6442.2,6443.2,0,6455,0.0,0,0,2017-04-18,34389100,6450.2,1,0,0,0,0,0,0,0,0,6451.0,8,0,0,0,0,0,0,0,0
325,2017-04-18,09:33:09,600,IC1704,CCFX,6451.0,6447.6,6464.4,384,495830240,16204,16512,7086.4,5798,6442.2,6443.2,0,6455,0.0,0,0,2017-04-18,34389600,6450.2,1,0,0,0,0,0,0,0,0,6451.0,8,0,0,0,0,0,0,0,0
326,2017-04-18,09:33:10,100,IC1704,CCFX,6451.0,6447.6,6464.4,386,498410480,16202,16512,7086.4,5798,6442.2,6443.2,0,6455,0.0,0,0,2017-04-18,34390100,6448.8,1,0,0,0,0,0,0,0,0,6451.0,7,0,0,0,0,0,0,0,0
327,2017-04-18,09:33:10,600,IC1704,CCFX,6451.0,6447.6,6464.4,386,498410480,16202,16512,7086.4,5798,6442.2,6443.2,0,6455,0.0,0,0,2017-04-18,34390600,6450.2,1,0,0,0,0,0,0,0,0,6450.8,2,0,0,0,0,0,0,0,0
328,2017-04-18,09:33:11,100,IC1704,CCFX,6451.0,6447.6,6464.4,389,502280520,16200,16512,7086.4,5798,6442.2,6443.2,0,6455,0.0,0,0,2017-04-18,34391100,6448.8,1,0,0,0,0,0,0,0,0,6451.0,6,0,0,0,0,0,0,0,0
329,2017-04-18,09:33:11,600,IC1704,CCFX,6451.0,6447.6,6464.4,389,502280520,16200,16512,7086.4,5798,6442.2,6443.2,0,6455,0.0,0,0,2017-04-18,34391600,6449.0,1,0,0,0,0,0,0,0,0,6450.8,2,0,0,0,0,0,0,0,0
330,2017-04-18,09:33:12,100,IC1704,CCFX,6451.0,6447.6,6464.4,389,502280520,16200,16512,7086.4,5798,6442.2,6443.2,0,6455,0.0,0,0,2017-04-18,34392100,6450.4,1,0,0,0,0,0,0,0,0,6450.8,1,0,0,0,0,0,0,0,0
331,2017-04-18,09:33:12,600,IC1704,CCFX,6450.4,6447.6,6464.4,390,503570600,16199,16512,7086.4,5798,6442.2,6443.2,0,6455,0.0,0,0,2017-04-18,34392600,6448.8,1,0,0,0,0,0,0,0,0,6451.0,6,0,0,0,0,0,0,0,0
332,2017-04-18,09:33:13,100,IC1704,CCFX,6450.8,6447.6,6464.4,391,504860760,16198,16512,7086.4,5798,6442.2,6443.2,0,6455,0.0,0,0,2017-04-18,34393100,6448.8,1,0,0,0,0,0,0,0,0,6450.8,1,0,0,0,0,0,0,0,0
333,2017-04-18,09:33:13,600,IC1704,CCFX,6450.8,6447.6,6464.4,391,504860760,16198,16512,7086.4,5798,6442.2,6443.2,0,6455,0.0,0,0,2017-04-18,34393600,6448.8,1,0,0,0,0,0,0,0,0,6450.8,1,0,0,0,0,0,0,0,0
334,2017-04-18,09:33:14,600,IC1704,CCFX,6450.8,6447.6,6464.4,391,504860760,16198,16512,7086.4,5798,6442.2,6443.2,0,6455,0.0,0,0,2017-04-18,34394600,6448.8,1,0,0,0,0,0,0,0,0,6450.8,1,0,0,0,0,0,0,0,0
335,2017-04-18,09:33:15,100,IC1704,CCFX,6450.8,6447.6,6464.4,392,506150920,16198,16512,7086.4,5798,6442.2,6443.2,0,6455,0.0,0,0,2017-04-18,34395100,6451.0,1,0,0,0,0,0,0,0,0,6452.8,1,0,0,0,0,0,0,0,0
336,2017-04-18,09:33:15,600,IC1704,CCFX,6450.8,6447.6,6464.4,392,506150920,16198,16512,7086.4,5798,6442.2,6443.2,0,6455,0.0,0,0,2017-04-18,34395600,6448.8,1,0,0,0,0,0,0,0,0,6452.6,1,0,0,0,0,0,0,0,0
337,2017-04-18,09:33:16,100,IC1704,CCFX,6450.8,6447.6,6464.4,392,506150920,16198,16512,7086.4,5798,6442.2,6443.2,0,6455,0.0,0,0,2017-04-18,34396100,6451.0,1,0,0,0,0,0,0,0,0,6452.2,1,0,0,0,0,0,0,0,0
338,2017-04-18,09:33:16,600,IC1704,CCFX,6452.0,6447.6,6464.4,393,507441320,16197,16512,7086.4,5798,6442.2,6443.2,0,6455,0.0,0,0,2017-04-18,34396600,6451.0,1,0,0,0,0,0,0,0,0,6452.6,1,0,0,0,0,0,0,0,0
339,2017-04-18,09:33:17,600,IC1704,CCFX,6452.0,6447.6,6464.4,393,507441320,16197,16512,7086.4,5798,6442.2,6443.2,0,6455,0.0,0,0,2017-04-18,34397600,6451.0,1,0,0,0,0,0,0,0,0,6452.6,1,0,0,0,0,0,0,0,0
340,2017-04-18,09:33:18,100,IC1704,CCFX,6452.6,6447.6,6464.4,394,508731840,16197,16512,7086.4,5798,6442.2,6443.2,0,6455,0.0,0,0,2017-04-18,34398100,6451.0,1,0,0,0,0,0,0,0,0,6452.8,1,0,0,0,0,0,0,0,0
341,2017-04-18,09:33:19,100,IC1704,CCFX,6452.8,6447.6,6464.4,395,510022400,16196,16512,7086.4,5798,6442.2,6443.2,0,6455,0.0,0,0,2017-04-18,34399100,6451.0,2,0,0,0,0,0,0,0,0,6453.0,1,0,0,0,0,0,0,0,0
342,2017-04-18,09:33:19,600,IC1704,CCFX,6452.8,6447.6,6464.4,395,510022400,16196,16512,7086.4,5798,6442.2,6443.2,0,6455,0.0,0,0,2017-04-18,34399600,6451.2,1,0,0,0,0,0,0,0,0,6453.0,1,0,0,0,0,0,0,0,0
343,2017-04-18,09:33:20,100,IC1704,CCFX,6452.8,6447.6,6464.4,395,510022400,16196,16512,7086.4,5798,6442.2,6443.2,0,6455,0.0,0,0,2017-04-18,34400100,6451.4,1,0,0,0,0,0,0,0,0,6453.0,1,0,0,0,0,0,0,0,0
344,2017-04-18,09:33:20,600,IC1704,CCFX,6453.0,6447.6,6464.4,396,511313000,16195,16512,7086.4,5798,6442.2,6443.2,0,6455,0.0,0,0,2017-04-18,34400600,6451.6,1,0,0,0,0,0,0,0,0,6453.6,2,0,0,0,0,0,0,0,0
345,2017-04-18,09:33:21,100,IC1704,CCFX,6453.0,6447.6,6464.4,396,511313000,16195,16512,7086.4,5798,6442.2,6443.2,0,6455,0.0,0,0,2017-04-18,34401100,6451.8,1,0,0,0,0,0,0,0,0,6453.6,2,0,0,0,0,0,0,0,0
346,2017-04-18,09:33:21,600,IC1704,CCFX,6453.6,6447.6,6464.4,397,512603720,16194,16512,7086.4,5798,6442.2,6443.2,0,6455,0.0,0,0,2017-04-18,34401600,6452.0,1,0,0,0,0,0,0,0,0,6453.6,1,0,0,0,0,0,0,0,0
347,2017-04-18,09:33:22,100,IC1704,CCFX,6453.6,6447.6,6464.4,397,512603720,16194,16512,7086.4,5798,6442.2,6443.2,0,6455,0.0,0,0,2017-04-18,34402100,6452.4,1,0,0,0,0,0,0,0,0,6453.6,1,0,0,0,0,0,0,0,0
348,2017-04-18,09:33:22,600,IC1704,CCFX,6452.6,6447.6,6464.4,400,516475480,16191,16512,7086.4,5798,6442.2,6443.2,0,6455,0.0,0,0,2017-04-18,34402600,6452.4,1,0,0,0,0,0,0,0,0,6454.6,2,0,0,0,0,0,0,0,0
349,2017-04-18,09:33:23,100,IC1704,CCFX,6452.6,6447.6,6464.4,400,516475480,16191,16512,7086.4,5798,6442.2,6443.2,0,6455,0.0,0,0,2017-04-18,34403100,6452.4,1,0,0,0,0,0,0,0,0,6454.6,2,0,0,0,0,0,0,0,0
350,2017-04-18,09:33:24,100,IC1704,CCFX,6454.6,6447.6,6464.4,401,517766400,16190,16512,7086.4,5798,6442.2,6443.2,0,6455,0.0,0,0,2017-04-18,34404100,6452.0,1,0,0,0,0,0,0,0,0,6454.6,2,0,0,0,0,0,0,0,0
351,2017-04-18,09:33:24,600,IC1704,CCFX,6454.6,6447.6,6464.4,401,517766400,16190,16512,7086.4,5798,6442.2,6443.2,0,6455,0.0,0,0,2017-04-18,34404600,6454.0,1,0,0,0,0,0,0,0,0,6454.4,3,0,0,0,0,0,0,0,0
352,2017-04-18,09:33:25,100,IC1704,CCFX,6454.0,6447.6,6464.4,402,519057200,16189,16512,7086.4,5798,6442.2,6443.2,0,6455,0.0,0,0,2017-04-18,34405100,6452.0,1,0,0,0,0,0,0,0,0,6454.4,1,0,0,0,0,0,0,0,0
353,2017-04-18,09:33:25,600,IC1704,CCFX,6454.0,6447.6,6464.4,402,519057200,16189,16512,7086.4,5798,6442.2,6443.2,0,6455,0.0,0,0,2017-04-18,34405600,6452.0,1,0,0,0,0,0,0,0,0,6454.2,1,0,0,0,0,0,0,0,0
354,2017-04-18,09:33:26,100,IC1704,CCFX,6454.0,6447.6,6464.4,402,519057200,16189,16512,7086.4,5798,6442.2,6443.2,0,6455,0.0,0,0,2017-04-18,34406100,6452.0,1,0,0,0,0,0,0,0,0,6454.4,1,0,0,0,0,0,0,0,0
355,2017-04-18,09:33:27,100,IC1704,CCFX,6454.0,6447.6,6464.4,402,519057200,16189,16512,7086.4,5798,6442.2,6443.2,0,6455,0.0,0,0,2017-04-18,34407100,6452.2,1,0,0,0,0,0,0,0,0,6454.4,1,0,0,0,0,0,0,0,0
356,2017-04-18,09:33:27,600,IC1704,CCFX,6454.0,6447.6,6464.4,402,519057200,16189,16512,7086.4,5798,6442.2,6443.2,0,6455,0.0,0,0,2017-04-18,34407600,6452.2,1,0,0,0,0,0,0,0,0,6454.6,1,0,0,0,0,0,0,0,0
357,2017-04-18,09:33:28,100,IC1704,CCFX,6454.0,6447.6,6464.4,402,519057200,16189,16512,7086.4,5798,6442.2,6443.2,0,6455,0.0,0,0,2017-04-18,34408100,6452.2,1,0,0,0,0,0,0,0,0,6454.4,1,0,0,0,0,0,0,0,0
358,2017-04-18,09:33:28,600,IC1704,CCFX,6454.0,6447.6,6464.4,402,519057200,16189,16512,7086.4,5798,6442.2,6443.2,0,6455,0.0,0,0,2017-04-18,34408600,6452.2,1,0,0,0,0,0,0,0,0,6452.8,4,0,0,0,0,0,0,0,0
359,2017-04-18,09:33:29,100,IC1704,CCFX,6452.8,6447.6,6464.4,403,520347760,16189,16512,7086.4,5798,6442.2,6443.2,0,6455,0.0,0,0,2017-04-18,34409100,6452.2,1,0,0,0,0,0,0,0,0,6452.8,3,0,0,0,0,0,0,0,0
360,2017-04-18,09:33:29,600,IC1704,CCFX,6452.8,6447.6,6464.4,406,524219440,16188,16512,7086.4,5798,6442.2,6443.2,0,6455,0.0,0,0,2017-04-18,34409600,6452.4,1,0,0,0,0,0,0,0,0,6454.6,1,0,0,0,0,0,0,0,0
361,2017-04-18,09:33:30,100,IC1704,CCFX,6452.8,6447.6,6464.4,406,524219440,16188,16512,7086.4,5798,6442.2,6443.2,0,6455,0.0,0,0,2017-04-18,34410100,6452.6,1,0,0,0,0,0,0,0,0,6454.6,1,0,0,0,0,0,0,0,0
362,2017-04-18,09:33:30,600,IC1704,CCFX,6452.8,6447.6,6464.4,407,525510000,16188,16512,7086.4,5798,6442.2,6443.2,0,6455,0.0,0,0,2017-04-18,34410600,6452.6,1,0,0,0,0,0,0,0,0,6454.6,1,0,0,0,0,0,0,0,0
363,2017-04-18,09:33:31,100,IC1704,CCFX,6452.8,6447.6,6464.4,407,525510000,16188,16512,7086.4,5798,6442.2,6443.2,0,6455,0.0,0,0,2017-04-18,34411100,6454.2,1,0,0,0,0,0,0,0,0,6454.6,1,0,0,0,0,0,0,0,0
364,2017-04-18,09:33:31,600,IC1704,CCFX,6452.8,6447.6,6464.4,407,525510000,16188,16512,7086.4,5798,6442.2,6443.2,0,6455,0.0,0,0,2017-04-18,34411600,6452.6,1,0,0,0,0,0,0,0,0,6454.4,1,0,0,0,0,0,0,0,0
365,2017-04-18,09:33:32,100,IC1704,CCFX,6452.8,6447.6,6464.4,407,525510000,16188,16512,7086.4,5798,6442.2,6443.2,0,6455,0.0,0,0,2017-04-18,34412100,6454.0,1,0,0,0,0,0,0,0,0,6454.4,1,0,0,0,0,0,0,0,0
366,2017-04-18,09:33:32,600,IC1704,CCFX,6454.4,6447.6,6464.4,408,526800880,16187,16512,7086.4,5798,6442.2,6443.2,0,6455,0.0,0,0,2017-04-18,34412600,6452.6,1,0,0,0,0,0,0,0,0,6454.6,1,0,0,0,0,0,0,0,0
367,2017-04-18,09:33:33,100,IC1704,CCFX,6454.4,6447.6,6464.4,408,526800880,16187,16512,7086.4,5798,6442.2,6443.2,0,6455,0.0,0,0,2017-04-18,34413100,6452.6,1,0,0,0,0,0,0,0,0,6454.6,1,0,0,0,0,0,0,0,0
368,2017-04-18,09:33:33,600,IC1704,CCFX,6454.4,6447.6,6464.4,408,526800880,16187,16512,7086.4,5798,6442.2,6443.2,0,6455,0.0,0,0,2017-04-18,34413600,6452.8,1,0,0,0,0,0,0,0,0,6454.6,1,0,0,0,0,0,0,0,0
369,2017-04-18,09:33:34,100,IC1704,CCFX,6454.4,6447.6,6464.4,408,526800880,16187,16512,7086.4,5798,6442.2,6443.2,0,6455,0.0,0,0,2017-04-18,34414100,6454.4,1,0,0,0,0,0,0,0,0,6454.6,1,0,0,0,0,0,0,0,0
370,2017-04-18,09:33:34,600,IC1704,CCFX,6454.4,6447.6,6464.4,408,526800880,16187,16512,7086.4,5798,6442.2,6443.2,0,6455,0.0,0,0,2017-04-18,34414600,6454.4,1,0,0,0,0,0,0,0,0,6454.6,1,0,0,0,0,0,0,0,0
371,2017-04-18,09:33:35,100,IC1704,CCFX,6454.4,6447.6,6464.4,408,526800880,16187,16512,7086.4,5798,6442.2,6443.2,0,6455,0.0,0,0,2017-04-18,34415100,6454.4,1,0,0,0,0,0,0,0,0,6454.6,1,0,0,0,0,0,0,0,0
372,2017-04-18,09:33:35,600,IC1704,CCFX,6454.4,6447.6,6464.4,410,529382680,16187,16512,7086.4,5798,6442.2,6443.2,0,6455,0.0,0,0,2017-04-18,34415600,6453.6,1,0,0,0,0,0,0,0,0,6454.8,2,0,0,0,0,0,0,0,0
373,2017-04-18,09:33:36,100,IC1704,CCFX,6454.4,6447.6,6464.4,411,530673560,16186,16512,7086.4,5798,6442.2,6443.2,0,6455,0.0,0,0,2017-04-18,34416100,6453.6,1,0,0,0,0,0,0,0,0,6454.8,2,0,0,0,0,0,0,0,0
374,2017-04-18,09:33:37,100,IC1704,CCFX,6454.4,6447.6,6464.4,411,530673560,16186,16512,7086.4,5798,6442.2,6443.2,0,6455,0.0,0,0,2017-04-18,34417100,6453.6,2,0,0,0,0,0,0,0,0,6454.8,2,0,0,0,0,0,0,0,0
375,2017-04-18,09:33:37,600,IC1704,CCFX,6454.4,6447.6,6464.4,411,530673560,16186,16512,7086.4,5798,6442.2,6443.2,0,6455,0.0,0,0,2017-04-18,34417600,6453.8,1,0,0,0,0,0,0,0,0,6454.8,2,0,0,0,0,0,0,0,0
376,2017-04-18,09:33:38,100,IC1704,CCFX,6454.4,6447.6,6464.4,411,530673560,16186,16512,7086.4,5798,6442.2,6443.2,0,6455,0.0,0,0,2017-04-18,34418100,6454.0,1,0,0,0,0,0,0,0,0,6454.8,2,0,0,0,0,0,0,0,0
377,2017-04-18,09:33:38,600,IC1704,CCFX,6454.4,6447.6,6464.4,411,530673560,16186,16512,7086.4,5798,6442.2,6443.2,0,6455,0.0,0,0,2017-04-18,34418600,6454.0,1,0,0,0,0,0,0,0,0,6454.8,2,0,0,0,0,0,0,0,0
378,2017-04-18,09:33:39,100,IC1704,CCFX,6454.4,6447.6,6464.4,411,530673560,16186,16512,7086.4,5798,6442.2,6443.2,0,6455,0.0,0,0,2017-04-18,34419100,6454.0,1,0,0,0,0,0,0,0,0,6454.8,2,0,0,0,0,0,0,0,0
379,2017-04-18,09:33:39,600,IC1704,CCFX,6454.4,6447.6,6464.4,411,530673560,16186,16512,7086.4,5798,6442.2,6443.2,0,6455,0.0,0,0,2017-04-18,34419600,6454.0,1,0,0,0,0,0,0,0,0,6454.8,2,0,0,0,0,0,0,0,0
380,2017-04-18,09:33:40,100,IC1704,CCFX,6454.4,6447.6,6464.4,411,530673560,16186,16512,7086.4,5798,6442.2,6443.2,0,6455,0.0,0,0,2017-04-18,34420100,6454.0,2,0,0,0,0,0,0,0,0,6454.8,2,0,0,0,0,0,0,0,0
381,2017-04-18,09:33:40,600,IC1704,CCFX,6454.4,6447.6,6464.4,411,530673560,16186,16512,7086.4,5798,6442.2,6443.2,0,6455,0.0,0,0,2017-04-18,34420600,6454.2,1,0,0,0,0,0,0,0,0,6454.8,2,0,0,0,0,0,0,0,0
382,2017-04-18,09:33:41,100,IC1704,CCFX,6454.4,6447.6,6464.4,411,530673560,16186,16512,7086.4,5798,6442.2,6443.2,0,6455,0.0,0,0,2017-04-18,34421100,6454.4,1,0,0,0,0,0,0,0,0,6454.8,2,0,0,0,0,0,0,0,0
383,2017-04-18,09:33:41,600,IC1704,CCFX,6454.4,6447.6,6464.4,411,530673560,16186,16512,7086.4,5798,6442.2,6443.2,0,6455,0.0,0,0,2017-04-18,34421600,6454.4,1,0,0,0,0,0,0,0,0,6454.8,2,0,0,0,0,0,0,0,0
384,2017-04-18,09:33:42,100,IC1704,CCFX,6454.4,6447.6,6464.4,412,531964440,16185,16512,7086.4,5798,6442.2,6443.2,0,6455,0.0,0,0,2017-04-18,34422100,6454.2,1,0,0,0,0,0,0,0,0,6454.8,2,0,0,0,0,0,0,0,0
385,2017-04-18,09:33:42,600,IC1704,CCFX,6454.8,6447.6,6464.4,413,533255400,16184,16512,7086.4,5798,6442.2,6443.2,0,6455,0.0,0,0,2017-04-18,34422600,6454.4,1,0,0,0,0,0,0,0,0,6454.8,2,0,0,0,0,0,0,0,0
386,2017-04-18,09:33:43,100,IC1704,CCFX,6454.8,6447.6,6464.4,413,533255400,16184,16512,7086.4,5798,6442.2,6443.2,0,6455,0.0,0,0,2017-04-18,34423100,6454.4,2,0,0,0,0,0,0,0,0,6454.6,1,0,0,0,0,0,0,0,0
387,2017-04-18,09:33:43,600,IC1704,CCFX,6454.4,6447.6,6464.4,417,538418920,16183,16512,7086.4,5798,6442.2,6443.2,0,6455,0.0,0,0,2017-04-18,34423600,6454.2,1,0,0,0,0,0,0,0,0,6454.4,2,0,0,0,0,0,0,0,0
388,2017-04-18,09:33:44,100,IC1704,CCFX,6454.2,6447.6,6464.4,418,539709760,16182,16512,7086.4,5798,6442.2,6443.2,0,6455,0.0,0,0,2017-04-18,34424100,6453.4,1,0,0,0,0,0,0,0,0,6454.4,2,0,0,0,0,0,0,0,0
389,2017-04-18,09:33:44,600,IC1704,CCFX,6454.2,6447.6,6464.4,419,541000600,16181,16512,7086.4,5798,6442.2,6443.2,0,6455,0.0,0,0,2017-04-18,34424600,6453.0,1,0,0,0,0,0,0,0,0,6454.4,2,0,0,0,0,0,0,0,0
390,2017-04-18,09:33:45,100,IC1704,CCFX,6454.2,6447.6,6464.4,419,541000600,16181,16512,7086.4,5798,6442.2,6443.2,0,6455,0.0,0,0,2017-04-18,34425100,6453.0,1,0,0,0,0,0,0,0,0,6454.2,1,0,0,0,0,0,0,0,0
391,2017-04-18,09:33:45,600,IC1704,CCFX,6454.2,6447.6,6464.4,420,542291440,16181,16512,7086.4,5798,6442.2,6443.2,0,6455,0.0,0,0,2017-04-18,34425600,6454.2,1,0,0,0,0,0,0,0,0,6454.4,2,0,0,0,0,0,0,0,0
392,2017-04-18,09:33:47,100,IC1704,CCFX,6454.2,6447.6,6464.4,420,542291440,16181,16512,7086.4,5798,6442.2,6443.2,0,6455,0.0,0,0,2017-04-18,34427100,6454.2,1,0,0,0,0,0,0,0,0,6454.4,2,0,0,0,0,0,0,0,0
393,2017-04-18,09:33:47,600,IC1704,CCFX,6454.4,6447.6,6464.4,421,543582320,16180,16512,7086.4,5798,6442.2,6443.2,0,6455,0.0,0,0,2017-04-18,34427600,6454.2,1,0,0,0,0,0,0,0,0,6454.4,1,0,0,0,0,0,0,0,0
394,2017-04-18,09:33:49,100,IC1704,CCFX,6454.4,6447.6,6464.4,422,544873200,16180,16512,7086.4,5798,6442.2,6443.2,0,6455,0.0,0,0,2017-04-18,34429100,6453.2,1,0,0,0,0,0,0,0,0,6454.6,1,0,0,0,0,0,0,0,0
395,2017-04-18,09:33:49,600,IC1704,CCFX,6454.4,6447.6,6464.4,422,544873200,16180,16512,7086.4,5798,6442.2,6443.2,0,6455,0.0,0,0,2017-04-18,34429600,6453.4,2,0,0,0,0,0,0,0,0,6454.6,1,0,0,0,0,0,0,0,0
396,2017-04-18,09:33:50,600,IC1704,CCFX,6454.6,6447.6,6464.4,423,546164120,16179,16512,7086.4,5798,6442.2,6443.2,0,6455,0.0,0,0,2017-04-18,34430600,6453.4,2,0,0,0,0,0,0,0,0,6454.8,1,0,0,0,0,0,0,0,0
397,2017-04-18,09:33:51,100,IC1704,CCFX,6454.6,6447.6,6464.4,423,546164120,16179,16512,7086.4,5798,6442.2,6443.2,0,6455,0.0,0,0,2017-04-18,34431100,6454.4,2,0,0,0,0,0,0,0,0,6454.8,1,0,0,0,0,0,0,0,0
398,2017-04-18,09:33:51,600,IC1704,CCFX,6454.6,6447.6,6464.4,423,546164120,16179,16512,7086.4,5798,6442.2,6443.2,0,6455,0.0,0,0,2017-04-18,34431600,6454.4,2,0,0,0,0,0,0,0,0,6454.8,1,0,0,0,0,0,0,0,0
399,2017-04-18,09:33:52,100,IC1704,CCFX,6454.8,6447.6,6464.4,424,547455080,16178,16512,7086.4,5798,6442.2,6443.2,0,6455,0.0,0,0,2017-04-18,34432100,6454.4,2,0,0,0,0,0,0,0,0,6455.0,1,0,0,0,0,0,0,0,0
400,2017-04-18,09:33:52,600,IC1704,CCFX,6455.0,6447.6,6464.4,425,548746080,16178,16512,7086.4,5798,6442.2,6443.2,0,6455,0.0,0,0,2017-04-18,34432600,6454.4,2,0,0,0,0,0,0,0,0,6455.4,8,0,0,0,0,0,0,0,0
401,2017-04-18,09:33:53,100,IC1704,CCFX,6455.4,6447.6,6464.4,426,550037160,16177,16512,7086.4,5798,6442.2,6443.2,0,6455,0.0,0,0,2017-04-18,34433100,6455.2,1,0,0,0,0,0,0,0,0,6455.4,7,0,0,0,0,0,0,0,0
402,2017-04-18,09:33:53,600,IC1704,CCFX,6456.6,6447.6,6464.4,434,560366040,16169,16512,7086.4,5798,6442.2,6443.2,0,6455,0.0,0,0,2017-04-18,34433600,6455.6,2,0,0,0,0,0,0,0,0,6457.4,2,0,0,0,0,0,0,0,0
403,2017-04-18,09:33:54,100,IC1704,CCFX,6456.6,6447.6,6464.4,434,560366040,16169,16512,7086.4,5798,6442.2,6443.2,0,6455,0.0,0,0,2017-04-18,34434100,6456.2,1,0,0,0,0,0,0,0,0,6457.4,2,0,0,0,0,0,0,0,0
404,2017-04-18,09:33:54,600,IC1704,CCFX,6456.6,6447.6,6464.4,434,560366040,16169,16512,7086.4,5798,6442.2,6443.2,0,6455,0.0,0,0,2017-04-18,34434600,6456.2,1,0,0,0,0,0,0,0,0,6457.4,2,0,0,0,0,0,0,0,0
405,2017-04-18,09:33:55,100,IC1704,CCFX,6456.6,6447.6,6464.4,434,560366040,16169,16512,7086.4,5798,6442.2,6443.2,0,6455,0.0,0,0,2017-04-18,34435100,6456.2,1,0,0,0,0,0,0,0,0,6457.4,2,0,0,0,0,0,0,0,0
406,2017-04-18,09:33:55,600,IC1704,CCFX,6457.4,6447.6,6464.4,435,561657520,16169,16512,7086.4,5798,6442.2,6443.2,0,6455,0.0,0,0,2017-04-18,34435600,6456.2,1,0,0,0,0,0,0,0,0,6457.4,1,0,0,0,0,0,0,0,0
407,2017-04-18,09:33:56,100,IC1704,CCFX,6457.4,6447.6,6464.4,436,562949000,16169,16512,7086.4,5798,6442.2,6443.2,0,6455,0.0,0,0,2017-04-18,34436100,6456.2,1,0,0,0,0,0,0,0,0,6458.0,1,0,0,0,0,0,0,0,0
408,2017-04-18,09:33:56,600,IC1704,CCFX,6457.4,6447.6,6464.4,436,562949000,16169,16512,7086.4,5798,6442.2,6443.2,0,6455,0.0,0,0,2017-04-18,34436600,6456.2,1,0,0,0,0,0,0,0,0,6458.0,1,0,0,0,0,0,0,0,0
409,2017-04-18,09:33:57,100,IC1704,CCFX,6457.4,6447.6,6464.4,436,562949000,16169,16512,7086.4,5798,6442.2,6443.2,0,6455,0.0,0,0,2017-04-18,34437100,6456.8,1,0,0,0,0,0,0,0,0,6458.0,1,0,0,0,0,0,0,0,0
410,2017-04-18,09:33:57,600,IC1704,CCFX,6457.4,6447.6,6464.4,436,562949000,16169,16512,7086.4,5798,6442.2,6443.2,0,6455,0.0,0,0,2017-04-18,34437600,6456.8,1,0,0,0,0,0,0,0,0,6458.0,1,0,0,0,0,0,0,0,0
411,2017-04-18,09:33:58,100,IC1704,CCFX,6456.8,6447.6,6464.4,438,565531720,16167,16512,7086.4,5798,6442.2,6443.2,0,6455,0.0,0,0,2017-04-18,34438100,6456.0,1,0,0,0,0,0,0,0,0,6457.0,1,0,0,0,0,0,0,0,0
412,2017-04-18,09:33:58,600,IC1704,CCFX,6456.0,6447.6,6464.4,439,566822920,16166,16512,7086.4,5798,6442.2,6443.2,0,6455,0.0,0,0,2017-04-18,34438600,6455.2,1,0,0,0,0,0,0,0,0,6457.0,1,0,0,0,0,0,0,0,0
413,2017-04-18,09:33:59,100,IC1704,CCFX,6456.0,6447.6,6464.4,439,566822920,16166,16512,7086.4,5798,6442.2,6443.2,0,6455,0.0,0,0,2017-04-18,34439100,6455.2,1,0,0,0,0,0,0,0,0,6456.8,1,0,0,0,0,0,0,0,0
414,2017-04-18,09:33:59,600,IC1704,CCFX,6456.8,6447.6,6464.4,440,568114280,16165,16512,7086.4,5798,6442.2,6443.2,0,6455,0.0,0,0,2017-04-18,34439600,6455.2,1,0,0,0,0,0,0,0,0,6457.0,1,0,0,0,0,0,0,0,0
415,2017-04-18,09:34:00,100,IC1704,CCFX,6456.8,6447.6,6464.4,440,568114280,16165,16512,7086.4,5798,6442.2,6443.2,0,6455,0.0,0,0,2017-04-18,34440100,6455.4,1,0,0,0,0,0,0,0,0,6457.0,1,0,0,0,0,0,0,0,0
416,2017-04-18,09:34:01,100,IC1704,CCFX,6456.8,6447.6,6464.4,440,568114280,16165,16512,7086.4,5798,6442.2,6443.2,0,6455,0.0,0,0,2017-04-18,34441100,6455.4,1,0,0,0,0,0,0,0,0,6457.0,1,0,0,0,0,0,0,0,0
417,2017-04-18,09:34:01,600,IC1704,CCFX,6456.8,6447.6,6464.4,440,568114280,16165,16512,7086.4,5798,6442.2,6443.2,0,6455,0.0,0,0,2017-04-18,34441600,6455.4,2,0,0,0,0,0,0,0,0,6457.0,1,0,0,0,0,0,0,0,0
418,2017-04-18,09:34:02,100,IC1704,CCFX,6457.0,6447.6,6464.4,441,569405680,16164,16512,7086.4,5798,6442.2,6443.2,0,6455,0.0,0,0,2017-04-18,34442100,6455.4,2,0,0,0,0,0,0,0,0,6458.0,1,0,0,0,0,0,0,0,0
419,2017-04-18,09:34:02,600,IC1704,CCFX,6457.0,6447.6,6464.4,441,569405680,16164,16512,7086.4,5798,6442.2,6443.2,0,6455,0.0,0,0,2017-04-18,34442600,6455.6,2,0,0,0,0,0,0,0,0,6458.0,1,0,0,0,0,0,0,0,0
420,2017-04-18,09:34:03,100,IC1704,CCFX,6458.0,6447.6,6464.4,442,570697280,16163,16512,7086.4,5798,6442.2,6443.2,0,6455,0.0,0,0,2017-04-18,34443100,6455.8,1,0,0,0,0,0,0,0,0,6458.8,2,0,0,0,0,0,0,0,0
421,2017-04-18,09:34:03,600,IC1704,CCFX,6458.0,6447.6,6464.4,442,570697280,16163,16512,7086.4,5798,6442.2,6443.2,0,6455,0.0,0,0,2017-04-18,34443600,6457.6,2,0,0,0,0,0,0,0,0,6458.8,2,0,0,0,0,0,0,0,0
422,2017-04-18,09:34:04,100,IC1704,CCFX,6458.0,6447.6,6464.4,442,570697280,16163,16512,7086.4,5798,6442.2,6443.2,0,6455,0.0,0,0,2017-04-18,34444100,6456.2,1,0,0,0,0,0,0,0,0,6458.8,2,0,0,0,0,0,0,0,0
423,2017-04-18,09:34:04,600,IC1704,CCFX,6458.6,6447.6,6464.4,443,571989000,16162,16512,7086.4,5798,6442.2,6443.2,0,6455,0.0,0,0,2017-04-18,34444600,6456.4,1,0,0,0,0,0,0,0,0,6458.8,2,0,0,0,0,0,0,0,0
424,2017-04-18,09:34:05,100,IC1704,CCFX,6458.6,6447.6,6464.4,443,571989000,16162,16512,7086.4,5798,6442.2,6443.2,0,6455,0.0,0,0,2017-04-18,34445100,6457.8,2,0,0,0,0,0,0,0,0,6458.8,2,0,0,0,0,0,0,0,0
425,2017-04-18,09:34:05,600,IC1704,CCFX,6458.6,6447.6,6464.4,443,571989000,16162,16512,7086.4,5798,6442.2,6443.2,0,6455,0.0,0,0,2017-04-18,34445600,6456.6,1,0,0,0,0,0,0,0,0,6458.8,2,0,0,0,0,0,0,0,0
426,2017-04-18,09:34:06,100,IC1704,CCFX,6456.6,6447.6,6464.4,444,573280320,16161,16512,7086.4,5798,6442.2,6443.2,0,6455,0.0,0,0,2017-04-18,34446100,6455.6,1,0,0,0,0,0,0,0,0,6458.8,2,0,0,0,0,0,0,0,0
427,2017-04-18,09:34:06,600,IC1704,CCFX,6456.6,6447.6,6464.4,444,573280320,16161,16512,7086.4,5798,6442.2,6443.2,0,6455,0.0,0,0,2017-04-18,34446600,6456.0,1,0,0,0,0,0,0,0,0,6458.6,1,0,0,0,0,0,0,0,0
428,2017-04-18,09:34:07,100,IC1704,CCFX,6456.6,6447.6,6464.4,444,573280320,16161,16512,7086.4,5798,6442.2,6443.2,0,6455,0.0,0,0,2017-04-18,34447100,6456.2,1,0,0,0,0,0,0,0,0,6458.6,1,0,0,0,0,0,0,0,0
429,2017-04-18,09:34:08,100,IC1704,CCFX,6458.6,6447.6,6464.4,445,574572040,16161,16512,7086.4,5798,6442.2,6443.2,0,6455,0.0,0,0,2017-04-18,34448100,6456.2,1,0,0,0,0,0,0,0,0,6458.8,2,0,0,0,0,0,0,0,0
430,2017-04-18,09:34:08,600,IC1704,CCFX,6458.6,6447.6,6464.4,445,574572040,16161,16512,7086.4,5798,6442.2,6443.2,0,6455,0.0,0,0,2017-04-18,34448600,6456.4,2,0,0,0,0,0,0,0,0,6458.8,2,0,0,0,0,0,0,0,0
431,2017-04-18,09:34:09,100,IC1704,CCFX,6458.6,6447.6,6464.4,445,574572040,16161,16512,7086.4,5798,6442.2,6443.2,0,6455,0.0,0,0,2017-04-18,34449100,6456.6,1,0,0,0,0,0,0,0,0,6458.8,2,0,0,0,0,0,0,0,0
432,2017-04-18,09:34:09,600,IC1704,CCFX,6458.6,6447.6,6464.4,445,574572040,16161,16512,7086.4,5798,6442.2,6443.2,0,6455,0.0,0,0,2017-04-18,34449600,6456.8,1,0,0,0,0,0,0,0,0,6458.2,1,0,0,0,0,0,0,0,0
433,2017-04-18,09:34:10,100,IC1704,CCFX,6458.6,6447.6,6464.4,445,574572040,16161,16512,7086.4,5798,6442.2,6443.2,0,6455,0.0,0,0,2017-04-18,34450100,6456.4,1,0,0,0,0,0,0,0,0,6458.2,1,0,0,0,0,0,0,0,0
434,2017-04-18,09:34:10,600,IC1704,CCFX,6458.2,6447.6,6464.4,446,575863680,16160,16512,7086.4,5798,6442.2,6443.2,0,6455,0.0,0,0,2017-04-18,34450600,6456.4,1,0,0,0,0,0,0,0,0,6458.6,1,0,0,0,0,0,0,0,0
435,2017-04-18,09:34:11,100,IC1704,CCFX,6458.2,6447.6,6464.4,446,575863680,16160,16512,7086.4,5798,6442.2,6443.2,0,6455,0.0,0,0,2017-04-18,34451100,6456.6,1,0,0,0,0,0,0,0,0,6457.6,1,0,0,0,0,0,0,0,0
436,2017-04-18,09:34:11,600,IC1704,CCFX,6458.6,6447.6,6464.4,448,578446920,16158,16512,7086.4,5798,6442.2,6443.2,0,6455,0.0,0,0,2017-04-18,34451600,6457.6,2,0,0,0,0,0,0,0,0,6458.8,2,0,0,0,0,0,0,0,0
437,2017-04-18,09:34:12,100,IC1704,CCFX,6458.6,6447.6,6464.4,448,578446920,16158,16512,7086.4,5798,6442.2,6443.2,0,6455,0.0,0,0,2017-04-18,34452100,6456.0,2,0,0,0,0,0,0,0,0,6458.8,2,0,0,0,0,0,0,0,0
438,2017-04-18,09:34:12,600,IC1704,CCFX,6458.6,6447.6,6464.4,448,578446920,16158,16512,7086.4,5798,6442.2,6443.2,0,6455,0.0,0,0,2017-04-18,34452600,6457.6,2,0,0,0,0,0,0,0,0,6458.8,2,0,0,0,0,0,0,0,0
439,2017-04-18,09:34:13,100,IC1704,CCFX,6458.6,6447.6,6464.4,448,578446920,16158,16512,7086.4,5798,6442.2,6443.2,0,6455,0.0,0,0,2017-04-18,34453100,6456.2,2,0,0,0,0,0,0,0,0,6458.8,2,0,0,0,0,0,0,0,0
440,2017-04-18,09:34:13,600,IC1704,CCFX,6458.6,6447.6,6464.4,448,578446920,16158,16512,7086.4,5798,6442.2,6443.2,0,6455,0.0,0,0,2017-04-18,34453600,6457.8,2,0,0,0,0,0,0,0,0,6458.8,2,0,0,0,0,0,0,0,0
441,2017-04-18,09:34:14,100,IC1704,CCFX,6458.6,6447.6,6464.4,448,578446920,16158,16512,7086.4,5798,6442.2,6443.2,0,6455,0.0,0,0,2017-04-18,34454100,6456.4,1,0,0,0,0,0,0,0,0,6458.8,2,0,0,0,0,0,0,0,0
442,2017-04-18,09:34:14,600,IC1704,CCFX,6458.8,6447.6,6464.4,449,579738680,16157,16512,7086.4,5798,6442.2,6443.2,0,6455,0.0,0,0,2017-04-18,34454600,6456.6,2,0,0,0,0,0,0,0,0,6458.8,1,0,0,0,0,0,0,0,0
443,2017-04-18,09:34:15,100,IC1704,CCFX,6458.0,6447.6,6464.4,450,581030280,16156,16512,7086.4,5798,6442.2,6443.2,0,6455,0.0,0,0,2017-04-18,34455100,6458.0,1,0,0,0,0,0,0,0,0,6458.8,1,0,0,0,0,0,0,0,0
444,2017-04-18,09:34:15,600,IC1704,CCFX,6458.0,6447.6,6464.4,450,581030280,16156,16512,7086.4,5798,6442.2,6443.2,0,6455,0.0,0,0,2017-04-18,34455600,6457.4,1,0,0,0,0,0,0,0,0,6458.8,1,0,0,0,0,0,0,0,0
445,2017-04-18,09:34:16,600,IC1704,CCFX,6458.8,6447.6,6464.4,451,582322040,16155,16512,7086.4,5798,6442.2,6443.2,0,6455,0.0,0,0,2017-04-18,34456600,6457.4,1,0,0,0,0,0,0,0,0,6459.2,2,0,0,0,0,0,0,0,0
446,2017-04-18,09:34:17,100,IC1704,CCFX,6458.8,6447.6,6464.4,451,582322040,16155,16512,7086.4,5798,6442.2,6443.2,0,6455,0.0,0,0,2017-04-18,34457100,6457.6,2,0,0,0,0,0,0,0,0,6459.2,2,0,0,0,0,0,0,0,0
447,2017-04-18,09:34:17,600,IC1704,CCFX,6458.8,6447.6,6464.4,451,582322040,16155,16512,7086.4,5798,6442.2,6443.2,0,6455,0.0,0,0,2017-04-18,34457600,6458.8,2,0,0,0,0,0,0,0,0,6459.2,2,0,0,0,0,0,0,0,0
448,2017-04-18,09:34:18,100,IC1704,CCFX,6458.8,6447.6,6464.4,451,582322040,16155,16512,7086.4,5798,6442.2,6443.2,0,6455,0.0,0,0,2017-04-18,34458100,6458.2,1,0,0,0,0,0,0,0,0,6459.2,2,0,0,0,0,0,0,0,0
449,2017-04-18,09:34:18,600,IC1704,CCFX,6458.8,6447.6,6464.4,451,582322040,16155,16512,7086.4,5798,6442.2,6443.2,0,6455,0.0,0,0,2017-04-18,34458600,6458.2,1,0,0,0,0,0,0,0,0,6459.2,3,0,0,0,0,0,0,0,0
450,2017-04-18,09:34:19,100,IC1704,CCFX,6458.8,6447.6,6464.4,451,582322040,16155,16512,7086.4,5798,6442.2,6443.2,0,6455,0.0,0,0,2017-04-18,34459100,6458.2,1,0,0,0,0,0,0,0,0,6459.2,3,0,0,0,0,0,0,0,0
451,2017-04-18,09:34:19,600,IC1704,CCFX,6458.8,6447.6,6464.4,452,583613800,16154,16512,7086.4,5798,6442.2,6443.2,0,6455,0.0,0,0,2017-04-18,34459600,6458.2,1,0,0,0,0,0,0,0,0,6459.2,3,0,0,0,0,0,0,0,0
452,2017-04-18,09:34:20,100,IC1704,CCFX,6459.2,6447.6,6464.4,453,584905640,16153,16512,7086.4,5798,6442.2,6443.2,0,6455,0.0,0,0,2017-04-18,34460100,6458.2,2,0,0,0,0,0,0,0,0,6459.2,2,0,0,0,0,0,0,0,0
453,2017-04-18,09:34:20,600,IC1704,CCFX,6459.2,6447.6,6464.4,453,584905640,16153,16512,7086.4,5798,6442.2,6443.2,0,6455,0.0,0,0,2017-04-18,34460600,6459.0,1,0,0,0,0,0,0,0,0,6459.2,2,0,0,0,0,0,0,0,0
454,2017-04-18,09:34:21,100,IC1704,CCFX,6459.2,6447.6,6464.4,455,587489280,16152,16512,7086.4,5798,6442.2,6443.2,0,6455,0.0,0,0,2017-04-18,34461100,6458.2,2,0,0,0,0,0,0,0,0,6459.2,1,0,0,0,0,0,0,0,0
455,2017-04-18,09:34:21,600,IC1704,CCFX,6459.2,6447.6,6464.4,455,587489280,16152,16512,7086.4,5798,6442.2,6443.2,0,6455,0.0,0,0,2017-04-18,34461600,6458.4,1,0,0,0,0,0,0,0,0,6459.2,1,0,0,0,0,0,0,0,0
456,2017-04-18,09:34:22,100,IC1704,CCFX,6459.2,6447.6,6464.4,456,588781120,16151,16512,7086.4,5798,6442.2,6443.2,0,6455,0.0,0,0,2017-04-18,34462100,6459.8,1,0,0,0,0,0,0,0,0,6460.0,1,0,0,0,0,0,0,0,0
457,2017-04-18,09:34:22,600,IC1704,CCFX,6460.0,6447.6,6464.4,457,590073120,16150,16512,7086.4,5798,6442.2,6443.2,0,6455,0.0,0,0,2017-04-18,34462600,6459.8,2,0,0,0,0,0,0,0,0,6460.2,2,0,0,0,0,0,0,0,0
458,2017-04-18,09:34:23,100,IC1704,CCFX,6459.8,6447.6,6464.4,458,591365080,16150,16512,7086.4,5798,6442.2,6443.2,0,6455,0.0,0,0,2017-04-18,34463100,6459.8,1,0,0,0,0,0,0,0,0,6460.2,2,0,0,0,0,0,0,0,0
459,2017-04-18,09:34:23,600,IC1704,CCFX,6460.2,6447.6,6464.4,460,593949160,16149,16512,7086.4,5798,6442.2,6443.2,0,6455,0.0,0,0,2017-04-18,34463600,6459.8,1,0,0,0,0,0,0,0,0,6460.6,2,0,0,0,0,0,0,0,0
460,2017-04-18,09:34:24,100,IC1704,CCFX,6460.0,6447.6,6464.4,461,595241160,16148,16512,7086.4,5798,6442.2,6443.2,0,6455,0.0,0,0,2017-04-18,34464100,6459.8,1,0,0,0,0,0,0,0,0,6460.6,2,0,0,0,0,0,0,0,0
461,2017-04-18,09:34:24,600,IC1704,CCFX,6460.6,6447.6,6464.4,466,601701920,16143,16512,7086.4,5798,6442.2,6443.2,0,6455,0.0,0,0,2017-04-18,34464600,6459.8,1,0,0,0,0,0,0,0,0,6461.6,1,0,0,0,0,0,0,0,0
462,2017-04-18,09:34:25,100,IC1704,CCFX,6460.6,6447.6,6464.4,466,601701920,16143,16512,7086.4,5798,6442.2,6443.2,0,6455,0.0,0,0,2017-04-18,34465100,6460.0,1,0,0,0,0,0,0,0,0,6462.0,1,0,0,0,0,0,0,0,0
463,2017-04-18,09:34:25,600,IC1704,CCFX,6460.6,6447.6,6464.4,466,601701920,16143,16512,7086.4,5798,6442.2,6443.2,0,6455,0.0,0,0,2017-04-18,34465600,6460.2,2,0,0,0,0,0,0,0,0,6462.0,1,0,0,0,0,0,0,0,0
464,2017-04-18,09:34:26,100,IC1704,CCFX,6460.6,6447.6,6464.4,466,601701920,16143,16512,7086.4,5798,6442.2,6443.2,0,6455,0.0,0,0,2017-04-18,34466100,6460.4,1,0,0,0,0,0,0,0,0,6461.8,1,0,0,0,0,0,0,0,0
465,2017-04-18,09:34:26,600,IC1704,CCFX,6460.6,6447.6,6464.4,466,601701920,16143,16512,7086.4,5798,6442.2,6443.2,0,6455,0.0,0,0,2017-04-18,34466600,6460.2,2,0,0,0,0,0,0,0,0,6461.8,1,0,0,0,0,0,0,0,0
466,2017-04-18,09:34:27,100,IC1704,CCFX,6460.2,6447.6,6464.4,468,604286000,16141,16512,7086.4,5798,6442.2,6443.2,0,6455,0.0,0,0,2017-04-18,34467100,6460.0,2,0,0,0,0,0,0,0,0,6461.8,1,0,0,0,0,0,0,0,0
467,2017-04-18,09:34:27,600,IC1704,CCFX,6460.0,6447.6,6464.4,469,605578000,16140,16512,7086.4,5798,6442.2,6443.2,0,6455,0.0,0,0,2017-04-18,34467600,6460.2,1,0,0,0,0,0,0,0,0,6461.8,1,0,0,0,0,0,0,0,0
468,2017-04-18,09:34:28,100,IC1704,CCFX,6460.0,6447.6,6464.4,469,605578000,16140,16512,7086.4,5798,6442.2,6443.2,0,6455,0.0,0,0,2017-04-18,34468100,6460.2,1,0,0,0,0,0,0,0,0,6461.8,2,0,0,0,0,0,0,0,0
469,2017-04-18,09:34:28,600,IC1704,CCFX,6460.0,6447.6,6464.4,470,606870000,16140,16512,7086.4,5798,6442.2,6443.2,0,6455,0.0,0,0,2017-04-18,34468600,6459.2,4,0,0,0,0,0,0,0,0,6461.8,2,0,0,0,0,0,0,0,0
470,2017-04-18,09:34:29,100,IC1704,CCFX,6460.0,6447.6,6464.4,470,606870000,16140,16512,7086.4,5798,6442.2,6443.2,0,6455,0.0,0,0,2017-04-18,34469100,6460.2,1,0,0,0,0,0,0,0,0,6460.6,8,0,0,0,0,0,0,0,0
471,2017-04-18,09:34:29,600,IC1704,CCFX,6460.0,6447.6,6464.4,472,609454040,16139,16512,7086.4,5798,6442.2,6443.2,0,6455,0.0,0,0,2017-04-18,34469600,6460.0,2,0,0,0,0,0,0,0,0,6460.2,1,0,0,0,0,0,0,0,0
472,2017-04-18,09:34:30,100,IC1704,CCFX,6460.0,6447.6,6464.4,474,612038040,16137,16512,7086.4,5798,6442.2,6443.2,0,6455,0.0,0,0,2017-04-18,34470100,6459.2,4,0,0,0,0,0,0,0,0,6460.0,1,0,0,0,0,0,0,0,0
473,2017-04-18,09:34:30,600,IC1704,CCFX,6460.0,6447.6,6464.4,474,612038040,16137,16512,7086.4,5798,6442.2,6443.2,0,6455,0.0,0,0,2017-04-18,34470600,6459.2,4,0,0,0,0,0,0,0,0,6460.0,1,0,0,0,0,0,0,0,0
474,2017-04-18,09:34:31,100,IC1704,CCFX,6459.2,6447.6,6464.4,476,614621880,16137,16512,7086.4,5798,6442.2,6443.2,0,6455,0.0,0,0,2017-04-18,34471100,6459.2,3,0,0,0,0,0,0,0,0,6460.6,8,0,0,0,0,0,0,0,0
475,2017-04-18,09:34:31,600,IC1704,CCFX,6460.0,6447.6,6464.4,478,617206000,16136,16512,7086.4,5798,6442.2,6443.2,0,6455,0.0,0,0,2017-04-18,34471600,6459.2,3,0,0,0,0,0,0,0,0,6460.6,7,0,0,0,0,0,0,0,0
476,2017-04-18,09:34:32,600,IC1704,CCFX,6460.0,6447.6,6464.4,478,617206000,16136,16512,7086.4,5798,6442.2,6443.2,0,6455,0.0,0,0,2017-04-18,34472600,6459.2,1,0,0,0,0,0,0,0,0,6460.6,7,0,0,0,0,0,0,0,0
477,2017-04-18,09:34:33,600,IC1704,CCFX,6459.2,6447.6,6464.4,479,618497840,16136,16512,7086.4,5798,6442.2,6443.2,0,6455,0.0,0,0,2017-04-18,34473600,6457.4,3,0,0,0,0,0,0,0,0,6460.6,7,0,0,0,0,0,0,0,0
478,2017-04-18,09:34:34,100,IC1704,CCFX,6459.2,6447.6,6464.4,479,618497840,16136,16512,7086.4,5798,6442.2,6443.2,0,6455,0.0,0,0,2017-04-18,34474100,6457.6,1,0,0,0,0,0,0,0,0,6460.2,1,0,0,0,0,0,0,0,0
479,2017-04-18,09:34:34,600,IC1704,CCFX,6460.6,6447.6,6464.4,484,624958240,16132,16512,7086.4,5798,6442.2,6443.2,0,6455,0.0,0,0,2017-04-18,34474600,6458.0,1,0,0,0,0,0,0,0,0,6460.6,6,0,0,0,0,0,0,0,0
480,2017-04-18,09:34:35,100,IC1704,CCFX,6460.6,6447.6,6464.4,488,630126720,16128,16512,7086.4,5798,6442.2,6443.2,0,6455,0.0,0,0,2017-04-18,34475100,6460.0,1,0,0,0,0,0,0,0,0,6460.6,2,0,0,0,0,0,0,0,0
481,2017-04-18,09:34:35,600,IC1704,CCFX,6460.6,6447.6,6464.4,488,630126720,16128,16512,7086.4,5798,6442.2,6443.2,0,6455,0.0,0,0,2017-04-18,34475600,6460.2,1,0,0,0,0,0,0,0,0,6460.6,2,0,0,0,0,0,0,0,0
482,2017-04-18,09:34:36,100,IC1704,CCFX,6460.6,6447.6,6464.4,488,630126720,16128,16512,7086.4,5798,6442.2,6443.2,0,6455,0.0,0,0,2017-04-18,34476100,6460.2,1,0,0,0,0,0,0,0,0,6460.6,2,0,0,0,0,0,0,0,0
483,2017-04-18,09:34:36,600,IC1704,CCFX,6460.6,6447.6,6464.4,489,631418840,16128,16512,7086.4,5798,6442.2,6443.2,0,6455,0.0,0,0,2017-04-18,34476600,6460.2,1,0,0,0,0,0,0,0,0,6460.6,1,0,0,0,0,0,0,0,0
484,2017-04-18,09:34:37,100,IC1704,CCFX,6460.4,6447.6,6464.4,491,634003040,16127,16512,7086.4,5798,6442.2,6443.2,0,6455,0.0,0,0,2017-04-18,34477100,6460.2,1,0,0,0,0,0,0,0,0,6460.8,1,0,0,0,0,0,0,0,0
485,2017-04-18,09:34:37,600,IC1704,CCFX,6460.8,6447.6,6464.4,493,636587360,16125,16512,7086.4,5798,6442.2,6443.2,0,6455,0.0,0,0,2017-04-18,34477600,6460.8,2,0,0,0,0,0,0,0,0,6461.6,1,0,0,0,0,0,0,0,0
486,2017-04-18,09:34:38,100,IC1704,CCFX,6460.8,6447.6,6464.4,493,636587360,16125,16512,7086.4,5798,6442.2,6443.2,0,6455,0.0,0,0,2017-04-18,34478100,6461.4,1,0,0,0,0,0,0,0,0,6461.6,1,0,0,0,0,0,0,0,0
487,2017-04-18,09:34:38,600,IC1704,CCFX,6461.6,6447.6,6464.4,494,637879680,16124,16512,7086.4,5798,6442.2,6443.2,0,6455,0.0,0,0,2017-04-18,34478600,6461.0,1,0,0,0,0,0,0,0,0,6461.8,1,0,0,0,0,0,0,0,0
488,2017-04-18,09:34:39,100,IC1704,CCFX,6461.8,6447.6,6464.4,495,639172040,16123,16512,7086.4,5798,6442.2,6443.2,0,6455,0.0,0,0,2017-04-18,34479100,6461.0,1,0,0,0,0,0,0,0,0,6462.0,1,0,0,0,0,0,0,0,0
489,2017-04-18,09:34:39,600,IC1704,CCFX,6461.8,6447.6,6464.4,497,641756760,16121,16512,7086.4,5798,6442.2,6443.2,0,6455,0.0,0,0,2017-04-18,34479600,6461.8,1,0,0,0,0,0,0,0,0,6462.0,1,0,0,0,0,0,0,0,0
490,2017-04-18,09:34:40,100,IC1704,CCFX,6461.8,6447.6,6464.4,499,644341520,16120,16512,7086.4,5798,6442.2,6443.2,0,6455,0.0,0,0,2017-04-18,34480100,6460.8,2,0,0,0,0,0,0,0,0,6462.6,1,0,0,0,0,0,0,0,0
491,2017-04-18,09:34:40,600,IC1704,CCFX,6461.8,6447.6,6464.4,499,644341520,16120,16512,7086.4,5798,6442.2,6443.2,0,6455,0.0,0,0,2017-04-18,34480600,6461.0,1,0,0,0,0,0,0,0,0,6462.6,1,0,0,0,0,0,0,0,0
492,2017-04-18,09:34:41,600,IC1704,CCFX,6462.8,6447.6,6464.4,501,646926600,16120,16512,7086.4,5798,6442.2,6443.2,0,6455,0.0,0,0,2017-04-18,34481600,6461.0,1,0,0,0,0,0,0,0,0,6462.8,4,0,0,0,0,0,0,0,0
493,2017-04-18,09:34:42,100,IC1704,CCFX,6462.8,6447.6,6464.4,503,649511720,16120,16512,7086.4,5798,6442.2,6443.2,0,6455,0.0,0,0,2017-04-18,34482100,6461.0,1,0,0,0,0,0,0,0,0,6462.8,2,0,0,0,0,0,0,0,0
494,2017-04-18,09:34:43,600,IC1704,CCFX,6461.0,6447.6,6464.4,504,650803920,16120,16512,7086.4,5798,6442.2,6443.2,0,6455,0.0,0,0,2017-04-18,34483600,6460.8,2,0,0,0,0,0,0,0,0,6461.0,2,0,0,0,0,0,0,0,0
495,2017-04-18,09:34:44,100,IC1704,CCFX,6460.8,6447.6,6464.4,507,654680480,16118,16512,7086.4,5798,6442.2,6443.2,0,6455,0.0,0,0,2017-04-18,34484100,6461.0,2,0,0,0,0,0,0,0,0,6462.8,3,0,0,0,0,0,0,0,0
496,2017-04-18,09:34:44,600,IC1704,CCFX,6460.8,6447.6,6464.4,507,654680480,16118,16512,7086.4,5798,6442.2,6443.2,0,6455,0.0,0,0,2017-04-18,34484600,6461.2,1,0,0,0,0,0,0,0,0,6462.8,3,0,0,0,0,0,0,0,0
497,2017-04-18,09:34:45,600,IC1704,CCFX,6460.8,6447.6,6464.4,507,654680480,16118,16512,7086.4,5798,6442.2,6443.2,0,6455,0.0,0,0,2017-04-18,34485600,6461.2,2,0,0,0,0,0,0,0,0,6462.8,3,0,0,0,0,0,0,0,0
498,2017-04-18,09:34:46,100,IC1704,CCFX,6460.8,6447.6,6464.4,507,654680480,16118,16512,7086.4,5798,6442.2,6443.2,0,6455,0.0,0,0,2017-04-18,34486100,6461.2,2,0,0,0,0,0,0,0,0,6462.6,1,0,0,0,0,0,0,0,0
499,2017-04-18,09:34:46,600,IC1704,CCFX,6462.6,6447.6,6464.4,508,655973000,16117,16512,7086.4,5798,6442.2,6443.2,0,6455,0.0,0,0,2017-04-18,34486600,6461.2,2,0,0,0,0,0,0,0,0,6462.8,3,0,0,0,0,0,0,0,0
500,2017-04-18,09:34:47,100,IC1704,CCFX,6461.2,6447.6,6464.4,511,659850040,16115,16512,7086.4,5798,6442.2,6443.2,0,6455,0.0,0,0,2017-04-18,34487100,6461.0,2,0,0,0,0,0,0,0,0,6462.2,1,0,0,0,0,0,0,0,0
501,2017-04-18,09:34:47,600,IC1704,CCFX,6462.2,6447.6,6464.4,512,661142480,16114,16512,7086.4,5798,6442.2,6443.2,0,6455,0.0,0,0,2017-04-18,34487600,6462.2,1,0,0,0,0,0,0,0,0,6462.8,2,0,0,0,0,0,0,0,0
502,2017-04-18,09:34:48,100,IC1704,CCFX,6462.2,6447.6,6464.4,512,661142480,16114,16512,7086.4,5798,6442.2,6443.2,0,6455,0.0,0,0,2017-04-18,34488100,6458.6,1,0,0,0,0,0,0,0,0,6462.2,1,0,0,0,0,0,0,0,0
