,dataDate,dataTime,dataMillisec,instrumentID,exchangeCD,lastPrice,lowPrice,highPrice,volume,value,openInterest,preOpenInterest,upperLimitPrice,lowerLimitPrice,preSettlementPrice,prevClosePrice,settlementPrice,openPrice,closePrice,preDelta,currDelta,clearingDay,milliSecOffset,bidPrice1,bidVolume1,bidPrice2,bidVolume2,bidPrice3,bidVolume3,bidPrice4,bidVolume4,bidPrice5,bidVolume5,askPrice1,askVolume1,askPrice2,askVolume2,askPrice3,askVolume3,askPrice4,askVolume4,askPrice5,askVolume5
0,2017-04-18,00:00:00,0,IF1704,CCFX,3472.4,0.0,0.0,0,0,23751,23751,0.0,0,3468.8,3472.4,0,0.0,0.0,0,0,2017-04-18,0,0.0,0,0,0,0,0,0,0,0,0,0.0,0,0,0,0,0,0,0,0,0
1,2017-04-18,00:00:00,0,IF1704,CCFX,3472.4,0.0,0.0,0,0,23751,23751,0.0,0,3468.8,3472.4,0,0.0,0.0,0,0,2017-04-18,0,0.0,0,0,0,0,0,0,0,0,0,0.0,0,0,0,0,0,0,0,0,0
2,2017-04-18,07:03:53,100,IF1704,CCFX,3472.4,0.0,0.0,0,0,23751,23751,3815.6,3122,3468.8,3472.4,0,0.0,0.0,0,0,2017-04-18,25433100,0.0,0,0,0,0,0,0,0,0,0,0.0,0,0,0,0,0,0,0,0,0
3,2017-04-18,07:03:53,100,IF1704,CCFX,3472.4,0.0,0.0,0,0,23751,23751,3815.6,3122,3468.8,3472.4,0,0.0,0.0,0,0,2017-04-18,25433100,0.0,0,0,0,0,0,0,0,0,0,0.0,0,0,0,0,0,0,0,0,0
4,2017-04-18,09:29:00,100,IF1704,CCFX,3470.2,3470.2,3470.2,35,36437100,23723,23751,3815.6,3122,3468.8,3472.4,0,3470.2,0.0,0,0,2017-04-18,34140100,3470.2,5,0,0,0,0,0,0,0,0,3470.4,1,0,0,0,0,0,0,0,0
5,2017-04-18,09:30:00,100,IF1704,CCFX,3470.6,3470.2,3470.6,38,39560580,23720,23751,3815.6,3122,3468.8,3472.4,0,3470.2,0.0,0,0,2017-04-18,34200100,3470.4,2,0,0,0,0,0,0,0,0,3471.6,1,0,0,0,0,0,0,0,0
6,2017-04-18,09:30:00,600,IF1704,CCFX,3471.6,3470.2,3472.6,53,55184940,23707,23751,3815.6,3122,3468.8,3472.4,0,3470.2,0.0,0,0,2017-04-18,34200600,3471.6,3,0,0,0,0,0,0,0,0,3471.8,1,0,0,0,0,0,0,0,0
7,2017-04-18,09:30:01,100,IF1704,CCFX,3471.8,3470.2,3472.6,55,57267960,23705,23751,3815.6,3122,3468.8,3472.4,0,3470.2,0.0,0,0,2017-04-18,34201100,3471.6,5,0,0,0,0,0,0,0,0,3472.8,1,0,0,0,0,0,0,0,0
8,2017-04-18,09:30:01,600,IF1704,CCFX,3471.8,3470.2,3472.6,55,57267960,23705,23751,3815.6,3122,3468.8,3472.4,0,3470.2,0.0,0,0,2017-04-18,34201600,3472.0,4,0,0,0,0,0,0,0,0,3472.8,1,0,0,0,0,0,0,0,0
9,2017-04-18,09:30:02,100,IF1704,CCFX,3472.8,3470.2,3472.8,57,59351640,23703,23751,3815.6,3122,3468.8,3472.4,0,3470.2,0.0,0,0,2017-04-18,34202100,3472.8,2,0,0,0,0,0,0,0,0,3473.0,6,0,0,0,0,0,0,0,0
10,2017-04-18,09:30:02,600,IF1704,CCFX,3473.0,3470.2,3473.0,64,66644760,23701,23751,3815.6,3122,3468.8,3472.4,0,3470.2,0.0,0,0,2017-04-18,34202600,3471.8,2,0,0,0,0,0,0,0,0,3472.6,1,0,0,0,0,0,0,0,0
11,2017-04-18,09:30:03,100,IF1704,CCFX,3473.0,3470.2,3473.0,69,71853540,23696,23751,3815.6,3122,3468.8,3472.4,0,3470.2,0.0,0,0,2017-04-18,34203100,3471.6,5,0,0,0,0,0,0,0,0,3473.0,1,0,0,0,0,0,0,0,0
12,2017-04-18,09:30:03,600,IF1704,CCFX,3473.0,3470.2,3473.0,69,71853540,23696,23751,3815.6,3122,3468.8,3472.4,0,3470.2,0.0,0,0,2017-04-18,34203600,3471.8,1,0,0,0,0,0,0,0,0,3472.6,1,0,0,0,0,0,0,0,0
13,2017-04-18,09:30:04,100,IF1704,CCFX,3473.0,3470.2,3473.0,70,72895440,23695,23751,3815.6,3122,3468.8,3472.4,0,3470.2,0.0,0,0,2017-04-18,34204100,3471.6,5,0,0,0,0,0,0,0,0,3472.4,1,0,0,0,0,0,0,0,0
14,2017-04-18,09:30:04,600,IF1704,CCFX,3471.6,3470.2,3473.0,71,73936920,23694,23751,3815.6,3122,3468.8,3472.4,0,3470.2,0.0,0,0,2017-04-18,34204600,3471.6,4,0,0,0,0,0,0,0,0,3472.0,1,0,0,0,0,0,0,0,0
15,2017-04-18,09:30:05,100,IF1704,CCFX,3472.0,3470.2,3473.0,74,77061540,23692,23751,3815.6,3122,3468.8,3472.4,0,3470.2,0.0,0,0,2017-04-18,34205100,3471.6,3,0,0,0,0,0,0,0,0,3472.4,1,0,0,0,0,0,0,0,0
16,2017-04-18,09:30:05,600,IF1704,CCFX,3472.2,3470.2,3473.0,77,80186280,23689,23751,3815.6,3122,3468.8,3472.4,0,3470.2,0.0,0,0,2017-04-18,34205600,3471.6,3,0,0,0,0,0,0,0,0,3472.4,1,0,0,0,0,0,0,0,0
17,2017-04-18,09:30:06,100,IF1704,CCFX,3472.2,3470.2,3473.0,77,80186280,23689,23751,3815.6,3122,3468.8,3472.4,0,3470.2,0.0,0,0,2017-04-18,34206100,3471.6,6,0,0,0,0,0,0,0,0,3472.4,1,0,0,0,0,0,0,0,0
18,2017-04-18,09:30:06,600,IF1704,CCFX,3471.6,3470.2,3473.0,78,81227760,23688,23751,3815.6,3122,3468.8,3472.4,0,3470.2,0.0,0,0,2017-04-18,34206600,3471.6,5,0,0,0,0,0,0,0,0,3472.4,1,0,0,0,0,0,0,0,0
19,2017-04-18,09:30:07,100,IF1704,CCFX,3471.6,3470.2,3473.0,78,81227760,23688,23751,3815.6,3122,3468.8,3472.4,0,3470.2,0.0,0,0,2017-04-18,34207100,3471.8,1,0,0,0,0,0,0,0,0,3472.4,1,0,0,0,0,0,0,0,0
20,2017-04-18,09:30:07,600,IF1704,CCFX,3472.4,3470.2,3473.0,82,85393920,23685,23751,3815.6,3122,3468.8,3472.4,0,3470.2,0.0,0,0,2017-04-18,34207600,3471.8,1,0,0,0,0,0,0,0,0,3473.0,1,0,0,0,0,0,0,0,0
21,2017-04-18,09:30:08,100,IF1704,CCFX,3471.6,3470.2,3473.0,85,88518840,23682,23751,3815.6,3122,3468.8,3472.4,0,3470.2,0.0,0,0,2017-04-18,34208100,3473.0,1,0,0,0,0,0,0,0,0,3473.6,2,0,0,0,0,0,0,0,0
22,2017-04-18,09:30:08,600,IF1704,CCFX,3473.6,3470.2,3473.6,90,93727440,23677,23751,3815.6,3122,3468.8,3472.4,0,3470.2,0.0,0,0,2017-04-18,34208600,3473.2,1,0,0,0,0,0,0,0,0,3473.6,1,0,0,0,0,0,0,0,0
23,2017-04-18,09:30:09,100,IF1704,CCFX,3473.2,3470.2,3473.6,92,95811360,23676,23751,3815.6,3122,3468.8,3472.4,0,3470.2,0.0,0,0,2017-04-18,34209100,3471.6,3,0,0,0,0,0,0,0,0,3473.2,10,0,0,0,0,0,0,0,0
24,2017-04-18,09:30:09,600,IF1704,CCFX,3471.8,3470.2,3473.6,94,97894860,23674,23751,3815.6,3122,3468.8,3472.4,0,3470.2,0.0,0,0,2017-04-18,34209600,3471.6,5,0,0,0,0,0,0,0,0,3473.0,5,0,0,0,0,0,0,0,0
25,2017-04-18,09:30:10,100,IF1704,CCFX,3471.8,3470.2,3473.6,94,97894860,23674,23751,3815.6,3122,3468.8,3472.4,0,3470.2,0.0,0,0,2017-04-18,34210100,3471.6,5,0,0,0,0,0,0,0,0,3473.0,5,0,0,0,0,0,0,0,0
26,2017-04-18,09:30:10,600,IF1704,CCFX,3472.8,3470.2,3473.6,97,101019660,23674,23751,3815.6,3122,3468.8,3472.4,0,3470.2,0.0,0,0,2017-04-18,34210600,3471.6,3,0,0,0,0,0,0,0,0,3473.0,5,0,0,0,0,0,0,0,0
27,2017-04-18,09:30:11,100,IF1704,CCFX,3472.8,3470.2,3473.6,99,103103340,23673,23751,3815.6,3122,3468.8,3472.4,0,3470.2,0.0,0,0,2017-04-18,34211100,3471.6,5,0,0,0,0,0,0,0,0,3473.0,5,0,0,0,0,0,0,0,0
28,2017-04-18,09:30:11,600,IF1704,CCFX,3473.0,3470.2,3473.6,100,104145240,23672,23751,3815.6,3122,3468.8,3472.4,0,3470.2,0.0,0,0,2017-04-18,34211600,3471.6,5,0,0,0,0,0,0,0,0,3473.0,3,0,0,0,0,0,0,0,0
29,2017-04-18,09:30:12,100,IF1704,CCFX,3471.8,3470.2,3473.6,101,105186780,23671,23751,3815.6,3122,3468.8,3472.4,0,3470.2,0.0,0,0,2017-04-18,34212100,3471.8,4,0,0,0,0,0,0,0,0,3473.0,3,0,0,0,0,0,0,0,0
30,2017-04-18,09:30:12,600,IF1704,CCFX,3473.0,3470.2,3473.6,102,106228680,23670,23751,3815.6,3122,3468.8,3472.4,0,3470.2,0.0,0,0,2017-04-18,34212600,3471.8,10,0,0,0,0,0,0,0,0,3473.0,1,0,0,0,0,0,0,0,0
31,2017-04-18,09:30:13,100,IF1704,CCFX,3473.2,3470.2,3473.6,104,108312540,23668,23751,3815.6,3122,3468.8,3472.4,0,3470.2,0.0,0,0,2017-04-18,34213100,3472.0,2,0,0,0,0,0,0,0,0,3473.2,9,0,0,0,0,0,0,0,0
32,2017-04-18,09:30:13,600,IF1704,CCFX,3473.2,3470.2,3473.6,109,113522340,23663,23751,3815.6,3122,3468.8,3472.4,0,3470.2,0.0,0,0,2017-04-18,34213600,3472.2,3,0,0,0,0,0,0,0,0,3473.2,4,0,0,0,0,0,0,0,0
33,2017-04-18,09:30:14,100,IF1704,CCFX,3473.2,3470.2,3473.6,112,116648220,23660,23751,3815.6,3122,3468.8,3472.4,0,3470.2,0.0,0,0,2017-04-18,34214100,3472.4,6,0,0,0,0,0,0,0,0,3473.2,1,0,0,0,0,0,0,0,0
34,2017-04-18,09:30:14,600,IF1704,CCFX,3472.6,3470.2,3473.6,114,118731960,23658,23751,3815.6,3122,3468.8,3472.4,0,3470.2,0.0,0,0,2017-04-18,34214600,3472.6,2,0,0,0,0,0,0,0,0,3473.0,1,0,0,0,0,0,0,0,0
35,2017-04-18,09:30:15,100,IF1704,CCFX,3473.6,3470.2,3473.6,119,123941640,23653,23751,3815.6,3122,3468.8,3472.4,0,3470.2,0.0,0,0,2017-04-18,34215100,3473.0,4,0,0,0,0,0,0,0,0,3474.4,2,0,0,0,0,0,0,0,0
36,2017-04-18,09:30:15,600,IF1704,CCFX,3474.4,3470.2,3474.4,120,124983960,23652,23751,3815.6,3122,3468.8,3472.4,0,3470.2,0.0,0,0,2017-04-18,34215600,3473.2,2,0,0,0,0,0,0,0,0,3474.2,1,0,0,0,0,0,0,0,0
37,2017-04-18,09:30:16,100,IF1704,CCFX,3474.2,3470.2,3474.6,126,131237460,23648,23751,3815.6,3122,3468.8,3472.4,0,3470.2,0.0,0,0,2017-04-18,34216100,3473.4,3,0,0,0,0,0,0,0,0,3474.2,4,0,0,0,0,0,0,0,0
38,2017-04-18,09:30:16,600,IF1704,CCFX,3474.8,3470.2,3474.8,132,137491020,23642,23751,3815.6,3122,3468.8,3472.4,0,3470.2,0.0,0,0,2017-04-18,34216600,3473.6,1,0,0,0,0,0,0,0,0,3475.4,3,0,0,0,0,0,0,0,0
39,2017-04-18,09:30:17,100,IF1704,CCFX,3474.8,3470.2,3474.8,132,137491020,23642,23751,3815.6,3122,3468.8,3472.4,0,3470.2,0.0,0,0,2017-04-18,34217100,3473.8,2,0,0,0,0,0,0,0,0,3475.2,2,0,0,0,0,0,0,0,0
40,2017-04-18,09:30:17,600,IF1704,CCFX,3474.8,3470.2,3474.8,132,137491020,23642,23751,3815.6,3122,3468.8,3472.4,0,3470.2,0.0,0,0,2017-04-18,34217600,3474.0,1,0,0,0,0,0,0,0,0,3475.0,1,0,0,0,0,0,0,0,0
41,2017-04-18,09:30:18,100,IF1704,CCFX,3474.0,3470.2,3474.8,134,139575420,23641,23751,3815.6,3122,3468.8,3472.4,0,3470.2,0.0,0,0,2017-04-18,34218100,3473.6,2,0,0,0,0,0,0,0,0,3475.0,2,0,0,0,0,0,0,0,0
42,2017-04-18,09:30:18,600,IF1704,CCFX,3474.0,3470.2,3474.8,134,139575420,23641,23751,3815.6,3122,3468.8,3472.4,0,3470.2,0.0,0,0,2017-04-18,34218600,3474.2,1,0,0,0,0,0,0,0,0,3475.0,2,0,0,0,0,0,0,0,0
43,2017-04-18,09:30:19,100,IF1704,CCFX,3474.0,3470.2,3474.8,134,139575420,23641,23751,3815.6,3122,3468.8,3472.4,0,3470.2,0.0,0,0,2017-04-18,34219100,3474.2,1,0,0,0,0,0,0,0,0,3474.8,1,0,0,0,0,0,0,0,0
44,2017-04-18,09:30:19,600,IF1704,CCFX,3474.0,3470.2,3474.8,134,139575420,23641,23751,3815.6,3122,3468.8,3472.4,0,3470.2,0.0,0,0,2017-04-18,34219600,3474.2,1,0,0,0,0,0,0,0,0,3474.6,1,0,0,0,0,0,0,0,0
45,2017-04-18,09:30:20,100,IF1704,CCFX,3474.0,3470.2,3474.8,134,139575420,23641,23751,3815.6,3122,3468.8,3472.4,0,3470.2,0.0,0,0,2017-04-18,34220100,3474.2,1,0,0,0,0,0,0,0,0,3474.6,1,0,0,0,0,0,0,0,0
46,2017-04-18,09:30:20,600,IF1704,CCFX,3474.2,3470.2,3474.8,135,140617680,23640,23751,3815.6,3122,3468.8,3472.4,0,3470.2,0.0,0,0,2017-04-18,34220600,3473.6,2,0,0,0,0,0,0,0,0,3474.6,1,0,0,0,0,0,0,0,0
47,2017-04-18,09:30:21,100,IF1704,CCFX,3474.6,3470.2,3474.8,136,141660060,23639,23751,3815.6,3122,3468.8,3472.4,0,3470.2,0.0,0,0,2017-04-18,34221100,3473.6,2,0,0,0,0,0,0,0,0,3474.8,1,0,0,0,0,0,0,0,0
48,2017-04-18,09:30:21,600,IF1704,CCFX,3473.6,3470.2,3474.8,137,142702140,23638,23751,3815.6,3122,3468.8,3472.4,0,3470.2,0.0,0,0,2017-04-18,34221600,3473.4,1,0,0,0,0,0,0,0,0,3474.2,1,0,0,0,0,0,0,0,0
49,2017-04-18,09:30:22,100,IF1704,CCFX,3474.2,3470.2,3474.8,138,143744400,23637,23751,3815.6,3122,3468.8,3472.4,0,3470.2,0.0,0,0,2017-04-18,34222100,3473.4,2,0,0,0,0,0,0,0,0,3474.4,1,0,0,0,0,0,0,0,0
50,2017-04-18,09:30:22,600,IF1704,CCFX,3474.4,3470.2,3474.8,140,145828740,23635,23751,3815.6,3122,3468.8,3472.4,0,3470.2,0.0,0,0,2017-04-18,34222600,3473.0,2,0,0,0,0,0,0,0,0,3474.8,1,0,0,0,0,0,0,0,0
51,2017-04-18,09:30:23,100,IF1704,CCFX,3474.6,3470.2,3474.8,145,151040160,23631,23751,3815.6,3122,3468.8,3472.4,0,3470.2,0.0,0,0,2017-04-18,34223100,3473.2,6,0,0,0,0,0,0,0,0,3474.6,1,0,0,0,0,0,0,0,0
52,2017-04-18,09:30:23,600,IF1704,CCFX,3474.6,3470.2,3474.8,145,151040160,23631,23751,3815.6,3122,3468.8,3472.4,0,3470.2,0.0,0,0,2017-04-18,34223600,3474.2,1,0,0,0,0,0,0,0,0,3474.4,1,0,0,0,0,0,0,0,0
53,2017-04-18,09:30:24,100,IF1704,CCFX,3473.4,3470.2,3474.8,148,154166460,23629,23751,3815.6,3122,3468.8,3472.4,0,3470.2,0.0,0,0,2017-04-18,34224100,3473.4,3,0,0,0,0,0,0,0,0,3473.6,1,0,0,0,0,0,0,0,0
54,2017-04-18,09:30:24,600,IF1704,CCFX,3473.4,3470.2,3474.8,151,157292580,23626,23751,3815.6,3122,3468.8,3472.4,0,3470.2,0.0,0,0,2017-04-18,34224600,3473.6,1,0,0,0,0,0,0,0,0,3474.4,1,0,0,0,0,0,0,0,0
55,2017-04-18,09:30:25,100,IF1704,CCFX,3473.4,3470.2,3474.8,151,157292580,23626,23751,3815.6,3122,3468.8,3472.4,0,3470.2,0.0,0,0,2017-04-18,34225100,3473.6,1,0,0,0,0,0,0,0,0,3474.2,1,0,0,0,0,0,0,0,0
56,2017-04-18,09:30:25,600,IF1704,CCFX,3473.6,3470.2,3474.8,153,159376920,23624,23751,3815.6,3122,3468.8,3472.4,0,3470.2,0.0,0,0,2017-04-18,34225600,3473.4,1,0,0,0,0,0,0,0,0,3474.4,1,0,0,0,0,0,0,0,0
57,2017-04-18,09:30:26,100,IF1704,CCFX,3473.2,3470.2,3474.8,155,161460900,23622,23751,3815.6,3122,3468.8,3472.4,0,3470.2,0.0,0,0,2017-04-18,34226100,3473.2,1,0,0,0,0,0,0,0,0,3474.0,1,0,0,0,0,0,0,0,0
58,2017-04-18,09:30:26,600,IF1704,CCFX,3473.2,3470.2,3474.8,155,161460900,23622,23751,3815.6,3122,3468.8,3472.4,0,3470.2,0.0,0,0,2017-04-18,34226600,3473.2,1,0,0,0,0,0,0,0,0,3473.4,1,0,0,0,0,0,0,0,0
59,2017-04-18,09:30:27,100,IF1704,CCFX,3473.2,3470.2,3474.8,157,163544820,23620,23751,3815.6,3122,3468.8,3472.4,0,3470.2,0.0,0,0,2017-04-18,34227100,3473.0,3,0,0,0,0,0,0,0,0,3473.2,1,0,0,0,0,0,0,0,0
60,2017-04-18,09:30:27,600,IF1704,CCFX,3473.2,3470.2,3474.8,158,164586780,23619,23751,3815.6,3122,3468.8,3472.4,0,3470.2,0.0,0,0,2017-04-18,34227600,3473.0,3,0,0,0,0,0,0,0,0,3473.2,1,0,0,0,0,0,0,0,0
61,2017-04-18,09:30:28,100,IF1704,CCFX,3473.2,3470.2,3474.8,159,165628740,23618,23751,3815.6,3122,3468.8,3472.4,0,3470.2,0.0,0,0,2017-04-18,34228100,3473.2,2,0,0,0,0,0,0,0,0,3473.4,5,0,0,0,0,0,0,0,0
62,2017-04-18,09:30:28,600,IF1704,CCFX,3473.2,3470.2,3474.8,160,166670700,23617,23751,3815.6,3122,3468.8,3472.4,0,3470.2,0.0,0,0,2017-04-18,34228600,3473.2,2,0,0,0,0,0,0,0,0,3473.4,5,0,0,0,0,0,0,0,0
63,2017-04-18,09:30:29,100,IF1704,CCFX,3473.2,3470.2,3474.8,162,168754620,23615,23751,3815.6,3122,3468.8,3472.4,0,3470.2,0.0,0,0,2017-04-18,34229100,3473.0,3,0,0,0,0,0,0,0,0,3473.2,8,0,0,0,0,0,0,0,0
64,2017-04-18,09:30:29,600,IF1704,CCFX,3473.0,3470.2,3474.8,165,171880320,23613,23751,3815.6,3122,3468.8,3472.4,0,3470.2,0.0,0,0,2017-04-18,34229600,3472.4,1,0,0,0,0,0,0,0,0,3473.0,1,0,0,0,0,0,0,0,0
65,2017-04-18,09:30:30,100,IF1704,CCFX,3473.0,3470.2,3474.8,167,173963940,23612,23751,3815.6,3122,3468.8,3472.4,0,3470.2,0.0,0,0,2017-04-18,34230100,3472.2,5,0,0,0,0,0,0,0,0,3473.2,9,0,0,0,0,0,0,0,0
66,2017-04-18,09:30:30,600,IF1704,CCFX,3473.0,3470.2,3474.8,170,177089460,23609,23751,3815.6,3122,3468.8,3472.4,0,3470.2,0.0,0,0,2017-04-18,34230600,3473.0,1,0,0,0,0,0,0,0,0,3473.2,8,0,0,0,0,0,0,0,0
67,2017-04-18,09:30:31,100,IF1704,CCFX,3473.0,3470.2,3474.8,171,178131360,23608,23751,3815.6,3122,3468.8,3472.4,0,3470.2,0.0,0,0,2017-04-18,34231100,3472.2,4,0,0,0,0,0,0,0,0,3473.0,1,0,0,0,0,0,0,0,0
68,2017-04-18,09:30:32,100,IF1704,CCFX,3473.0,3470.2,3474.8,171,178131360,23608,23751,3815.6,3122,3468.8,3472.4,0,3470.2,0.0,0,0,2017-04-18,34232100,3472.4,2,0,0,0,0,0,0,0,0,3473.0,1,0,0,0,0,0,0,0,0
69,2017-04-18,09:30:33,100,IF1704,CCFX,3473.0,3470.2,3474.8,171,178131360,23608,23751,3815.6,3122,3468.8,3472.4,0,3470.2,0.0,0,0,2017-04-18,34233100,3472.4,2,0,0,0,0,0,0,0,0,3472.8,1,0,0,0,0,0,0,0,0
70,2017-04-18,09:30:34,100,IF1704,CCFX,3473.0,3470.2,3474.8,171,178131360,23608,23751,3815.6,3122,3468.8,3472.4,0,3470.2,0.0,0,0,2017-04-18,34234100,3472.4,2,0,0,0,0,0,0,0,0,3472.8,6,0,0,0,0,0,0,0,0
71,2017-04-18,09:30:34,600,IF1704,CCFX,3472.4,3470.2,3474.8,172,179173080,23607,23751,3815.6,3122,3468.8,3472.4,0,3470.2,0.0,0,0,2017-04-18,34234600,3472.4,1,0,0,0,0,0,0,0,0,3472.8,6,0,0,0,0,0,0,0,0
72,2017-04-18,09:30:35,100,IF1704,CCFX,3472.8,3470.2,3474.8,173,180214920,23606,23751,3815.6,3122,3468.8,3472.4,0,3470.2,0.0,0,0,2017-04-18,34235100,3472.4,1,0,0,0,0,0,0,0,0,3472.8,4,0,0,0,0,0,0,0,0
73,2017-04-18,09:30:35,600,IF1704,CCFX,3472.8,3470.2,3474.8,173,180214920,23606,23751,3815.6,3122,3468.8,3472.4,0,3470.2,0.0,0,0,2017-04-18,34235600,3472.4,1,0,0,0,0,0,0,0,0,3472.6,3,0,0,0,0,0,0,0,0
74,2017-04-18,09:30:36,100,IF1704,CCFX,3472.4,3470.2,3474.8,174,181256640,23605,23751,3815.6,3122,3468.8,3472.4,0,3470.2,0.0,0,0,2017-04-18,34236100,3472.4,3,0,0,0,0,0,0,0,0,3472.6,3,0,0,0,0,0,0,0,0
75,2017-04-18,09:30:36,600,IF1704,CCFX,3472.6,3470.2,3474.8,177,184381980,23602,23751,3815.6,3122,3468.8,3472.4,0,3470.2,0.0,0,0,2017-04-18,34236600,3472.4,3,0,0,0,0,0,0,0,0,3472.8,4,0,0,0,0,0,0,0,0
76,2017-04-18,09:30:37,100,IF1704,CCFX,3472.6,3470.2,3474.8,178,185423760,23601,23751,3815.6,3122,3468.8,3472.4,0,3470.2,0.0,0,0,2017-04-18,34237100,3472.6,2,0,0,0,0,0,0,0,0,3472.8,4,0,0,0,0,0,0,0,0
77,2017-04-18,09:30:37,600,IF1704,CCFX,3472.8,3470.2,3474.8,189,196884720,23591,23751,3815.6,3122,3468.8,3472.4,0,3470.2,0.0,0,0,2017-04-18,34237600,3472.6,4,0,0,0,0,0,0,0,0,3473.2,2,0,0,0,0,0,0,0,0
78,2017-04-18,09:30:38,100,IF1704,CCFX,3472.8,3470.2,3474.8,189,196884720,23591,23751,3815.6,3122,3468.8,3472.4,0,3470.2,0.0,0,0,2017-04-18,34238100,3472.8,3,0,0,0,0,0,0,0,0,3473.0,2,0,0,0,0,0,0,0,0
79,2017-04-18,09:30:38,600,IF1704,CCFX,3472.8,3470.2,3474.8,192,200010360,23588,23751,3815.6,3122,3468.8,3472.4,0,3470.2,0.0,0,0,2017-04-18,34238600,3472.8,4,0,0,0,0,0,0,0,0,3473.2,2,0,0,0,0,0,0,0,0
80,2017-04-18,09:30:39,100,IF1704,CCFX,3472.8,3470.2,3474.8,192,200010360,23588,23751,3815.6,3122,3468.8,3472.4,0,3470.2,0.0,0,0,2017-04-18,34239100,3473.0,2,0,0,0,0,0,0,0,0,3473.2,2,0,0,0,0,0,0,0,0
81,2017-04-18,09:30:39,600,IF1704,CCFX,3472.8,3470.2,3474.8,192,200010360,23588,23751,3815.6,3122,3468.8,3472.4,0,3470.2,0.0,0,0,2017-04-18,34239600,3473.0,4,0,0,0,0,0,0,0,0,3473.2,2,0,0,0,0,0,0,0,0
82,2017-04-18,09:30:40,100,IF1704,CCFX,3472.8,3470.2,3474.8,192,200010360,23588,23751,3815.6,3122,3468.8,3472.4,0,3470.2,0.0,0,0,2017-04-18,34240100,3473.0,4,0,0,0,0,0,0,0,0,3473.2,2,0,0,0,0,0,0,0,0
83,2017-04-18,09:30:40,600,IF1704,CCFX,3473.0,3470.2,3474.8,195,203136060,23587,23751,3815.6,3122,3468.8,3472.4,0,3470.2,0.0,0,0,2017-04-18,34240600,3473.0,1,0,0,0,0,0,0,0,0,3473.2,2,0,0,0,0,0,0,0,0
84,2017-04-18,09:30:41,100,IF1704,CCFX,3473.0,3470.2,3474.8,196,204177960,23586,23751,3815.6,3122,3468.8,3472.4,0,3470.2,0.0,0,0,2017-04-18,34241100,3473.0,1,0,0,0,0,0,0,0,0,3473.2,2,0,0,0,0,0,0,0,0
85,2017-04-18,09:30:41,600,IF1704,CCFX,3472.6,3470.2,3474.8,199,207303480,23583,23751,3815.6,3122,3468.8,3472.4,0,3470.2,0.0,0,0,2017-04-18,34241600,3473.0,1,0,0,0,0,0,0,0,0,3473.2,2,0,0,0,0,0,0,0,0
86,2017-04-18,09:30:42,100,IF1704,CCFX,3473.2,3470.2,3474.8,201,209387340,23581,23751,3815.6,3122,3468.8,3472.4,0,3470.2,0.0,0,0,2017-04-18,34242100,3472.6,1,0,0,0,0,0,0,0,0,3473.0,2,0,0,0,0,0,0,0,0
87,2017-04-18,09:30:42,600,IF1704,CCFX,3472.6,3470.2,3474.8,202,210429120,23580,23751,3815.6,3122,3468.8,3472.4,0,3470.2,0.0,0,0,2017-04-18,34242600,3472.4,1,0,0,0,0,0,0,0,0,3472.6,6,0,0,0,0,0,0,0,0
88,2017-04-18,09:30:43,100,IF1704,CCFX,3472.6,3470.2,3474.8,206,214596180,23577,23751,3815.6,3122,3468.8,3472.4,0,3470.2,0.0,0,0,2017-04-18,34243100,3472.2,6,0,0,0,0,0,0,0,0,3472.6,3,0,0,0,0,0,0,0,0
89,2017-04-18,09:30:43,600,IF1704,CCFX,3472.6,3470.2,3474.8,207,215637960,23576,23751,3815.6,3122,3468.8,3472.4,0,3470.2,0.0,0,0,2017-04-18,34243600,3472.2,6,0,0,0,0,0,0,0,0,3472.6,3,0,0,0,0,0,0,0,0
90,2017-04-18,09:30:44,100,IF1704,CCFX,3472.8,3470.2,3474.8,211,219805140,23574,23751,3815.6,3122,3468.8,3472.4,0,3470.2,0.0,0,0,2017-04-18,34244100,3472.2,6,0,0,0,0,0,0,0,0,3473.0,3,0,0,0,0,0,0,0,0
91,2017-04-18,09:30:44,600,IF1704,CCFX,3473.0,3470.2,3474.8,213,221888940,23572,23751,3815.6,3122,3468.8,3472.4,0,3470.2,0.0,0,0,2017-04-18,34244600,3472.6,4,0,0,0,0,0,0,0,0,3473.0,3,0,0,0,0,0,0,0,0
92,2017-04-18,09:30:45,100,IF1704,CCFX,3473.0,3470.2,3474.8,214,222930840,23571,23751,3815.6,3122,3468.8,3472.4,0,3470.2,0.0,0,0,2017-04-18,34245100,3472.6,4,0,0,0,0,0,0,0,0,3473.0,2,0,0,0,0,0,0,0,0
93,2017-04-18,09:30:45,600,IF1704,CCFX,3473.0,3470.2,3474.8,216,225014640,23569,23751,3815.6,3122,3468.8,3472.4,0,3470.2,0.0,0,0,2017-04-18,34245600,3472.6,4,0,0,0,0,0,0,0,0,3473.2,4,0,0,0,0,0,0,0,0
94,2017-04-18,09:30:46,100,IF1704,CCFX,3473.0,3470.2,3474.8,216,225014640,23569,23751,3815.6,3122,3468.8,3472.4,0,3470.2,0.0,0,0,2017-04-18,34246100,3472.6,4,0,0,0,0,0,0,0,0,3473.2,9,0,0,0,0,0,0,0,0
95,2017-04-18,09:30:46,600,IF1704,CCFX,3473.2,3470.2,3474.8,217,226056600,23569,23751,3815.6,3122,3468.8,3472.4,0,3470.2,0.0,0,0,2017-04-18,34246600,3472.6,5,0,0,0,0,0,0,0,0,3473.2,8,0,0,0,0,0,0,0,0
96,2017-04-18,09:30:47,100,IF1704,CCFX,3473.2,3470.2,3474.8,217,226056600,23569,23751,3815.6,3122,3468.8,3472.4,0,3470.2,0.0,0,0,2017-04-18,34247100,3472.6,6,0,0,0,0,0,0,0,0,3473.2,8,0,0,0,0,0,0,0,0
97,2017-04-18,09:30:47,600,IF1704,CCFX,3473.2,3470.2,3474.8,221,230224440,23565,23751,3815.6,3122,3468.8,3472.4,0,3470.2,0.0,0,0,2017-04-18,34247600,3472.6,2,0,0,0,0,0,0,0,0,3473.2,6,0,0,0,0,0,0,0,0
98,2017-04-18,09:30:48,600,IF1704,CCFX,3473.2,3470.2,3474.8,221,230224440,23565,23751,3815.6,3122,3468.8,3472.4,0,3470.2,0.0,0,0,2017-04-18,34248600,3472.8,1,0,0,0,0,0,0,0,0,3473.2,6,0,0,0,0,0,0,0,0
99,2017-04-18,09:30:49,100,IF1704,CCFX,3473.2,3470.2,3474.8,221,230224440,23565,23751,3815.6,3122,3468.8,3472.4,0,3470.2,0.0,0,0,2017-04-18,34249100,3472.8,2,0,0,0,0,0,0,0,0,3473.2,6,0,0,0,0,0,0,0,0
100,2017-04-18,09:30:49,600,IF1704,CCFX,3473.2,3470.2,3474.8,222,231266400,23564,23751,3815.6,3122,3468.8,3472.4,0,3470.2,0.0,0,0,2017-04-18,34249600,3472.8,2,0,0,0,0,0,0,0,0,3473.2,7,0,0,0,0,0,0,0,0
101,2017-04-18,09:30:50,100,IF1704,CCFX,3473.2,3470.2,3474.8,222,231266400,23564,23751,3815.6,3122,3468.8,3472.4,0,3470.2,0.0,0,0,2017-04-18,34250100,3472.8,2,0,0,0,0,0,0,0,0,3473.2,7,0,0,0,0,0,0,0,0
102,2017-04-18,09:30:50,600,IF1704,CCFX,3473.2,3470.2,3474.8,225,234392280,23561,23751,3815.6,3122,3468.8,3472.4,0,3470.2,0.0,0,0,2017-04-18,34250600,3472.8,2,0,0,0,0,0,0,0,0,3473.2,4,0,0,0,0,0,0,0,0
103,2017-04-18,09:30:51,100,IF1704,CCFX,3473.2,3470.2,3474.8,225,234392280,23561,23751,3815.6,3122,3468.8,3472.4,0,3470.2,0.0,0,0,2017-04-18,34251100,3472.8,2,0,0,0,0,0,0,0,0,3473.2,4,0,0,0,0,0,0,0,0
104,2017-04-18,09:30:51,600,IF1704,CCFX,3472.8,3470.2,3474.8,227,236475960,23559,23751,3815.6,3122,3468.8,3472.4,0,3470.2,0.0,0,0,2017-04-18,34251600,3472.6,1,0,0,0,0,0,0,0,0,3473.2,4,0,0,0,0,0,0,0,0
105,2017-04-18,09:30:52,100,IF1704,CCFX,3472.8,3470.2,3474.8,227,236475960,23559,23751,3815.6,3122,3468.8,3472.4,0,3470.2,0.0,0,0,2017-04-18,34252100,3472.6,1,0,0,0,0,0,0,0,0,3473.2,4,0,0,0,0,0,0,0,0
106,2017-04-18,09:30:53,100,IF1704,CCFX,3473.2,3470.2,3474.8,231,240643800,23555,23751,3815.6,3122,3468.8,3472.4,0,3470.2,0.0,0,0,2017-04-18,34253100,3472.6,1,0,0,0,0,0,0,0,0,3473.4,5,0,0,0,0,0,0,0,0
107,2017-04-18,09:30:54,100,IF1704,CCFX,3473.2,3470.2,3474.8,231,240643800,23555,23751,3815.6,3122,3468.8,3472.4,0,3470.2,0.0,0,0,2017-04-18,34254100,3472.6,1,0,0,0,0,0,0,0,0,3473.4,5,0,0,0,0,0,0,0,0
108,2017-04-18,09:30:55,100,IF1704,CCFX,3473.2,3470.2,3474.8,231,240643800,23555,23751,3815.6,3122,3468.8,3472.4,0,3470.2,0.0,0,0,2017-04-18,34255100,3472.6,1,0,0,0,0,0,0,0,0,3473.4,5,0,0,0,0,0,0,0,0
109,2017-04-18,09:30:55,600,IF1704,CCFX,3473.2,3470.2,3474.8,231,240643800,23555,23751,3815.6,3122,3468.8,3472.4,0,3470.2,0.0,0,0,2017-04-18,34255600,3472.6,2,0,0,0,0,0,0,0,0,3473.4,5,0,0,0,0,0,0,0,0
110,2017-04-18,09:30:56,100,IF1704,CCFX,3473.4,3470.2,3474.8,234,243769860,23552,23751,3815.6,3122,3468.8,3472.4,0,3470.2,0.0,0,0,2017-04-18,34256100,3473.2,1,0,0,0,0,0,0,0,0,3473.4,2,0,0,0,0,0,0,0,0
111,2017-04-18,09:30:56,600,IF1704,CCFX,3473.2,3470.2,3474.8,235,244811820,23551,23751,3815.6,3122,3468.8,3472.4,0,3470.2,0.0,0,0,2017-04-18,34256600,3472.8,1,0,0,0,0,0,0,0,0,3473.2,1,0,0,0,0,0,0,0,0
112,2017-04-18,09:30:57,100,IF1704,CCFX,3473.2,3470.2,3474.8,235,244811820,23551,23751,3815.6,3122,3468.8,3472.4,0,3470.2,0.0,0,0,2017-04-18,34257100,3472.6,2,0,0,0,0,0,0,0,0,3472.8,10,0,0,0,0,0,0,0,0
113,2017-04-18,09:30:57,600,IF1704,CCFX,3472.4,3470.2,3474.8,238,247937100,23550,23751,3815.6,3122,3468.8,3472.4,0,3470.2,0.0,0,0,2017-04-18,34257600,3472.2,8,0,0,0,0,0,0,0,0,3472.8,10,0,0,0,0,0,0,0,0
114,2017-04-18,09:30:58,100,IF1704,CCFX,3472.6,3470.2,3474.8,239,248978880,23549,23751,3815.6,3122,3468.8,3472.4,0,3470.2,0.0,0,0,2017-04-18,34258100,3472.2,8,0,0,0,0,0,0,0,0,3472.8,10,0,0,0,0,0,0,0,0
115,2017-04-18,09:30:58,600,IF1704,CCFX,3472.2,3470.2,3474.8,241,251062380,23548,23751,3815.6,3122,3468.8,3472.4,0,3470.2,0.0,0,0,2017-04-18,34258600,3472.2,3,0,0,0,0,0,0,0,0,3472.8,9,0,0,0,0,0,0,0,0
116,2017-04-18,09:30:59,100,IF1704,CCFX,3472.2,3470.2,3474.8,241,251062380,23548,23751,3815.6,3122,3468.8,3472.4,0,3470.2,0.0,0,0,2017-04-18,34259100,3472.2,3,0,0,0,0,0,0,0,0,3472.8,9,0,0,0,0,0,0,0,0
117,2017-04-18,09:30:59,600,IF1704,CCFX,3472.8,3470.2,3474.8,243,253145880,23546,23751,3815.6,3122,3468.8,3472.4,0,3470.2,0.0,0,0,2017-04-18,34259600,3472.2,2,0,0,0,0,0,0,0,0,3472.8,8,0,0,0,0,0,0,0,0
118,2017-04-18,09:31:00,100,IF1704,CCFX,3472.2,3470.2,3474.8,244,254187540,23545,23751,3815.6,3122,3468.8,3472.4,0,3470.2,0.0,0,0,2017-04-18,34260100,3472.2,1,0,0,0,0,0,0,0,0,3472.6,2,0,0,0,0,0,0,0,0
119,2017-04-18,09:31:00,600,IF1704,CCFX,3472.6,3470.2,3474.8,246,256270980,23543,23751,3815.6,3122,3468.8,3472.4,0,3470.2,0.0,0,0,2017-04-18,34260600,3472.0,3,0,0,0,0,0,0,0,0,3472.2,1,0,0,0,0,0,0,0,0
120,2017-04-18,09:31:01,100,IF1704,CCFX,3472.6,3470.2,3474.8,248,258354420,23541,23751,3815.6,3122,3468.8,3472.4,0,3470.2,0.0,0,0,2017-04-18,34261100,3472.0,3,0,0,0,0,0,0,0,0,3472.6,7,0,0,0,0,0,0,0,0
121,2017-04-18,09:31:01,600,IF1704,CCFX,3472.6,3470.2,3474.8,248,258354420,23541,23751,3815.6,3122,3468.8,3472.4,0,3470.2,0.0,0,0,2017-04-18,34261600,3472.0,3,0,0,0,0,0,0,0,0,3472.6,8,0,0,0,0,0,0,0,0
122,2017-04-18,09:31:02,100,IF1704,CCFX,3472.0,3470.2,3474.8,251,261479220,23541,23751,3815.6,3122,3468.8,3472.4,0,3470.2,0.0,0,0,2017-04-18,34262100,3471.6,1,0,0,0,0,0,0,0,0,3472.6,8,0,0,0,0,0,0,0,0
123,2017-04-18,09:31:02,600,IF1704,CCFX,3472.0,3470.2,3474.8,251,261479220,23541,23751,3815.6,3122,3468.8,3472.4,0,3470.2,0.0,0,0,2017-04-18,34262600,3471.8,1,0,0,0,0,0,0,0,0,3472.2,1,0,0,0,0,0,0,0,0
124,2017-04-18,09:31:03,100,IF1704,CCFX,3472.0,3470.2,3474.8,251,261479220,23541,23751,3815.6,3122,3468.8,3472.4,0,3470.2,0.0,0,0,2017-04-18,34263100,3471.6,1,0,0,0,0,0,0,0,0,3472.0,1,0,0,0,0,0,0,0,0
125,2017-04-18,09:31:03,600,IF1704,CCFX,3471.6,3470.2,3474.8,252,262520700,23541,23751,3815.6,3122,3468.8,3472.4,0,3470.2,0.0,0,0,2017-04-18,34263600,3471.4,4,0,0,0,0,0,0,0,0,3472.0,2,0,0,0,0,0,0,0,0
126,2017-04-18,09:31:04,100,IF1704,CCFX,3471.6,3470.2,3474.8,252,262520700,23541,23751,3815.6,3122,3468.8,3472.4,0,3470.2,0.0,0,0,2017-04-18,34264100,3471.0,2,0,0,0,0,0,0,0,0,3471.4,2,0,0,0,0,0,0,0,0
127,2017-04-18,09:31:04,600,IF1704,CCFX,3471.4,3470.2,3474.8,254,264603540,23539,23751,3815.6,3122,3468.8,3472.4,0,3470.2,0.0,0,0,2017-04-18,34264600,3471.4,1,0,0,0,0,0,0,0,0,3472.0,2,0,0,0,0,0,0,0,0
128,2017-04-18,09:31:05,100,IF1704,CCFX,3471.6,3470.2,3474.8,256,266686620,23537,23751,3815.6,3122,3468.8,3472.4,0,3470.2,0.0,0,0,2017-04-18,34265100,3471.4,7,0,0,0,0,0,0,0,0,3471.8,2,0,0,0,0,0,0,0,0
129,2017-04-18,09:31:05,600,IF1704,CCFX,3471.6,3470.2,3474.8,256,266686620,23537,23751,3815.6,3122,3468.8,3472.4,0,3470.2,0.0,0,0,2017-04-18,34265600,3471.4,6,0,0,0,0,0,0,0,0,3471.8,4,0,0,0,0,0,0,0,0
130,2017-04-18,09:31:06,100,IF1704,CCFX,3471.4,3470.2,3474.8,257,267728040,23536,23751,3815.6,3122,3468.8,3472.4,0,3470.2,0.0,0,0,2017-04-18,34266100,3471.4,5,0,0,0,0,0,0,0,0,3471.8,4,0,0,0,0,0,0,0,0
131,2017-04-18,09:31:06,600,IF1704,CCFX,3471.4,3470.2,3474.8,257,267728040,23536,23751,3815.6,3122,3468.8,3472.4,0,3470.2,0.0,0,0,2017-04-18,34266600,3471.4,5,0,0,0,0,0,0,0,0,3471.6,2,0,0,0,0,0,0,0,0
132,2017-04-18,09:31:07,100,IF1704,CCFX,3471.4,3470.2,3474.8,260,270852360,23533,23751,3815.6,3122,3468.8,3472.4,0,3470.2,0.0,0,0,2017-04-18,34267100,3471.4,3,0,0,0,0,0,0,0,0,3471.6,1,0,0,0,0,0,0,0,0
133,2017-04-18,09:31:07,600,IF1704,CCFX,3471.4,3470.2,3474.8,261,271893780,23532,23751,3815.6,3122,3468.8,3472.4,0,3470.2,0.0,0,0,2017-04-18,34267600,3471.4,2,0,0,0,0,0,0,0,0,3471.6,2,0,0,0,0,0,0,0,0
134,2017-04-18,09:31:08,100,IF1704,CCFX,3471.6,3470.2,3474.8,263,273976680,23530,23751,3815.6,3122,3468.8,3472.4,0,3470.2,0.0,0,0,2017-04-18,34268100,3471.4,1,0,0,0,0,0,0,0,0,3471.6,1,0,0,0,0,0,0,0,0
135,2017-04-18,09:31:08,600,IF1704,CCFX,3471.4,3470.2,3474.8,264,275018100,23529,23751,3815.6,3122,3468.8,3472.4,0,3470.2,0.0,0,0,2017-04-18,34268600,3471.4,8,0,0,0,0,0,0,0,0,3471.6,1,0,0,0,0,0,0,0,0
136,2017-04-18,09:31:09,100,IF1704,CCFX,3471.6,3470.2,3474.8,265,276059580,23528,23751,3815.6,3122,3468.8,3472.4,0,3470.2,0.0,0,0,2017-04-18,34269100,3471.6,2,0,0,0,0,0,0,0,0,3471.8,3,0,0,0,0,0,0,0,0
137,2017-04-18,09:31:09,600,IF1704,CCFX,3471.8,3470.2,3474.8,266,277101120,23527,23751,3815.6,3122,3468.8,3472.4,0,3470.2,0.0,0,0,2017-04-18,34269600,3471.6,3,0,0,0,0,0,0,0,0,3471.8,2,0,0,0,0,0,0,0,0
138,2017-04-18,09:31:10,100,IF1704,CCFX,3471.8,3470.2,3474.8,268,279184200,23525,23751,3815.6,3122,3468.8,3472.4,0,3470.2,0.0,0,0,2017-04-18,34270100,3471.8,1,0,0,0,0,0,0,0,0,3472.0,1,0,0,0,0,0,0,0,0
139,2017-04-18,09:31:10,600,IF1704,CCFX,3472.0,3470.2,3474.8,269,280225800,23524,23751,3815.6,3122,3468.8,3472.4,0,3470.2,0.0,0,0,2017-04-18,34270600,3472.0,2,0,0,0,0,0,0,0,0,3472.2,2,0,0,0,0,0,0,0,0
140,2017-04-18,09:31:11,100,IF1704,CCFX,3472.2,3470.2,3474.8,271,282309120,23522,23751,3815.6,3122,3468.8,3472.4,0,3470.2,0.0,0,0,2017-04-18,34271100,3472.0,9,0,0,0,0,0,0,0,0,3472.4,1,0,0,0,0,0,0,0,0
141,2017-04-18,09:31:11,600,IF1704,CCFX,3472.6,3470.2,3474.8,274,285434280,23520,23751,3815.6,3122,3468.8,3472.4,0,3470.2,0.0,0,0,2017-04-18,34271600,3472.2,1,0,0,0,0,0,0,0,0,3472.6,7,0,0,0,0,0,0,0,0
142,2017-04-18,09:31:12,100,IF1704,CCFX,3472.4,3470.2,3474.8,275,286476000,23519,23751,3815.6,3122,3468.8,3472.4,0,3470.2,0.0,0,0,2017-04-18,34272100,3472.4,1,0,0,0,0,0,0,0,0,3472.6,7,0,0,0,0,0,0,0,0
143,2017-04-18,09:31:12,600,IF1704,CCFX,3472.6,3470.2,3474.8,277,288559560,23517,23751,3815.6,3122,3468.8,3472.4,0,3470.2,0.0,0,0,2017-04-18,34272600,3472.4,8,0,0,0,0,0,0,0,0,3472.6,5,0,0,0,0,0,0,0,0
144,2017-04-18,09:31:13,100,IF1704,CCFX,3472.8,3470.2,3474.8,283,294810300,23512,23751,3815.6,3122,3468.8,3472.4,0,3470.2,0.0,0,0,2017-04-18,34273100,3472.6,1,0,0,0,0,0,0,0,0,3472.8,7,0,0,0,0,0,0,0,0
145,2017-04-18,09:31:13,600,IF1704,CCFX,3472.8,3470.2,3474.8,289,301061340,23506,23751,3815.6,3122,3468.8,3472.4,0,3470.2,0.0,0,0,2017-04-18,34273600,3472.6,9,0,0,0,0,0,0,0,0,3472.8,1,0,0,0,0,0,0,0,0
146,2017-04-18,09:31:14,100,IF1704,CCFX,3472.8,3470.2,3474.8,290,302103180,23505,23751,3815.6,3122,3468.8,3472.4,0,3470.2,0.0,0,0,2017-04-18,34274100,3472.8,7,0,0,0,0,0,0,0,0,3473.2,2,0,0,0,0,0,0,0,0
147,2017-04-18,09:31:14,600,IF1704,CCFX,3472.8,3470.2,3474.8,290,302103180,23505,23751,3815.6,3122,3468.8,3472.4,0,3470.2,0.0,0,0,2017-04-18,34274600,3473.0,1,0,0,0,0,0,0,0,0,3473.2,7,0,0,0,0,0,0,0,0
148,2017-04-18,09:31:15,100,IF1704,CCFX,3473.0,3470.2,3474.8,292,304186980,23503,23751,3815.6,3122,3468.8,3472.4,0,3470.2,0.0,0,0,2017-04-18,34275100,3473.0,7,0,0,0,0,0,0,0,0,3473.2,7,0,0,0,0,0,0,0,0
149,2017-04-18,09:31:16,100,IF1704,CCFX,3473.0,3470.2,3474.8,294,306270840,23501,23751,3815.6,3122,3468.8,3472.4,0,3470.2,0.0,0,0,2017-04-18,34276100,3473.0,8,0,0,0,0,0,0,0,0,3473.2,6,0,0,0,0,0,0,0,0
150,2017-04-18,09:31:16,600,IF1704,CCFX,3473.2,3470.2,3474.8,296,308354760,23499,23751,3815.6,3122,3468.8,3472.4,0,3470.2,0.0,0,0,2017-04-18,34276600,3473.0,9,0,0,0,0,0,0,0,0,3473.2,4,0,0,0,0,0,0,0,0
151,2017-04-18,09:31:17,100,IF1704,CCFX,3473.0,3470.2,3474.8,298,310438560,23497,23751,3815.6,3122,3468.8,3472.4,0,3470.2,0.0,0,0,2017-04-18,34277100,3473.0,7,0,0,0,0,0,0,0,0,3473.2,6,0,0,0,0,0,0,0,0
152,2017-04-18,09:31:17,600,IF1704,CCFX,3473.2,3470.2,3474.8,300,312522420,23495,23751,3815.6,3122,3468.8,3472.4,0,3470.2,0.0,0,0,2017-04-18,34277600,3473.0,8,0,0,0,0,0,0,0,0,3473.2,5,0,0,0,0,0,0,0,0
153,2017-04-18,09:31:18,100,IF1704,CCFX,3473.2,3470.2,3474.8,302,314606280,23493,23751,3815.6,3122,3468.8,3472.4,0,3470.2,0.0,0,0,2017-04-18,34278100,3473.0,7,0,0,0,0,0,0,0,0,3473.2,4,0,0,0,0,0,0,0,0
154,2017-04-18,09:31:18,600,IF1704,CCFX,3473.0,3470.2,3474.8,305,317731980,23492,23751,3815.6,3122,3468.8,3472.4,0,3470.2,0.0,0,0,2017-04-18,34278600,3473.0,6,0,0,0,0,0,0,0,0,3473.2,4,0,0,0,0,0,0,0,0
155,2017-04-18,09:31:19,100,IF1704,CCFX,3473.0,3470.2,3474.8,306,318773880,23492,23751,3815.6,3122,3468.8,3472.4,0,3470.2,0.0,0,0,2017-04-18,34279100,3473.0,7,0,0,0,0,0,0,0,0,3473.2,4,0,0,0,0,0,0,0,0
156,2017-04-18,09:31:19,600,IF1704,CCFX,3473.2,3470.2,3474.8,314,327109140,23488,23751,3815.6,3122,3468.8,3472.4,0,3470.2,0.0,0,0,2017-04-18,34279600,3472.8,1,0,0,0,0,0,0,0,0,3473.0,1,0,0,0,0,0,0,0,0
157,2017-04-18,09:31:20,100,IF1704,CCFX,3472.8,3470.2,3474.8,316,329192820,23487,23751,3815.6,3122,3468.8,3472.4,0,3470.2,0.0,0,0,2017-04-18,34280100,3472.2,2,0,0,0,0,0,0,0,0,3472.8,1,0,0,0,0,0,0,0,0
158,2017-04-18,09:31:20,600,IF1704,CCFX,3472.2,3470.2,3474.8,318,331276320,23486,23751,3815.6,3122,3468.8,3472.4,0,3470.2,0.0,0,0,2017-04-18,34280600,3472.2,1,0,0,0,0,0,0,0,0,3472.6,1,0,0,0,0,0,0,0,0
159,2017-04-18,09:31:21,100,IF1704,CCFX,3472.4,3470.2,3474.8,319,332318040,23485,23751,3815.6,3122,3468.8,3472.4,0,3470.2,0.0,0,0,2017-04-18,34281100,3472.2,1,0,0,0,0,0,0,0,0,3472.8,1,0,0,0,0,0,0,0,0
160,2017-04-18,09:31:21,600,IF1704,CCFX,3472.4,3470.2,3474.8,319,332318040,23485,23751,3815.6,3122,3468.8,3472.4,0,3470.2,0.0,0,0,2017-04-18,34281600,3472.2,1,0,0,0,0,0,0,0,0,3472.8,1,0,0,0,0,0,0,0,0
161,2017-04-18,09:31:22,100,IF1704,CCFX,3472.2,3470.2,3474.8,320,333359700,23484,23751,3815.6,3122,3468.8,3472.4,0,3470.2,0.0,0,0,2017-04-18,34282100,3472.0,2,0,0,0,0,0,0,0,0,3472.8,1,0,0,0,0,0,0,0,0
162,2017-04-18,09:31:22,600,IF1704,CCFX,3472.2,3470.2,3474.8,320,333359700,23484,23751,3815.6,3122,3468.8,3472.4,0,3470.2,0.0,0,0,2017-04-18,34282600,3472.0,4,0,0,0,0,0,0,0,0,3472.8,1,0,0,0,0,0,0,0,0
163,2017-04-18,09:31:23,100,IF1704,CCFX,3472.2,3470.2,3474.8,320,333359700,23484,23751,3815.6,3122,3468.8,3472.4,0,3470.2,0.0,0,0,2017-04-18,34283100,3472.0,4,0,0,0,0,0,0,0,0,3472.8,1,0,0,0,0,0,0,0,0
164,2017-04-18,09:31:23,600,IF1704,CCFX,3472.2,3470.2,3474.8,320,333359700,23484,23751,3815.6,3122,3468.8,3472.4,0,3470.2,0.0,0,0,2017-04-18,34283600,3472.4,2,0,0,0,0,0,0,0,0,3472.8,1,0,0,0,0,0,0,0,0
165,2017-04-18,09:31:24,100,IF1704,CCFX,3472.4,3470.2,3474.8,324,337526880,23480,23751,3815.6,3122,3468.8,3472.4,0,3470.2,0.0,0,0,2017-04-18,34284100,3472.8,1,0,0,0,0,0,0,0,0,3473.0,2,0,0,0,0,0,0,0,0
166,2017-04-18,09:31:24,600,IF1704,CCFX,3472.4,3470.2,3474.8,325,338568600,23479,23751,3815.6,3122,3468.8,3472.4,0,3470.2,0.0,0,0,2017-04-18,34284600,3472.2,4,0,0,0,0,0,0,0,0,3473.0,2,0,0,0,0,0,0,0,0
167,2017-04-18,09:31:25,100,IF1704,CCFX,3472.2,3470.2,3474.8,329,342735240,23475,23751,3815.6,3122,3468.8,3472.4,0,3470.2,0.0,0,0,2017-04-18,34285100,3472.0,3,0,0,0,0,0,0,0,0,3472.2,1,0,0,0,0,0,0,0,0
168,2017-04-18,09:31:25,600,IF1704,CCFX,3472.2,3470.2,3474.8,330,343776900,23474,23751,3815.6,3122,3468.8,3472.4,0,3470.2,0.0,0,0,2017-04-18,34285600,3472.6,2,0,0,0,0,0,0,0,0,3473.0,2,0,0,0,0,0,0,0,0
169,2017-04-18,09:31:26,100,IF1704,CCFX,3472.6,3470.2,3474.8,332,345860520,23472,23751,3815.6,3122,3468.8,3472.4,0,3470.2,0.0,0,0,2017-04-18,34286100,3472.6,1,0,0,0,0,0,0,0,0,3473.0,2,0,0,0,0,0,0,0,0
170,2017-04-18,09:31:26,600,IF1704,CCFX,3472.6,3470.2,3474.8,332,345860520,23472,23751,3815.6,3122,3468.8,3472.4,0,3470.2,0.0,0,0,2017-04-18,34286600,3472.6,1,0,0,0,0,0,0,0,0,3473.0,2,0,0,0,0,0,0,0,0
171,2017-04-18,09:31:27,100,IF1704,CCFX,3472.6,3470.2,3474.8,333,346902300,23471,23751,3815.6,3122,3468.8,3472.4,0,3470.2,0.0,0,0,2017-04-18,34287100,3472.2,1,0,0,0,0,0,0,0,0,3473.0,2,0,0,0,0,0,0,0,0
172,2017-04-18,09:31:27,600,IF1704,CCFX,3472.2,3470.2,3474.8,334,347943960,23470,23751,3815.6,3122,3468.8,3472.4,0,3470.2,0.0,0,0,2017-04-18,34287600,3472.2,1,0,0,0,0,0,0,0,0,3473.0,2,0,0,0,0,0,0,0,0
173,2017-04-18,09:31:28,100,IF1704,CCFX,3473.0,3470.2,3474.8,335,348985860,23471,23751,3815.6,3122,3468.8,3472.4,0,3470.2,0.0,0,0,2017-04-18,34288100,3472.0,5,0,0,0,0,0,0,0,0,3473.0,1,0,0,0,0,0,0,0,0
174,2017-04-18,09:31:28,600,IF1704,CCFX,3473.0,3470.2,3474.8,335,348985860,23471,23751,3815.6,3122,3468.8,3472.4,0,3470.2,0.0,0,0,2017-04-18,34288600,3472.4,1,0,0,0,0,0,0,0,0,3472.8,1,0,0,0,0,0,0,0,0
175,2017-04-18,09:31:29,100,IF1704,CCFX,3473.0,3470.2,3474.8,335,348985860,23471,23751,3815.6,3122,3468.8,3472.4,0,3470.2,0.0,0,0,2017-04-18,34289100,3472.4,1,0,0,0,0,0,0,0,0,3472.8,2,0,0,0,0,0,0,0,0
176,2017-04-18,09:31:29,600,IF1704,CCFX,3473.0,3470.2,3474.8,336,350027760,23470,23751,3815.6,3122,3468.8,3472.4,0,3470.2,0.0,0,0,2017-04-18,34289600,3472.4,1,0,0,0,0,0,0,0,0,3472.8,2,0,0,0,0,0,0,0,0
177,2017-04-18,09:31:30,600,IF1704,CCFX,3473.0,3470.2,3474.8,336,350027760,23470,23751,3815.6,3122,3468.8,3472.4,0,3470.2,0.0,0,0,2017-04-18,34290600,3472.4,1,0,0,0,0,0,0,0,0,3472.6,1,0,0,0,0,0,0,0,0
178,2017-04-18,09:31:31,100,IF1704,CCFX,3473.0,3470.2,3474.8,336,350027760,23470,23751,3815.6,3122,3468.8,3472.4,0,3470.2,0.0,0,0,2017-04-18,34291100,3472.4,1,0,0,0,0,0,0,0,0,3472.6,1,0,0,0,0,0,0,0,0
179,2017-04-18,09:31:31,600,IF1704,CCFX,3472.6,3470.2,3474.8,338,352111260,23468,23751,3815.6,3122,3468.8,3472.4,0,3470.2,0.0,0,0,2017-04-18,34291600,3472.2,7,0,0,0,0,0,0,0,0,3472.8,2,0,0,0,0,0,0,0,0
180,2017-04-18,09:31:32,100,IF1704,CCFX,3472.2,3470.2,3474.8,339,353152920,23467,23751,3815.6,3122,3468.8,3472.4,0,3470.2,0.0,0,0,2017-04-18,34292100,3472.2,6,0,0,0,0,0,0,0,0,3472.8,2,0,0,0,0,0,0,0,0
181,2017-04-18,09:31:32,600,IF1704,CCFX,3472.2,3470.2,3474.8,341,355236240,23465,23751,3815.6,3122,3468.8,3472.4,0,3470.2,0.0,0,0,2017-04-18,34292600,3472.2,4,0,0,0,0,0,0,0,0,3472.8,2,0,0,0,0,0,0,0,0
182,2017-04-18,09:31:33,100,IF1704,CCFX,3472.2,3470.2,3474.8,342,356277900,23464,23751,3815.6,3122,3468.8,3472.4,0,3470.2,0.0,0,0,2017-04-18,34293100,3472.4,1,0,0,0,0,0,0,0,0,3472.8,2,0,0,0,0,0,0,0,0
183,2017-04-18,09:31:34,100,IF1704,CCFX,3472.2,3470.2,3474.8,342,356277900,23464,23751,3815.6,3122,3468.8,3472.4,0,3470.2,0.0,0,0,2017-04-18,34294100,3472.4,6,0,0,0,0,0,0,0,0,3472.8,2,0,0,0,0,0,0,0,0
184,2017-04-18,09:31:35,100,IF1704,CCFX,3472.2,3470.2,3474.8,342,356277900,23464,23751,3815.6,3122,3468.8,3472.4,0,3470.2,0.0,0,0,2017-04-18,34295100,3472.6,1,0,0,0,0,0,0,0,0,3472.8,2,0,0,0,0,0,0,0,0
185,2017-04-18,09:31:35,600,IF1704,CCFX,3472.6,3470.2,3474.8,343,357319680,23463,23751,3815.6,3122,3468.8,3472.4,0,3470.2,0.0,0,0,2017-04-18,34295600,3472.4,6,0,0,0,0,0,0,0,0,3472.8,2,0,0,0,0,0,0,0,0
186,2017-04-18,09:31:36,100,IF1704,CCFX,3472.8,3470.2,3474.8,344,358361520,23462,23751,3815.6,3122,3468.8,3472.4,0,3470.2,0.0,0,0,2017-04-18,34296100,3472.4,6,0,0,0,0,0,0,0,0,3472.8,1,0,0,0,0,0,0,0,0
187,2017-04-18,09:31:36,600,IF1704,CCFX,3472.4,3470.2,3474.8,347,361486800,23459,23751,3815.6,3122,3468.8,3472.4,0,3470.2,0.0,0,0,2017-04-18,34296600,3472.4,5,0,0,0,0,0,0,0,0,3473.0,4,0,0,0,0,0,0,0,0
188,2017-04-18,09:31:37,100,IF1704,CCFX,3472.4,3470.2,3474.8,350,364611960,23456,23751,3815.6,3122,3468.8,3472.4,0,3470.2,0.0,0,0,2017-04-18,34297100,3472.4,2,0,0,0,0,0,0,0,0,3473.0,4,0,0,0,0,0,0,0,0
189,2017-04-18,09:31:37,600,IF1704,CCFX,3472.4,3470.2,3474.8,350,364611960,23456,23751,3815.6,3122,3468.8,3472.4,0,3470.2,0.0,0,0,2017-04-18,34297600,3472.6,1,0,0,0,0,0,0,0,0,3473.0,4,0,0,0,0,0,0,0,0
190,2017-04-18,09:31:38,600,IF1704,CCFX,3472.4,3470.2,3474.8,351,365653680,23455,23751,3815.6,3122,3468.8,3472.4,0,3470.2,0.0,0,0,2017-04-18,34298600,3472.6,1,0,0,0,0,0,0,0,0,3473.0,4,0,0,0,0,0,0,0,0
191,2017-04-18,09:31:39,100,IF1704,CCFX,3473.0,3470.2,3474.8,352,366695580,23454,23751,3815.6,3122,3468.8,3472.4,0,3470.2,0.0,0,0,2017-04-18,34299100,3472.6,1,0,0,0,0,0,0,0,0,3473.0,3,0,0,0,0,0,0,0,0
192,2017-04-18,09:31:39,600,IF1704,CCFX,3472.4,3470.2,3474.8,354,368779080,23452,23751,3815.6,3122,3468.8,3472.4,0,3470.2,0.0,0,0,2017-04-18,34299600,3472.4,1,0,0,0,0,0,0,0,0,3472.6,1,0,0,0,0,0,0,0,0
193,2017-04-18,09:31:40,100,IF1704,CCFX,3473.0,3470.2,3474.8,356,370862760,23450,23751,3815.6,3122,3468.8,3472.4,0,3470.2,0.0,0,0,2017-04-18,34300100,3472.6,1,0,0,0,0,0,0,0,0,3473.0,2,0,0,0,0,0,0,0,0
194,2017-04-18,09:31:40,600,IF1704,CCFX,3472.6,3470.2,3474.8,357,371904540,23450,23751,3815.6,3122,3468.8,3472.4,0,3470.2,0.0,0,0,2017-04-18,34300600,3472.4,1,0,0,0,0,0,0,0,0,3473.0,2,0,0,0,0,0,0,0,0
195,2017-04-18,09:31:41,100,IF1704,CCFX,3472.6,3470.2,3474.8,357,371904540,23450,23751,3815.6,3122,3468.8,3472.4,0,3470.2,0.0,0,0,2017-04-18,34301100,3472.6,1,0,0,0,0,0,0,0,0,3473.0,2,0,0,0,0,0,0,0,0
196,2017-04-18,09:31:41,600,IF1704,CCFX,3472.6,3470.2,3474.8,358,372946320,23449,23751,3815.6,3122,3468.8,3472.4,0,3470.2,0.0,0,0,2017-04-18,34301600,3472.4,1,0,0,0,0,0,0,0,0,3473.0,2,0,0,0,0,0,0,0,0
197,2017-04-18,09:31:42,100,IF1704,CCFX,3472.4,3470.2,3474.8,359,373988040,23448,23751,3815.6,3122,3468.8,3472.4,0,3470.2,0.0,0,0,2017-04-18,34302100,3472.2,1,0,0,0,0,0,0,0,0,3473.0,2,0,0,0,0,0,0,0,0
198,2017-04-18,09:31:42,600,IF1704,CCFX,3472.4,3470.2,3474.8,359,373988040,23448,23751,3815.6,3122,3468.8,3472.4,0,3470.2,0.0,0,0,2017-04-18,34302600,3472.2,1,0,0,0,0,0,0,0,0,3472.8,1,0,0,0,0,0,0,0,0
199,2017-04-18,09:31:43,600,IF1704,CCFX,3472.4,3470.2,3474.8,359,373988040,23448,23751,3815.6,3122,3468.8,3472.4,0,3470.2,0.0,0,0,2017-04-18,34303600,3472.4,1,0,0,0,0,0,0,0,0,3473.0,2,0,0,0,0,0,0,0,0
200,2017-04-18,09:31:44,100,IF1704,CCFX,3472.4,3470.2,3474.8,359,373988040,23448,23751,3815.6,3122,3468.8,3472.4,0,3470.2,0.0,0,0,2017-04-18,34304100,3472.4,3,0,0,0,0,0,0,0,0,3472.8,1,0,0,0,0,0,0,0,0
201,2017-04-18,09:31:44,600,IF1704,CCFX,3472.4,3470.2,3474.8,360,375029760,23447,23751,3815.6,3122,3468.8,3472.4,0,3470.2,0.0,0,0,2017-04-18,34304600,3472.4,2,0,0,0,0,0,0,0,0,3472.8,1,0,0,0,0,0,0,0,0
202,2017-04-18,09:31:45,100,IF1704,CCFX,3472.4,3470.2,3474.8,360,375029760,23447,23751,3815.6,3122,3468.8,3472.4,0,3470.2,0.0,0,0,2017-04-18,34305100,3472.4,2,0,0,0,0,0,0,0,0,3472.8,1,0,0,0,0,0,0,0,0
203,2017-04-18,09:31:45,600,IF1704,CCFX,3472.8,3470.2,3474.8,363,378155280,23444,23751,3815.6,3122,3468.8,3472.4,0,3470.2,0.0,0,0,2017-04-18,34305600,3472.6,1,0,0,0,0,0,0,0,0,3473.0,3,0,0,0,0,0,0,0,0
204,2017-04-18,09:31:46,100,IF1704,CCFX,3472.6,3470.2,3474.8,364,379197060,23444,23751,3815.6,3122,3468.8,3472.4,0,3470.2,0.0,0,0,2017-04-18,34306100,3472.8,3,0,0,0,0,0,0,0,0,3473.0,3,0,0,0,0,0,0,0,0
205,2017-04-18,09:31:46,600,IF1704,CCFX,3472.8,3470.2,3474.8,369,384406380,23439,23751,3815.6,3122,3468.8,3472.4,0,3470.2,0.0,0,0,2017-04-18,34306600,3472.6,1,0,0,0,0,0,0,0,0,3473.0,1,0,0,0,0,0,0,0,0
206,2017-04-18,09:31:47,100,IF1704,CCFX,3472.8,3470.2,3474.8,369,384406380,23439,23751,3815.6,3122,3468.8,3472.4,0,3470.2,0.0,0,0,2017-04-18,34307100,3472.6,1,0,0,0,0,0,0,0,0,3472.8,1,0,0,0,0,0,0,0,0
207,2017-04-18,09:31:47,600,IF1704,CCFX,3472.6,3470.2,3474.8,370,385448160,23438,23751,3815.6,3122,3468.8,3472.4,0,3470.2,0.0,0,0,2017-04-18,34307600,3472.2,1,0,0,0,0,0,0,0,0,3472.6,1,0,0,0,0,0,0,0,0
208,2017-04-18,09:31:48,100,IF1704,CCFX,3472.2,3470.2,3474.8,371,386489820,23437,23751,3815.6,3122,3468.8,3472.4,0,3470.2,0.0,0,0,2017-04-18,34308100,3472.0,5,0,0,0,0,0,0,0,0,3472.6,2,0,0,0,0,0,0,0,0
209,2017-04-18,09:31:48,600,IF1704,CCFX,3472.6,3470.2,3474.8,374,389615100,23434,23751,3815.6,3122,3468.8,3472.4,0,3470.2,0.0,0,0,2017-04-18,34308600,3472.6,1,0,0,0,0,0,0,0,0,3472.8,2,0,0,0,0,0,0,0,0
210,2017-04-18,09:31:49,100,IF1704,CCFX,3472.6,3470.2,3474.8,378,393782220,23430,23751,3815.6,3122,3468.8,3472.4,0,3470.2,0.0,0,0,2017-04-18,34309100,3472.0,5,0,0,0,0,0,0,0,0,3472.8,1,0,0,0,0,0,0,0,0
211,2017-04-18,09:31:49,600,IF1704,CCFX,3472.0,3470.2,3474.8,379,394823820,23429,23751,3815.6,3122,3468.8,3472.4,0,3470.2,0.0,0,0,2017-04-18,34309600,3472.0,4,0,0,0,0,0,0,0,0,3472.8,1,0,0,0,0,0,0,0,0
212,2017-04-18,09:31:50,100,IF1704,CCFX,3472.0,3470.2,3474.8,379,394823820,23429,23751,3815.6,3122,3468.8,3472.4,0,3470.2,0.0,0,0,2017-04-18,34310100,3472.0,4,0,0,0,0,0,0,0,0,3472.8,1,0,0,0,0,0,0,0,0
213,2017-04-18,09:31:50,600,IF1704,CCFX,3472.0,3470.2,3474.8,379,394823820,23429,23751,3815.6,3122,3468.8,3472.4,0,3470.2,0.0,0,0,2017-04-18,34310600,3472.0,4,0,0,0,0,0,0,0,0,3472.8,1,0,0,0,0,0,0,0,0
214,2017-04-18,09:31:51,100,IF1704,CCFX,3472.0,3470.2,3474.8,379,394823820,23429,23751,3815.6,3122,3468.8,3472.4,0,3470.2,0.0,0,0,2017-04-18,34311100,3472.2,1,0,0,0,0,0,0,0,0,3472.8,1,0,0,0,0,0,0,0,0
215,2017-04-18,09:31:51,600,IF1704,CCFX,3472.0,3470.2,3474.8,380,395865420,23428,23751,3815.6,3122,3468.8,3472.4,0,3470.2,0.0,0,0,2017-04-18,34311600,3472.0,4,0,0,0,0,0,0,0,0,3472.8,1,0,0,0,0,0,0,0,0
216,2017-04-18,09:31:52,100,IF1704,CCFX,3472.8,3470.2,3474.8,381,396907260,23428,23751,3815.6,3122,3468.8,3472.4,0,3470.2,0.0,0,0,2017-04-18,34312100,3472.2,1,0,0,0,0,0,0,0,0,3473.0,1,0,0,0,0,0,0,0,0
217,2017-04-18,09:31:52,600,IF1704,CCFX,3472.0,3470.2,3474.8,384,400032420,23425,23751,3815.6,3122,3468.8,3472.4,0,3470.2,0.0,0,0,2017-04-18,34312600,3472.0,3,0,0,0,0,0,0,0,0,3473.2,3,0,0,0,0,0,0,0,0
218,2017-04-18,09:31:53,100,IF1704,CCFX,3472.0,3470.2,3474.8,384,400032420,23425,23751,3815.6,3122,3468.8,3472.4,0,3470.2,0.0,0,0,2017-04-18,34313100,3472.2,1,0,0,0,0,0,0,0,0,3473.0,1,0,0,0,0,0,0,0,0
219,2017-04-18,09:31:53,600,IF1704,CCFX,3472.0,3470.2,3474.8,384,400032420,23425,23751,3815.6,3122,3468.8,3472.4,0,3470.2,0.0,0,0,2017-04-18,34313600,3472.0,4,0,0,0,0,0,0,0,0,3473.2,3,0,0,0,0,0,0,0,0
220,2017-04-18,09:31:54,100,IF1704,CCFX,3472.0,3470.2,3474.8,384,400032420,23425,23751,3815.6,3122,3468.8,3472.4,0,3470.2,0.0,0,0,2017-04-18,34314100,3472.2,1,0,0,0,0,0,0,0,0,3473.0,1,0,0,0,0,0,0,0,0
221,2017-04-18,09:31:54,600,IF1704,CCFX,3472.0,3470.2,3474.8,388,404199540,23422,23751,3815.6,3122,3468.8,3472.4,0,3470.2,0.0,0,0,2017-04-18,34314600,3472.0,2,0,0,0,0,0,0,0,0,3473.2,1,0,0,0,0,0,0,0,0
222,2017-04-18,09:31:55,100,IF1704,CCFX,3472.0,3470.2,3474.8,388,404199540,23422,23751,3815.6,3122,3468.8,3472.4,0,3470.2,0.0,0,0,2017-04-18,34315100,3472.2,2,0,0,0,0,0,0,0,0,3473.0,1,0,0,0,0,0,0,0,0
223,2017-04-18,09:31:55,600,IF1704,CCFX,3472.0,3470.2,3474.8,388,404199540,23422,23751,3815.6,3122,3468.8,3472.4,0,3470.2,0.0,0,0,2017-04-18,34315600,3472.0,2,0,0,0,0,0,0,0,0,3473.2,1,0,0,0,0,0,0,0,0
224,2017-04-18,09:31:56,100,IF1704,CCFX,3472.2,3470.2,3474.8,390,406282800,23421,23751,3815.6,3122,3468.8,3472.4,0,3470.2,0.0,0,0,2017-04-18,34316100,3472.0,1,0,0,0,0,0,0,0,0,3473.0,2,0,0,0,0,0,0,0,0
225,2017-04-18,09:31:56,600,IF1704,CCFX,3472.0,3470.2,3474.8,391,407324400,23421,23751,3815.6,3122,3468.8,3472.4,0,3470.2,0.0,0,0,2017-04-18,34316600,3471.8,2,0,0,0,0,0,0,0,0,3473.0,2,0,0,0,0,0,0,0,0
226,2017-04-18,09:31:57,100,IF1704,CCFX,3473.0,3470.2,3474.8,393,409407840,23419,23751,3815.6,3122,3468.8,3472.4,0,3470.2,0.0,0,0,2017-04-18,34317100,3471.8,1,0,0,0,0,0,0,0,0,3473.0,1,0,0,0,0,0,0,0,0
227,2017-04-18,09:31:57,600,IF1704,CCFX,3471.8,3470.2,3474.8,395,411490920,23417,23751,3815.6,3122,3468.8,3472.4,0,3470.2,0.0,0,0,2017-04-18,34317600,3471.6,3,0,0,0,0,0,0,0,0,3472.8,2,0,0,0,0,0,0,0,0
228,2017-04-18,09:31:58,100,IF1704,CCFX,3472.8,3470.2,3474.8,397,413574540,23415,23751,3815.6,3122,3468.8,3472.4,0,3470.2,0.0,0,0,2017-04-18,34318100,3471.8,2,0,0,0,0,0,0,0,0,3472.8,2,0,0,0,0,0,0,0,0
229,2017-04-18,09:31:58,600,IF1704,CCFX,3472.0,3470.2,3474.8,398,414616140,23414,23751,3815.6,3122,3468.8,3472.4,0,3470.2,0.0,0,0,2017-04-18,34318600,3471.8,1,0,0,0,0,0,0,0,0,3472.8,2,0,0,0,0,0,0,0,0
230,2017-04-18,09:31:59,100,IF1704,CCFX,3472.0,3470.2,3474.8,398,414616140,23414,23751,3815.6,3122,3468.8,3472.4,0,3470.2,0.0,0,0,2017-04-18,34319100,3471.8,1,0,0,0,0,0,0,0,0,3472.8,2,0,0,0,0,0,0,0,0
231,2017-04-18,09:31:59,600,IF1704,CCFX,3472.0,3470.2,3474.8,398,414616140,23414,23751,3815.6,3122,3468.8,3472.4,0,3470.2,0.0,0,0,2017-04-18,34319600,3471.8,1,0,0,0,0,0,0,0,0,3472.8,2,0,0,0,0,0,0,0,0
232,2017-04-18,09:32:00,100,IF1704,CCFX,3471.8,3470.2,3474.8,399,415657680,23413,23751,3815.6,3122,3468.8,3472.4,0,3470.2,0.0,0,0,2017-04-18,34320100,3471.6,3,0,0,0,0,0,0,0,0,3472.8,2,0,0,0,0,0,0,0,0
233,2017-04-18,09:32:00,600,IF1704,CCFX,3471.6,3470.2,3474.8,401,417740640,23411,23751,3815.6,3122,3468.8,3472.4,0,3470.2,0.0,0,0,2017-04-18,34320600,3471.6,2,0,0,0,0,0,0,0,0,3472.8,2,0,0,0,0,0,0,0,0
234,2017-04-18,09:32:01,600,IF1704,CCFX,3471.6,3470.2,3474.8,401,417740640,23411,23751,3815.6,3122,3468.8,3472.4,0,3470.2,0.0,0,0,2017-04-18,34321600,3471.6,2,0,0,0,0,0,0,0,0,3472.8,8,0,0,0,0,0,0,0,0
235,2017-04-18,09:32:02,100,IF1704,CCFX,3471.6,3470.2,3474.8,401,417740640,23411,23751,3815.6,3122,3468.8,3472.4,0,3470.2,0.0,0,0,2017-04-18,34322100,3471.6,2,0,0,0,0,0,0,0,0,3472.6,1,0,0,0,0,0,0,0,0
236,2017-04-18,09:32:02,600,IF1704,CCFX,3471.6,3470.2,3474.8,402,418782120,23410,23751,3815.6,3122,3468.8,3472.4,0,3470.2,0.0,0,0,2017-04-18,34322600,3471.6,1,0,0,0,0,0,0,0,0,3472.6,2,0,0,0,0,0,0,0,0
237,2017-04-18,09:32:03,100,IF1704,CCFX,3471.6,3470.2,3474.8,402,418782120,23410,23751,3815.6,3122,3468.8,3472.4,0,3470.2,0.0,0,0,2017-04-18,34323100,3471.6,1,0,0,0,0,0,0,0,0,3472.4,1,0,0,0,0,0,0,0,0
238,2017-04-18,09:32:03,600,IF1704,CCFX,3471.6,3470.2,3474.8,402,418782120,23410,23751,3815.6,3122,3468.8,3472.4,0,3470.2,0.0,0,0,2017-04-18,34323600,3471.6,1,0,0,0,0,0,0,0,0,3472.4,2,0,0,0,0,0,0,0,0
239,2017-04-18,09:32:04,100,IF1704,CCFX,3471.6,3470.2,3474.8,402,418782120,23410,23751,3815.6,3122,3468.8,3472.4,0,3470.2,0.0,0,0,2017-04-18,34324100,3471.6,1,0,0,0,0,0,0,0,0,3472.4,2,0,0,0,0,0,0,0,0
240,2017-04-18,09:32:05,100,IF1704,CCFX,3472.8,3470.2,3474.8,408,425032740,23404,23751,3815.6,3122,3468.8,3472.4,0,3470.2,0.0,0,0,2017-04-18,34325100,3471.6,2,0,0,0,0,0,0,0,0,3472.8,5,0,0,0,0,0,0,0,0
241,2017-04-18,09:32:05,600,IF1704,CCFX,3472.8,3470.2,3474.8,408,425032740,23404,23751,3815.6,3122,3468.8,3472.4,0,3470.2,0.0,0,0,2017-04-18,34325600,3471.8,2,0,0,0,0,0,0,0,0,3472.6,1,0,0,0,0,0,0,0,0
242,2017-04-18,09:32:06,100,IF1704,CCFX,3472.8,3470.2,3474.8,408,425032740,23404,23751,3815.6,3122,3468.8,3472.4,0,3470.2,0.0,0,0,2017-04-18,34326100,3472.6,1,0,0,0,0,0,0,0,0,3472.8,5,0,0,0,0,0,0,0,0
243,2017-04-18,09:32:06,600,IF1704,CCFX,3472.6,3470.2,3474.8,409,426074520,23403,23751,3815.6,3122,3468.8,3472.4,0,3470.2,0.0,0,0,2017-04-18,34326600,3471.8,1,0,0,0,0,0,0,0,0,3472.6,3,0,0,0,0,0,0,0,0
244,2017-04-18,09:32:07,100,IF1704,CCFX,3472.6,3470.2,3474.8,412,429199860,23400,23751,3815.6,3122,3468.8,3472.4,0,3470.2,0.0,0,0,2017-04-18,34327100,3472.6,1,0,0,0,0,0,0,0,0,3472.8,5,0,0,0,0,0,0,0,0
245,2017-04-18,09:32:07,600,IF1704,CCFX,3472.6,3470.2,3474.8,413,430241640,23399,23751,3815.6,3122,3468.8,3472.4,0,3470.2,0.0,0,0,2017-04-18,34327600,3471.8,2,0,0,0,0,0,0,0,0,3472.6,2,0,0,0,0,0,0,0,0
246,2017-04-18,09:32:08,100,IF1704,CCFX,3472.6,3470.2,3474.8,413,430241640,23399,23751,3815.6,3122,3468.8,3472.4,0,3470.2,0.0,0,0,2017-04-18,34328100,3472.4,1,0,0,0,0,0,0,0,0,3472.6,2,0,0,0,0,0,0,0,0
247,2017-04-18,09:32:08,600,IF1704,CCFX,3472.6,3470.2,3474.8,414,431283420,23398,23751,3815.6,3122,3468.8,3472.4,0,3470.2,0.0,0,0,2017-04-18,34328600,3471.8,2,0,0,0,0,0,0,0,0,3472.6,1,0,0,0,0,0,0,0,0
248,2017-04-18,09:32:09,100,IF1704,CCFX,3471.8,3470.2,3474.8,416,433366740,23396,23751,3815.6,3122,3468.8,3472.4,0,3470.2,0.0,0,0,2017-04-18,34329100,3471.8,1,0,0,0,0,0,0,0,0,3472.8,5,0,0,0,0,0,0,0,0
249,2017-04-18,09:32:09,600,IF1704,CCFX,3471.8,3470.2,3474.8,418,435449820,23394,23751,3815.6,3122,3468.8,3472.4,0,3470.2,0.0,0,0,2017-04-18,34329600,3471.6,1,0,0,0,0,0,0,0,0,3472.6,1,0,0,0,0,0,0,0,0
250,2017-04-18,09:32:10,100,IF1704,CCFX,3471.8,3470.2,3474.8,418,435449820,23394,23751,3815.6,3122,3468.8,3472.4,0,3470.2,0.0,0,0,2017-04-18,34330100,3472.0,2,0,0,0,0,0,0,0,0,3472.6,1,0,0,0,0,0,0,0,0
251,2017-04-18,09:32:10,600,IF1704,CCFX,3471.8,3470.2,3474.8,418,435449820,23394,23751,3815.6,3122,3468.8,3472.4,0,3470.2,0.0,0,0,2017-04-18,34330600,3472.0,3,0,0,0,0,0,0,0,0,3472.6,1,0,0,0,0,0,0,0,0
252,2017-04-18,09:32:11,100,IF1704,CCFX,3471.8,3470.2,3474.8,418,435449820,23394,23751,3815.6,3122,3468.8,3472.4,0,3470.2,0.0,0,0,2017-04-18,34331100,3472.0,3,0,0,0,0,0,0,0,0,3472.6,1,0,0,0,0,0,0,0,0
253,2017-04-18,09:32:12,100,IF1704,CCFX,3472.0,3470.2,3474.8,422,439616220,23392,23751,3815.6,3122,3468.8,3472.4,0,3470.2,0.0,0,0,2017-04-18,34332100,3472.0,1,0,0,0,0,0,0,0,0,3472.6,1,0,0,0,0,0,0,0,0
254,2017-04-18,09:32:12,600,IF1704,CCFX,3472.0,3470.2,3474.8,424,441699420,23390,23751,3815.6,3122,3468.8,3472.4,0,3470.2,0.0,0,0,2017-04-18,34332600,3471.6,1,0,0,0,0,0,0,0,0,3472.0,3,0,0,0,0,0,0,0,0
255,2017-04-18,09:32:13,100,IF1704,CCFX,3472.0,3470.2,3474.8,426,443782620,23388,23751,3815.6,3122,3468.8,3472.4,0,3470.2,0.0,0,0,2017-04-18,34333100,3471.6,1,0,0,0,0,0,0,0,0,3472.0,1,0,0,0,0,0,0,0,0
256,2017-04-18,09:32:13,600,IF1704,CCFX,3472.0,3470.2,3474.8,427,444824220,23387,23751,3815.6,3122,3468.8,3472.4,0,3470.2,0.0,0,0,2017-04-18,34333600,3472.0,1,0,0,0,0,0,0,0,0,3472.6,1,0,0,0,0,0,0,0,0
257,2017-04-18,09:32:14,100,IF1704,CCFX,3471.6,3470.2,3474.8,433,451073280,23381,23751,3815.6,3122,3468.8,3472.4,0,3470.2,0.0,0,0,2017-04-18,34334100,3472.0,1,0,0,0,0,0,0,0,0,3472.6,1,0,0,0,0,0,0,0,0
258,2017-04-18,09:32:14,600,IF1704,CCFX,3471.6,3470.2,3474.8,433,451073280,23381,23751,3815.6,3122,3468.8,3472.4,0,3470.2,0.0,0,0,2017-04-18,34334600,3472.0,1,0,0,0,0,0,0,0,0,3472.6,2,0,0,0,0,0,0,0,0
259,2017-04-18,09:32:15,100,IF1704,CCFX,3471.2,3470.2,3474.8,435,453156120,23379,23751,3815.6,3122,3468.8,3472.4,0,3470.2,0.0,0,0,2017-04-18,34335100,3471.2,3,0,0,0,0,0,0,0,0,3472.6,2,0,0,0,0,0,0,0,0
260,2017-04-18,09:32:15,600,IF1704,CCFX,3471.2,3470.2,3474.8,435,453156120,23379,23751,3815.6,3122,3468.8,3472.4,0,3470.2,0.0,0,0,2017-04-18,34335600,3472.0,1,0,0,0,0,0,0,0,0,3472.4,2,0,0,0,0,0,0,0,0
261,2017-04-18,09:32:16,100,IF1704,CCFX,3471.2,3470.2,3474.8,435,453156120,23379,23751,3815.6,3122,3468.8,3472.4,0,3470.2,0.0,0,0,2017-04-18,34336100,3472.0,1,0,0,0,0,0,0,0,0,3472.6,1,0,0,0,0,0,0,0,0
262,2017-04-18,09:32:16,600,IF1704,CCFX,3472.0,3470.2,3474.8,436,454197720,23378,23751,3815.6,3122,3468.8,3472.4,0,3470.2,0.0,0,0,2017-04-18,34336600,3471.2,3,0,0,0,0,0,0,0,0,3472.2,1,0,0,0,0,0,0,0,0
263,2017-04-18,09:32:17,100,IF1704,CCFX,3472.0,3470.2,3474.8,436,454197720,23378,23751,3815.6,3122,3468.8,3472.4,0,3470.2,0.0,0,0,2017-04-18,34337100,3472.0,1,0,0,0,0,0,0,0,0,3472.2,1,0,0,0,0,0,0,0,0
264,2017-04-18,09:32:17,600,IF1704,CCFX,3472.0,3470.2,3474.8,437,455239320,23377,23751,3815.6,3122,3468.8,3472.4,0,3470.2,0.0,0,0,2017-04-18,34337600,3471.2,3,0,0,0,0,0,0,0,0,3472.2,1,0,0,0,0,0,0,0,0
265,2017-04-18,09:32:18,100,IF1704,CCFX,3472.0,3470.2,3474.8,437,455239320,23377,23751,3815.6,3122,3468.8,3472.4,0,3470.2,0.0,0,0,2017-04-18,34338100,3472.0,2,0,0,0,0,0,0,0,0,3472.2,2,0,0,0,0,0,0,0,0
266,2017-04-18,09:32:18,600,IF1704,CCFX,3472.0,3470.2,3474.8,437,455239320,23377,23751,3815.6,3122,3468.8,3472.4,0,3470.2,0.0,0,0,2017-04-18,34338600,3472.0,2,0,0,0,0,0,0,0,0,3472.2,2,0,0,0,0,0,0,0,0
267,2017-04-18,09:32:20,100,IF1704,CCFX,3472.0,3470.2,3474.8,439,457322520,23375,23751,3815.6,3122,3468.8,3472.4,0,3470.2,0.0,0,0,2017-04-18,34340100,3471.6,2,0,0,0,0,0,0,0,0,3472.2,2,0,0,0,0,0,0,0,0
268,2017-04-18,09:32:21,100,IF1704,CCFX,3472.0,3470.2,3474.8,439,457322520,23375,23751,3815.6,3122,3468.8,3472.4,0,3470.2,0.0,0,0,2017-04-18,34341100,3471.6,2,0,0,0,0,0,0,0,0,3472.2,2,0,0,0,0,0,0,0,0
269,2017-04-18,09:32:21,600,IF1704,CCFX,3472.2,3470.2,3474.8,441,459405840,23373,23751,3815.6,3122,3468.8,3472.4,0,3470.2,0.0,0,0,2017-04-18,34341600,3471.6,2,0,0,0,0,0,0,0,0,3472.4,1,0,0,0,0,0,0,0,0
270,2017-04-18,09:32:22,100,IF1704,CCFX,3472.2,3470.2,3474.8,441,459405840,23373,23751,3815.6,3122,3468.8,3472.4,0,3470.2,0.0,0,0,2017-04-18,34342100,3471.6,2,0,0,0,0,0,0,0,0,3472.4,1,0,0,0,0,0,0,0,0
271,2017-04-18,09:32:22,600,IF1704,CCFX,3471.6,3470.2,3474.8,442,460447320,23372,23751,3815.6,3122,3468.8,3472.4,0,3470.2,0.0,0,0,2017-04-18,34342600,3471.6,1,0,0,0,0,0,0,0,0,3472.4,1,0,0,0,0,0,0,0,0
272,2017-04-18,09:32:23,100,IF1704,CCFX,3471.6,3470.2,3474.8,442,460447320,23372,23751,3815.6,3122,3468.8,3472.4,0,3470.2,0.0,0,0,2017-04-18,34343100,3471.6,1,0,0,0,0,0,0,0,0,3472.4,1,0,0,0,0,0,0,0,0
273,2017-04-18,09:32:23,600,IF1704,CCFX,3471.6,3470.2,3474.8,442,460447320,23372,23751,3815.6,3122,3468.8,3472.4,0,3470.2,0.0,0,0,2017-04-18,34343600,3471.2,3,0,0,0,0,0,0,0,0,3472.4,1,0,0,0,0,0,0,0,0
274,2017-04-18,09:32:24,100,IF1704,CCFX,3471.4,3470.2,3474.8,443,461488740,23371,23751,3815.6,3122,3468.8,3472.4,0,3470.2,0.0,0,0,2017-04-18,34344100,3471.2,3,0,0,0,0,0,0,0,0,3472.2,1,0,0,0,0,0,0,0,0
275,2017-04-18,09:32:24,600,IF1704,CCFX,3471.4,3470.2,3474.8,443,461488740,23371,23751,3815.6,3122,3468.8,3472.4,0,3470.2,0.0,0,0,2017-04-18,34344600,3471.8,2,0,0,0,0,0,0,0,0,3472.2,1,0,0,0,0,0,0,0,0
276,2017-04-18,09:32:25,100,IF1704,CCFX,3471.2,3470.2,3474.8,447,465654540,23369,23751,3815.6,3122,3468.8,3472.4,0,3470.2,0.0,0,0,2017-04-18,34345100,3471.2,1,0,0,0,0,0,0,0,0,3471.8,1,0,0,0,0,0,0,0,0
277,2017-04-18,09:32:25,600,IF1704,CCFX,3471.4,3470.2,3474.8,449,467737500,23367,23751,3815.6,3122,3468.8,3472.4,0,3470.2,0.0,0,0,2017-04-18,34345600,3471.2,1,0,0,0,0,0,0,0,0,3472.2,1,0,0,0,0,0,0,0,0
278,2017-04-18,09:32:26,100,IF1704,CCFX,3471.2,3470.2,3474.8,451,469820280,23365,23751,3815.6,3122,3468.8,3472.4,0,3470.2,0.0,0,0,2017-04-18,34346100,3471.4,1,0,0,0,0,0,0,0,0,3472.2,1,0,0,0,0,0,0,0,0
279,2017-04-18,09:32:26,600,IF1704,CCFX,3471.2,3470.2,3474.8,451,469820280,23365,23751,3815.6,3122,3468.8,3472.4,0,3470.2,0.0,0,0,2017-04-18,34346600,3471.4,1,0,0,0,0,0,0,0,0,3471.6,1,0,0,0,0,0,0,0,0
280,2017-04-18,09:32:27,100,IF1704,CCFX,3471.4,3470.2,3474.8,452,470861700,23364,23751,3815.6,3122,3468.8,3472.4,0,3470.2,0.0,0,0,2017-04-18,34347100,3471.0,4,0,0,0,0,0,0,0,0,3471.6,1,0,0,0,0,0,0,0,0
281,2017-04-18,09:32:27,600,IF1704,CCFX,3471.2,3470.2,3474.8,455,473986200,23361,23751,3815.6,3122,3468.8,3472.4,0,3470.2,0.0,0,0,2017-04-18,34347600,3471.0,4,0,0,0,0,0,0,0,0,3472.2,1,0,0,0,0,0,0,0,0
282,2017-04-18,09:32:28,100,IF1704,CCFX,3471.2,3470.2,3474.8,457,476068920,23359,23751,3815.6,3122,3468.8,3472.4,0,3470.2,0.0,0,0,2017-04-18,34348100,3471.0,4,0,0,0,0,0,0,0,0,3472.0,1,0,0,0,0,0,0,0,0
283,2017-04-18,09:32:28,600,IF1704,CCFX,3471.2,3470.2,3474.8,457,476068920,23359,23751,3815.6,3122,3468.8,3472.4,0,3470.2,0.0,0,0,2017-04-18,34348600,3471.0,4,0,0,0,0,0,0,0,0,3472.0,2,0,0,0,0,0,0,0,0
284,2017-04-18,09:32:29,100,IF1704,CCFX,3471.0,3470.2,3474.8,458,477110220,23360,23751,3815.6,3122,3468.8,3472.4,0,3470.2,0.0,0,0,2017-04-18,34349100,3471.0,3,0,0,0,0,0,0,0,0,3472.0,2,0,0,0,0,0,0,0,0
285,2017-04-18,09:32:29,600,IF1704,CCFX,3471.0,3470.2,3474.8,458,477110220,23360,23751,3815.6,3122,3468.8,3472.4,0,3470.2,0.0,0,0,2017-04-18,34349600,3471.6,1,0,0,0,0,0,0,0,0,3472.0,1,0,0,0,0,0,0,0,0
286,2017-04-18,09:32:30,100,IF1704,CCFX,3471.6,3470.2,3474.8,460,479193180,23358,23751,3815.6,3122,3468.8,3472.4,0,3470.2,0.0,0,0,2017-04-18,34350100,3471.6,1,0,0,0,0,0,0,0,0,3472.0,1,0,0,0,0,0,0,0,0
287,2017-04-18,09:32:30,600,IF1704,CCFX,3472.0,3470.2,3474.8,461,480234780,23357,23751,3815.6,3122,3468.8,3472.4,0,3470.2,0.0,0,0,2017-04-18,34350600,3471.6,1,0,0,0,0,0,0,0,0,3472.0,1,0,0,0,0,0,0,0,0
288,2017-04-18,09:32:31,100,IF1704,CCFX,3472.0,3470.2,3474.8,461,480234780,23357,23751,3815.6,3122,3468.8,3472.4,0,3470.2,0.0,0,0,2017-04-18,34351100,3472.0,1,0,0,0,0,0,0,0,0,3472.2,1,0,0,0,0,0,0,0,0
289,2017-04-18,09:32:31,600,IF1704,CCFX,3471.6,3470.2,3474.8,463,482317860,23356,23751,3815.6,3122,3468.8,3472.4,0,3470.2,0.0,0,0,2017-04-18,34351600,3471.0,3,0,0,0,0,0,0,0,0,3472.0,2,0,0,0,0,0,0,0,0
290,2017-04-18,09:32:32,100,IF1704,CCFX,3471.6,3470.2,3474.8,463,482317860,23356,23751,3815.6,3122,3468.8,3472.4,0,3470.2,0.0,0,0,2017-04-18,34352100,3471.0,3,0,0,0,0,0,0,0,0,3472.0,3,0,0,0,0,0,0,0,0
291,2017-04-18,09:32:32,600,IF1704,CCFX,3471.2,3470.2,3474.8,464,483359220,23355,23751,3815.6,3122,3468.8,3472.4,0,3470.2,0.0,0,0,2017-04-18,34352600,3471.0,3,0,0,0,0,0,0,0,0,3472.0,3,0,0,0,0,0,0,0,0
292,2017-04-18,09:32:33,100,IF1704,CCFX,3471.2,3470.2,3474.8,464,483359220,23355,23751,3815.6,3122,3468.8,3472.4,0,3470.2,0.0,0,0,2017-04-18,34353100,3471.0,3,0,0,0,0,0,0,0,0,3471.8,1,0,0,0,0,0,0,0,0
293,2017-04-18,09:32:33,600,IF1704,CCFX,3471.0,3470.2,3474.8,465,484400520,23355,23751,3815.6,3122,3468.8,3472.4,0,3470.2,0.0,0,0,2017-04-18,34353600,3471.0,2,0,0,0,0,0,0,0,0,3471.8,1,0,0,0,0,0,0,0,0
294,2017-04-18,09:32:34,100,IF1704,CCFX,3471.0,3470.2,3474.8,466,485441820,23355,23751,3815.6,3122,3468.8,3472.4,0,3470.2,0.0,0,0,2017-04-18,34354100,3471.0,1,0,0,0,0,0,0,0,0,3471.8,1,0,0,0,0,0,0,0,0
295,2017-04-18,09:32:34,600,IF1704,CCFX,3471.0,3470.2,3474.8,468,487524420,23354,23751,3815.6,3122,3468.8,3472.4,0,3470.2,0.0,0,0,2017-04-18,34354600,3470.8,2,0,0,0,0,0,0,0,0,3471.0,4,0,0,0,0,0,0,0,0
296,2017-04-18,09:32:35,100,IF1704,CCFX,3471.0,3470.2,3474.8,470,489607020,23352,23751,3815.6,3122,3468.8,3472.4,0,3470.2,0.0,0,0,2017-04-18,34355100,3470.8,2,0,0,0,0,0,0,0,0,3471.0,2,0,0,0,0,0,0,0,0
297,2017-04-18,09:32:35,600,IF1704,CCFX,3471.0,3470.2,3474.8,472,491689620,23350,23751,3815.6,3122,3468.8,3472.4,0,3470.2,0.0,0,0,2017-04-18,34355600,3471.6,2,0,0,0,0,0,0,0,0,3471.8,1,0,0,0,0,0,0,0,0
298,2017-04-18,09:32:36,100,IF1704,CCFX,3471.6,3470.2,3474.8,474,493772580,23350,23751,3815.6,3122,3468.8,3472.4,0,3470.2,0.0,0,0,2017-04-18,34356100,3471.4,2,0,0,0,0,0,0,0,0,3471.6,1,0,0,0,0,0,0,0,0
299,2017-04-18,09:32:36,600,IF1704,CCFX,3471.4,3470.2,3474.8,476,495855420,23348,23751,3815.6,3122,3468.8,3472.4,0,3470.2,0.0,0,0,2017-04-18,34356600,3471.6,1,0,0,0,0,0,0,0,0,3472.0,2,0,0,0,0,0,0,0,0
300,2017-04-18,09:32:37,100,IF1704,CCFX,3471.4,3470.2,3474.8,476,495855420,23348,23751,3815.6,3122,3468.8,3472.4,0,3470.2,0.0,0,0,2017-04-18,34357100,3471.6,1,0,0,0,0,0,0,0,0,3471.8,1,0,0,0,0,0,0,0,0
301,2017-04-18,09:32:38,100,IF1704,CCFX,3471.4,3470.2,3474.8,476,495855420,23348,23751,3815.6,3122,3468.8,3472.4,0,3470.2,0.0,0,0,2017-04-18,34358100,3471.6,1,0,0,0,0,0,0,0,0,3471.8,2,0,0,0,0,0,0,0,0
302,2017-04-18,09:32:38,600,IF1704,CCFX,3471.4,3470.2,3474.8,476,495855420,23348,23751,3815.6,3122,3468.8,3472.4,0,3470.2,0.0,0,0,2017-04-18,34358600,3471.6,2,0,0,0,0,0,0,0,0,3471.8,2,0,0,0,0,0,0,0,0
303,2017-04-18,09:32:39,100,IF1704,CCFX,3471.6,3470.2,3474.8,478,497938380,23346,23751,3815.6,3122,3468.8,3472.4,0,3470.2,0.0,0,0,2017-04-18,34359100,3471.2,1,0,0,0,0,0,0,0,0,3471.6,3,0,0,0,0,0,0,0,0
304,2017-04-18,09:32:39,600,IF1704,CCFX,3471.4,3470.2,3474.8,479,498979800,23345,23751,3815.6,3122,3468.8,3472.4,0,3470.2,0.0,0,0,2017-04-18,34359600,3471.2,1,0,0,0,0,0,0,0,0,3471.6,4,0,0,0,0,0,0,0,0
305,2017-04-18,09:32:40,100,IF1704,CCFX,3471.4,3470.2,3474.8,479,498979800,23345,23751,3815.6,3122,3468.8,3472.4,0,3470.2,0.0,0,0,2017-04-18,34360100,3471.2,1,0,0,0,0,0,0,0,0,3471.6,4,0,0,0,0,0,0,0,0
306,2017-04-18,09:32:40,600,IF1704,CCFX,3471.4,3470.2,3474.8,479,498979800,23345,23751,3815.6,3122,3468.8,3472.4,0,3470.2,0.0,0,0,2017-04-18,34360600,3471.2,2,0,0,0,0,0,0,0,0,3471.6,4,0,0,0,0,0,0,0,0
307,2017-04-18,09:32:41,100,IF1704,CCFX,3471.2,3470.2,3474.8,480,500021160,23345,23751,3815.6,3122,3468.8,3472.4,0,3470.2,0.0,0,0,2017-04-18,34361100,3471.2,1,0,0,0,0,0,0,0,0,3471.6,4,0,0,0,0,0,0,0,0
308,2017-04-18,09:32:41,600,IF1704,CCFX,3471.2,3470.2,3474.8,481,501062520,23344,23751,3815.6,3122,3468.8,3472.4,0,3470.2,0.0,0,0,2017-04-18,34361600,3471.0,2,0,0,0,0,0,0,0,0,3471.4,1,0,0,0,0,0,0,0,0
309,2017-04-18,09:32:42,100,IF1704,CCFX,3471.2,3470.2,3474.8,481,501062520,23344,23751,3815.6,3122,3468.8,3472.4,0,3470.2,0.0,0,0,2017-04-18,34362100,3471.0,2,0,0,0,0,0,0,0,0,3471.2,2,0,0,0,0,0,0,0,0
310,2017-04-18,09:32:42,600,IF1704,CCFX,3471.2,3470.2,3474.8,481,501062520,23344,23751,3815.6,3122,3468.8,3472.4,0,3470.2,0.0,0,0,2017-04-18,34362600,3471.0,2,0,0,0,0,0,0,0,0,3471.2,3,0,0,0,0,0,0,0,0
311,2017-04-18,09:32:43,100,IF1704,CCFX,3471.2,3470.2,3474.8,481,501062520,23344,23751,3815.6,3122,3468.8,3472.4,0,3470.2,0.0,0,0,2017-04-18,34363100,3471.0,3,0,0,0,0,0,0,0,0,3471.2,3,0,0,0,0,0,0,0,0
312,2017-04-18,09:32:43,600,IF1704,CCFX,3471.0,3470.2,3474.8,483,503145180,23342,23751,3815.6,3122,3468.8,3472.4,0,3470.2,0.0,0,0,2017-04-18,34363600,3471.0,2,0,0,0,0,0,0,0,0,3471.2,2,0,0,0,0,0,0,0,0
313,2017-04-18,09:32:44,600,IF1704,CCFX,3471.0,3470.2,3474.8,483,503145180,23342,23751,3815.6,3122,3468.8,3472.4,0,3470.2,0.0,0,0,2017-04-18,34364600,3471.0,2,0,0,0,0,0,0,0,0,3471.2,2,0,0,0,0,0,0,0,0
314,2017-04-18,09:32:45,100,IF1704,CCFX,3471.0,3470.2,3474.8,485,505227780,23340,23751,3815.6,3122,3468.8,3472.4,0,3470.2,0.0,0,0,2017-04-18,34365100,3470.8,3,0,0,0,0,0,0,0,0,3471.2,2,0,0,0,0,0,0,0,0
315,2017-04-18,09:32:45,600,IF1704,CCFX,3470.8,3470.2,3474.8,486,506269020,23339,23751,3815.6,3122,3468.8,3472.4,0,3470.2,0.0,0,0,2017-04-18,34365600,3470.8,2,0,0,0,0,0,0,0,0,3471.2,1,0,0,0,0,0,0,0,0
316,2017-04-18,09:32:46,100,IF1704,CCFX,3470.8,3470.2,3474.8,488,508351500,23337,23751,3815.6,3122,3468.8,3472.4,0,3470.2,0.0,0,0,2017-04-18,34366100,3470.6,2,0,0,0,0,0,0,0,0,3470.8,2,0,0,0,0,0,0,0,0
317,2017-04-18,09:32:46,600,IF1704,CCFX,3470.8,3470.2,3474.8,490,510433980,23335,23751,3815.6,3122,3468.8,3472.4,0,3470.2,0.0,0,0,2017-04-18,34366600,3470.6,2,0,0,0,0,0,0,0,0,3471.4,1,0,0,0,0,0,0,0,0
318,2017-04-18,09:32:47,100,IF1704,CCFX,3470.6,3470.2,3474.8,492,512516340,23333,23751,3815.6,3122,3468.8,3472.4,0,3470.2,0.0,0,0,2017-04-18,34367100,3470.4,7,0,0,0,0,0,0,0,0,3470.6,3,0,0,0,0,0,0,0,0
319,2017-04-18,09:32:47,600,IF1704,CCFX,3470.4,3470.2,3474.8,493,513557460,23332,23751,3815.6,3122,3468.8,3472.4,0,3470.2,0.0,0,0,2017-04-18,34367600,3470.4,6,0,0,0,0,0,0,0,0,3470.6,3,0,0,0,0,0,0,0,0
320,2017-04-18,09:32:48,100,IF1704,CCFX,3470.4,3470.2,3474.8,494,514598580,23331,23751,3815.6,3122,3468.8,3472.4,0,3470.2,0.0,0,0,2017-04-18,34368100,3470.4,5,0,0,0,0,0,0,0,0,3470.6,4,0,0,0,0,0,0,0,0
321,2017-04-18,09:32:48,600,IF1704,CCFX,3470.6,3470.2,3474.8,496,516680880,23329,23751,3815.6,3122,3468.8,3472.4,0,3470.2,0.0,0,0,2017-04-18,34368600,3470.4,4,0,0,0,0,0,0,0,0,3470.6,3,0,0,0,0,0,0,0,0
322,2017-04-18,09:32:49,100,IF1704,CCFX,3470.4,3470.2,3474.8,498,518763120,23328,23751,3815.6,3122,3468.8,3472.4,0,3470.2,0.0,0,0,2017-04-18,34369100,3470.4,2,0,0,0,0,0,0,0,0,3470.6,3,0,0,0,0,0,0,0,0
323,2017-04-18,09:32:49,600,IF1704,CCFX,3470.4,3470.2,3474.8,498,518763120,23328,23751,3815.6,3122,3468.8,3472.4,0,3470.2,0.0,0,0,2017-04-18,34369600,3470.4,2,0,0,0,0,0,0,0,0,3470.6,3,0,0,0,0,0,0,0,0
324,2017-04-18,09:32:50,100,IF1704,CCFX,3470.6,3470.2,3474.8,500,520845480,23326,23751,3815.6,3122,3468.8,3472.4,0,3470.2,0.0,0,0,2017-04-18,34370100,3470.4,2,0,0,0,0,0,0,0,0,3470.6,1,0,0,0,0,0,0,0,0
325,2017-04-18,09:32:50,600,IF1704,CCFX,3470.6,3470.2,3474.8,500,520845480,23326,23751,3815.6,3122,3468.8,3472.4,0,3470.2,0.0,0,0,2017-04-18,34370600,3470.4,2,0,0,0,0,0,0,0,0,3470.6,1,0,0,0,0,0,0,0,0
326,2017-04-18,09:32:51,100,IF1704,CCFX,3470.4,3470.2,3474.8,503,523968840,23323,23751,3815.6,3122,3468.8,3472.4,0,3470.2,0.0,0,0,2017-04-18,34371100,3470.2,7,0,0,0,0,0,0,0,0,3470.4,2,0,0,0,0,0,0,0,0
327,2017-04-18,09:32:51,600,IF1704,CCFX,3470.4,3470.2,3474.8,504,525009960,23323,23751,3815.6,3122,3468.8,3472.4,0,3470.2,0.0,0,0,2017-04-18,34371600,3470.2,7,0,0,0,0,0,0,0,0,3470.4,1,0,0,0,0,0,0,0,0
328,2017-04-18,09:32:52,100,IF1704,CCFX,3470.2,3470.2,3474.8,506,527092080,23321,23751,3815.6,3122,3468.8,3472.4,0,3470.2,0.0,0,0,2017-04-18,34372100,3470.2,5,0,0,0,0,0,0,0,0,3470.4,1,0,0,0,0,0,0,0,0
329,2017-04-18,09:32:52,600,IF1704,CCFX,3470.4,3470.2,3474.8,510,531256380,23318,23751,3815.6,3122,3468.8,3472.4,0,3470.2,0.0,0,0,2017-04-18,34372600,3470.2,2,0,0,0,0,0,0,0,0,3470.6,1,0,0,0,0,0,0,0,0
330,2017-04-18,09:32:53,100,IF1704,CCFX,3470.0,3470.0,3474.8,513,534379500,23316,23751,3815.6,3122,3468.8,3472.4,0,3470.2,0.0,0,0,2017-04-18,34373100,3470.0,1,0,0,0,0,0,0,0,0,3470.8,1,0,0,0,0,0,0,0,0
331,2017-04-18,09:32:53,600,IF1704,CCFX,3470.0,3470.0,3474.8,515,536461500,23314,23751,3815.6,3122,3468.8,3472.4,0,3470.2,0.0,0,0,2017-04-18,34373600,3469.4,5,0,0,0,0,0,0,0,0,3470.6,1,0,0,0,0,0,0,0,0
332,2017-04-18,09:32:54,100,IF1704,CCFX,3470.6,3470.0,3474.8,516,537502680,23313,23751,3815.6,3122,3468.8,3472.4,0,3470.2,0.0,0,0,2017-04-18,34374100,3469.4,4,0,0,0,0,0,0,0,0,3470.8,1,0,0,0,0,0,0,0,0
333,2017-04-18,09:32:54,600,IF1704,CCFX,3470.0,3470.0,3474.8,517,538543680,23312,23751,3815.6,3122,3468.8,3472.4,0,3470.2,0.0,0,0,2017-04-18,34374600,3469.6,3,0,0,0,0,0,0,0,0,3470.8,1,0,0,0,0,0,0,0,0
334,2017-04-18,09:32:55,100,IF1704,CCFX,3470.0,3470.0,3474.8,517,538543680,23312,23751,3815.6,3122,3468.8,3472.4,0,3470.2,0.0,0,0,2017-04-18,34375100,3470.2,1,0,0,0,0,0,0,0,0,3470.8,1,0,0,0,0,0,0,0,0
335,2017-04-18,09:32:55,600,IF1704,CCFX,3470.0,3470.0,3474.8,518,539584680,23311,23751,3815.6,3122,3468.8,3472.4,0,3470.2,0.0,0,0,2017-04-18,34375600,3470.2,1,0,0,0,0,0,0,0,0,3470.8,1,0,0,0,0,0,0,0,0
336,2017-04-18,09:32:56,600,IF1704,CCFX,3470.0,3470.0,3474.8,519,540625680,23310,23751,3815.6,3122,3468.8,3472.4,0,3470.2,0.0,0,0,2017-04-18,34376600,3469.6,1,0,0,0,0,0,0,0,0,3470.8,1,0,0,0,0,0,0,0,0
337,2017-04-18,09:32:57,100,IF1704,CCFX,3470.0,3470.0,3474.8,519,540625680,23310,23751,3815.6,3122,3468.8,3472.4,0,3470.2,0.0,0,0,2017-04-18,34377100,3470.2,1,0,0,0,0,0,0,0,0,3470.8,1,0,0,0,0,0,0,0,0
338,2017-04-18,09:32:57,600,IF1704,CCFX,3469.8,3469.8,3474.8,521,542707680,23309,23751,3815.6,3122,3468.8,3472.4,0,3470.2,0.0,0,0,2017-04-18,34377600,3469.6,1,0,0,0,0,0,0,0,0,3470.2,3,0,0,0,0,0,0,0,0
339,2017-04-18,09:32:58,100,IF1704,CCFX,3469.8,3469.8,3474.8,521,542707680,23309,23751,3815.6,3122,3468.8,3472.4,0,3470.2,0.0,0,0,2017-04-18,34378100,3469.6,1,0,0,0,0,0,0,0,0,3470.0,1,0,0,0,0,0,0,0,0
340,2017-04-18,09:32:58,600,IF1704,CCFX,3470.2,3469.8,3474.8,523,544789740,23307,23751,3815.6,3122,3468.8,3472.4,0,3470.2,0.0,0,0,2017-04-18,34378600,3469.6,1,0,0,0,0,0,0,0,0,3470.0,1,0,0,0,0,0,0,0,0
341,2017-04-18,09:32:59,100,IF1704,CCFX,3470.0,3469.8,3474.8,524,545830740,23306,23751,3815.6,3122,3468.8,3472.4,0,3470.2,0.0,0,0,2017-04-18,34379100,3470.0,2,0,0,0,0,0,0,0,0,3470.2,5,0,0,0,0,0,0,0,0
342,2017-04-18,09:32:59,600,IF1704,CCFX,3470.2,3469.8,3474.8,525,546871800,23305,23751,3815.6,3122,3468.8,3472.4,0,3470.2,0.0,0,0,2017-04-18,34379600,3470.0,2,0,0,0,0,0,0,0,0,3470.2,4,0,0,0,0,0,0,0,0
343,2017-04-18,09:33:00,100,IF1704,CCFX,3470.2,3469.8,3474.8,525,546871800,23305,23751,3815.6,3122,3468.8,3472.4,0,3470.2,0.0,0,0,2017-04-18,34380100,3470.0,2,0,0,0,0,0,0,0,0,3470.2,4,0,0,0,0,0,0,0,0
344,2017-04-18,09:33:00,600,IF1704,CCFX,3470.2,3469.8,3474.8,525,546871800,23305,23751,3815.6,3122,3468.8,3472.4,0,3470.2,0.0,0,0,2017-04-18,34380600,3470.0,3,0,0,0,0,0,0,0,0,3470.2,4,0,0,0,0,0,0,0,0
345,2017-04-18,09:33:01,100,IF1704,CCFX,3469.6,3469.6,3474.8,530,552076560,23302,23751,3815.6,3122,3468.8,3472.4,0,3470.2,0.0,0,0,2017-04-18,34381100,3469.4,5,0,0,0,0,0,0,0,0,3470.2,4,0,0,0,0,0,0,0,0
346,2017-04-18,09:33:01,600,IF1704,CCFX,3469.6,3469.6,3474.8,530,552076560,23302,23751,3815.6,3122,3468.8,3472.4,0,3470.2,0.0,0,0,2017-04-18,34381600,3469.4,5,0,0,0,0,0,0,0,0,3470.0,2,0,0,0,0,0,0,0,0
347,2017-04-18,09:33:02,100,IF1704,CCFX,3469.4,3469.4,3474.8,533,555199200,23299,23751,3815.6,3122,3468.8,3472.4,0,3470.2,0.0,0,0,2017-04-18,34382100,3469.4,3,0,0,0,0,0,0,0,0,3470.0,1,0,0,0,0,0,0,0,0
348,2017-04-18,09:33:02,600,IF1704,CCFX,3469.4,3469.4,3474.8,533,555199200,23299,23751,3815.6,3122,3468.8,3472.4,0,3470.2,0.0,0,0,2017-04-18,34382600,3469.6,1,0,0,0,0,0,0,0,0,3470.0,2,0,0,0,0,0,0,0,0
349,2017-04-18,09:33:03,100,IF1704,CCFX,3469.6,3469.4,3474.8,534,556240080,23298,23751,3815.6,3122,3468.8,3472.4,0,3470.2,0.0,0,0,2017-04-18,34383100,3469.4,3,0,0,0,0,0,0,0,0,3470.0,1,0,0,0,0,0,0,0,0
350,2017-04-18,09:33:03,600,IF1704,CCFX,3469.6,3469.4,3474.8,534,556240080,23298,23751,3815.6,3122,3468.8,3472.4,0,3470.2,0.0,0,0,2017-04-18,34383600,3469.4,3,0,0,0,0,0,0,0,0,3470.0,1,0,0,0,0,0,0,0,0
351,2017-04-18,09:33:04,100,IF1704,CCFX,3469.4,3469.4,3474.8,535,557280900,23297,23751,3815.6,3122,3468.8,3472.4,0,3470.2,0.0,0,0,2017-04-18,34384100,3469.4,2,0,0,0,0,0,0,0,0,3470.0,1,0,0,0,0,0,0,0,0
352,2017-04-18,09:33:04,600,IF1704,CCFX,3469.4,3469.4,3474.8,535,557280900,23297,23751,3815.6,3122,3468.8,3472.4,0,3470.2,0.0,0,0,2017-04-18,34384600,3469.4,2,0,0,0,0,0,0,0,0,3470.0,1,0,0,0,0,0,0,0,0
353,2017-04-18,09:33:05,100,IF1704,CCFX,3469.4,3469.4,3474.8,535,557280900,23297,23751,3815.6,3122,3468.8,3472.4,0,3470.2,0.0,0,0,2017-04-18,34385100,3469.4,2,0,0,0,0,0,0,0,0,3470.2,3,0,0,0,0,0,0,0,0
354,2017-04-18,09:33:05,600,IF1704,CCFX,3469.4,3469.4,3474.8,535,557280900,23297,23751,3815.6,3122,3468.8,3472.4,0,3470.2,0.0,0,0,2017-04-18,34385600,3469.4,2,0,0,0,0,0,0,0,0,3470.2,3,0,0,0,0,0,0,0,0
355,2017-04-18,09:33:06,100,IF1704,CCFX,3469.4,3469.4,3474.8,536,558321720,23296,23751,3815.6,3122,3468.8,3472.4,0,3470.2,0.0,0,0,2017-04-18,34386100,3469.4,1,0,0,0,0,0,0,0,0,3470.2,3,0,0,0,0,0,0,0,0
356,2017-04-18,09:33:07,100,IF1704,CCFX,3469.4,3469.4,3474.8,536,558321720,23296,23751,3815.6,3122,3468.8,3472.4,0,3470.2,0.0,0,0,2017-04-18,34387100,3469.4,1,0,0,0,0,0,0,0,0,3470.2,3,0,0,0,0,0,0,0,0
357,2017-04-18,09:33:07,600,IF1704,CCFX,3469.4,3469.4,3474.8,537,559362540,23295,23751,3815.6,3122,3468.8,3472.4,0,3470.2,0.0,0,0,2017-04-18,34387600,3469.2,1,0,0,0,0,0,0,0,0,3470.2,3,0,0,0,0,0,0,0,0
358,2017-04-18,09:33:08,100,IF1704,CCFX,3469.4,3469.4,3474.8,537,559362540,23295,23751,3815.6,3122,3468.8,3472.4,0,3470.2,0.0,0,0,2017-04-18,34388100,3470.0,2,0,0,0,0,0,0,0,0,3470.2,3,0,0,0,0,0,0,0,0
359,2017-04-18,09:33:08,600,IF1704,CCFX,3470.0,3469.4,3474.8,539,561444360,23295,23751,3815.6,3122,3468.8,3472.4,0,3470.2,0.0,0,0,2017-04-18,34388600,3469.2,1,0,0,0,0,0,0,0,0,3470.0,1,0,0,0,0,0,0,0,0
360,2017-04-18,09:33:09,100,IF1704,CCFX,3470.0,3469.4,3474.8,539,561444360,23295,23751,3815.6,3122,3468.8,3472.4,0,3470.2,0.0,0,0,2017-04-18,34389100,3469.4,1,0,0,0,0,0,0,0,0,3470.0,1,0,0,0,0,0,0,0,0
361,2017-04-18,09:33:09,600,IF1704,CCFX,3470.0,3469.4,3474.8,539,561444360,23295,23751,3815.6,3122,3468.8,3472.4,0,3470.2,0.0,0,0,2017-04-18,34389600,3469.4,1,0,0,0,0,0,0,0,0,3470.2,3,0,0,0,0,0,0,0,0
362,2017-04-18,09:33:10,100,IF1704,CCFX,3470.0,3469.4,3474.8,539,561444360,23295,23751,3815.6,3122,3468.8,3472.4,0,3470.2,0.0,0,0,2017-04-18,34390100,3469.4,4,0,0,0,0,0,0,0,0,3470.8,1,0,0,0,0,0,0,0,0
363,2017-04-18,09:33:10,600,IF1704,CCFX,3470.0,3469.4,3474.8,539,561444360,23295,23751,3815.6,3122,3468.8,3472.4,0,3470.2,0.0,0,0,2017-04-18,34390600,3469.6,1,0,0,0,0,0,0,0,0,3470.6,1,0,0,0,0,0,0,0,0
364,2017-04-18,09:33:11,100,IF1704,CCFX,3470.0,3469.4,3474.8,539,561444360,23295,23751,3815.6,3122,3468.8,3472.4,0,3470.2,0.0,0,0,2017-04-18,34391100,3469.4,4,0,0,0,0,0,0,0,0,3470.8,1,0,0,0,0,0,0,0,0
365,2017-04-18,09:33:11,600,IF1704,CCFX,3470.0,3469.4,3474.8,539,561444360,23295,23751,3815.6,3122,3468.8,3472.4,0,3470.2,0.0,0,0,2017-04-18,34391600,3469.6,2,0,0,0,0,0,0,0,0,3470.6,1,0,0,0,0,0,0,0,0
366,2017-04-18,09:33:12,100,IF1704,CCFX,3470.0,3469.4,3474.8,539,561444360,23295,23751,3815.6,3122,3468.8,3472.4,0,3470.2,0.0,0,0,2017-04-18,34392100,3469.6,1,0,0,0,0,0,0,0,0,3470.8,1,0,0,0,0,0,0,0,0
367,2017-04-18,09:33:12,600,IF1704,CCFX,3470.0,3469.4,3474.8,539,561444360,23295,23751,3815.6,3122,3468.8,3472.4,0,3470.2,0.0,0,0,2017-04-18,34392600,3470.0,1,0,0,0,0,0,0,0,0,3470.4,4,0,0,0,0,0,0,0,0
368,2017-04-18,09:33:13,100,IF1704,CCFX,3470.0,3469.4,3474.8,540,562485360,23294,23751,3815.6,3122,3468.8,3472.4,0,3470.2,0.0,0,0,2017-04-18,34393100,3469.6,2,0,0,0,0,0,0,0,0,3470.0,1,0,0,0,0,0,0,0,0
369,2017-04-18,09:33:13,600,IF1704,CCFX,3470.0,3469.4,3474.8,540,562485360,23294,23751,3815.6,3122,3468.8,3472.4,0,3470.2,0.0,0,0,2017-04-18,34393600,3469.6,2,0,0,0,0,0,0,0,0,3470.4,4,0,0,0,0,0,0,0,0
370,2017-04-18,09:33:14,100,IF1704,CCFX,3470.0,3469.4,3474.8,540,562485360,23294,23751,3815.6,3122,3468.8,3472.4,0,3470.2,0.0,0,0,2017-04-18,34394100,3469.8,1,0,0,0,0,0,0,0,0,3470.4,4,0,0,0,0,0,0,0,0
371,2017-04-18,09:33:14,600,IF1704,CCFX,3470.0,3469.4,3474.8,540,562485360,23294,23751,3815.6,3122,3468.8,3472.4,0,3470.2,0.0,0,0,2017-04-18,34394600,3469.8,1,0,0,0,0,0,0,0,0,3470.4,4,0,0,0,0,0,0,0,0
372,2017-04-18,09:33:15,100,IF1704,CCFX,3470.0,3469.4,3474.8,540,562485360,23294,23751,3815.6,3122,3468.8,3472.4,0,3470.2,0.0,0,0,2017-04-18,34395100,3469.8,1,0,0,0,0,0,0,0,0,3470.4,4,0,0,0,0,0,0,0,0
373,2017-04-18,09:33:15,600,IF1704,CCFX,3470.0,3469.4,3474.8,540,562485360,23294,23751,3815.6,3122,3468.8,3472.4,0,3470.2,0.0,0,0,2017-04-18,34395600,3470.0,1,0,0,0,0,0,0,0,0,3470.4,4,0,0,0,0,0,0,0,0
374,2017-04-18,09:33:16,100,IF1704,CCFX,3469.6,3469.4,3474.8,544,566649300,23290,23751,3815.6,3122,3468.8,3472.4,0,3470.2,0.0,0,0,2017-04-18,34396100,3469.6,1,0,0,0,0,0,0,0,0,3470.4,3,0,0,0,0,0,0,0,0
375,2017-04-18,09:33:16,600,IF1704,CCFX,3469.6,3469.4,3474.8,545,567690180,23289,23751,3815.6,3122,3468.8,3472.4,0,3470.2,0.0,0,0,2017-04-18,34396600,3469.4,3,0,0,0,0,0,0,0,0,3469.6,4,0,0,0,0,0,0,0,0
376,2017-04-18,09:33:17,100,IF1704,CCFX,3469.6,3469.4,3474.8,549,571853700,23285,23751,3815.6,3122,3468.8,3472.4,0,3470.2,0.0,0,0,2017-04-18,34397100,3470.0,1,0,0,0,0,0,0,0,0,3470.4,3,0,0,0,0,0,0,0,0
377,2017-04-18,09:33:17,600,IF1704,CCFX,3469.6,3469.4,3474.8,549,571853700,23285,23751,3815.6,3122,3468.8,3472.4,0,3470.2,0.0,0,0,2017-04-18,34397600,3470.0,1,0,0,0,0,0,0,0,0,3470.4,3,0,0,0,0,0,0,0,0
378,2017-04-18,09:33:18,100,IF1704,CCFX,3469.6,3469.4,3474.8,551,573935460,23284,23751,3815.6,3122,3468.8,3472.4,0,3470.2,0.0,0,0,2017-04-18,34398100,3469.4,3,0,0,0,0,0,0,0,0,3470.4,3,0,0,0,0,0,0,0,0
379,2017-04-18,09:33:18,600,IF1704,CCFX,3469.6,3469.4,3474.8,551,573935460,23284,23751,3815.6,3122,3468.8,3472.4,0,3470.2,0.0,0,0,2017-04-18,34398600,3469.4,3,0,0,0,0,0,0,0,0,3470.4,3,0,0,0,0,0,0,0,0
380,2017-04-18,09:33:19,600,IF1704,CCFX,3470.4,3469.4,3474.8,552,574976580,23283,23751,3815.6,3122,3468.8,3472.4,0,3470.2,0.0,0,0,2017-04-18,34399600,3469.4,3,0,0,0,0,0,0,0,0,3470.4,2,0,0,0,0,0,0,0,0
381,2017-04-18,09:33:20,100,IF1704,CCFX,3470.4,3469.4,3474.8,553,576017700,23282,23751,3815.6,3122,3468.8,3472.4,0,3470.2,0.0,0,0,2017-04-18,34400100,3470.2,1,0,0,0,0,0,0,0,0,3470.4,1,0,0,0,0,0,0,0,0
382,2017-04-18,09:33:20,600,IF1704,CCFX,3470.4,3469.4,3474.8,554,577058820,23281,23751,3815.6,3122,3468.8,3472.4,0,3470.2,0.0,0,0,2017-04-18,34400600,3469.6,1,0,0,0,0,0,0,0,0,3470.8,1,0,0,0,0,0,0,0,0
383,2017-04-18,09:33:21,100,IF1704,CCFX,3470.8,3469.4,3474.8,555,578100060,23280,23751,3815.6,3122,3468.8,3472.4,0,3470.2,0.0,0,0,2017-04-18,34401100,3470.4,2,0,0,0,0,0,0,0,0,3471.0,5,0,0,0,0,0,0,0,0
384,2017-04-18,09:33:21,600,IF1704,CCFX,3470.4,3469.4,3474.8,557,580182480,23278,23751,3815.6,3122,3468.8,3472.4,0,3470.2,0.0,0,0,2017-04-18,34401600,3469.8,2,0,0,0,0,0,0,0,0,3471.0,5,0,0,0,0,0,0,0,0
385,2017-04-18,09:33:22,100,IF1704,CCFX,3470.4,3469.4,3474.8,557,580182480,23278,23751,3815.6,3122,3468.8,3472.4,0,3470.2,0.0,0,0,2017-04-18,34402100,3470.0,2,0,0,0,0,0,0,0,0,3471.0,5,0,0,0,0,0,0,0,0
386,2017-04-18,09:33:22,600,IF1704,CCFX,3470.4,3469.4,3474.8,557,580182480,23278,23751,3815.6,3122,3468.8,3472.4,0,3470.2,0.0,0,0,2017-04-18,34402600,3470.0,2,0,0,0,0,0,0,0,0,3471.0,5,0,0,0,0,0,0,0,0
387,2017-04-18,09:33:23,100,IF1704,CCFX,3471.0,3469.4,3474.8,558,581223780,23277,23751,3815.6,3122,3468.8,3472.4,0,3470.2,0.0,0,0,2017-04-18,34403100,3470.0,2,0,0,0,0,0,0,0,0,3471.0,4,0,0,0,0,0,0,0,0
388,2017-04-18,09:33:23,600,IF1704,CCFX,3471.0,3469.4,3474.8,558,581223780,23277,23751,3815.6,3122,3468.8,3472.4,0,3470.2,0.0,0,0,2017-04-18,34403600,3470.8,1,0,0,0,0,0,0,0,0,3471.0,8,0,0,0,0,0,0,0,0
389,2017-04-18,09:33:24,100,IF1704,CCFX,3470.2,3469.4,3474.8,560,583306080,23275,23751,3815.6,3122,3468.8,3472.4,0,3470.2,0.0,0,0,2017-04-18,34404100,3470.0,2,0,0,0,0,0,0,0,0,3470.8,2,0,0,0,0,0,0,0,0
390,2017-04-18,09:33:24,600,IF1704,CCFX,3470.6,3469.4,3474.8,562,585388260,23273,23751,3815.6,3122,3468.8,3472.4,0,3470.2,0.0,0,0,2017-04-18,34404600,3470.2,1,0,0,0,0,0,0,0,0,3470.8,1,0,0,0,0,0,0,0,0
391,2017-04-18,09:33:25,100,IF1704,CCFX,3470.0,3469.4,3474.8,565,588511500,23270,23751,3815.6,3122,3468.8,3472.4,0,3470.2,0.0,0,0,2017-04-18,34405100,3469.8,3,0,0,0,0,0,0,0,0,3470.8,2,0,0,0,0,0,0,0,0
392,2017-04-18,09:33:25,600,IF1704,CCFX,3470.8,3469.4,3474.8,568,591634620,23267,23751,3815.6,3122,3468.8,3472.4,0,3470.2,0.0,0,0,2017-04-18,34405600,3469.8,1,0,0,0,0,0,0,0,0,3470.6,1,0,0,0,0,0,0,0,0
393,2017-04-18,09:33:26,100,IF1704,CCFX,3470.8,3469.4,3474.8,568,591634620,23267,23751,3815.6,3122,3468.8,3472.4,0,3470.2,0.0,0,0,2017-04-18,34406100,3470.0,1,0,0,0,0,0,0,0,0,3470.6,2,0,0,0,0,0,0,0,0
394,2017-04-18,09:33:26,600,IF1704,CCFX,3470.8,3469.4,3474.8,569,592675860,23266,23751,3815.6,3122,3468.8,3472.4,0,3470.2,0.0,0,0,2017-04-18,34406600,3470.0,1,0,0,0,0,0,0,0,0,3470.8,1,0,0,0,0,0,0,0,0
395,2017-04-18,09:33:28,100,IF1704,CCFX,3470.8,3469.4,3474.8,570,593717100,23265,23751,3815.6,3122,3468.8,3472.4,0,3470.2,0.0,0,0,2017-04-18,34408100,3470.0,1,0,0,0,0,0,0,0,0,3471.0,8,0,0,0,0,0,0,0,0
396,2017-04-18,09:33:28,600,IF1704,CCFX,3470.0,3469.4,3474.8,571,594758100,23264,23751,3815.6,3122,3468.8,3472.4,0,3470.2,0.0,0,0,2017-04-18,34408600,3470.0,1,0,0,0,0,0,0,0,0,3471.0,4,0,0,0,0,0,0,0,0
397,2017-04-18,09:33:29,100,IF1704,CCFX,3470.8,3469.4,3474.8,572,595799340,23263,23751,3815.6,3122,3468.8,3472.4,0,3470.2,0.0,0,0,2017-04-18,34409100,3470.2,1,0,0,0,0,0,0,0,0,3471.0,4,0,0,0,0,0,0,0,0
398,2017-04-18,09:33:29,600,IF1704,CCFX,3471.0,3469.4,3474.8,574,597881940,23261,23751,3815.6,3122,3468.8,3472.4,0,3470.2,0.0,0,0,2017-04-18,34409600,3470.4,1,0,0,0,0,0,0,0,0,3471.0,2,0,0,0,0,0,0,0,0
399,2017-04-18,09:33:30,100,IF1704,CCFX,3471.0,3469.4,3474.8,576,599964540,23259,23751,3815.6,3122,3468.8,3472.4,0,3470.2,0.0,0,0,2017-04-18,34410100,3470.6,1,0,0,0,0,0,0,0,0,3471.6,1,0,0,0,0,0,0,0,0
400,2017-04-18,09:33:30,600,IF1704,CCFX,3471.0,3469.4,3474.8,576,599964540,23259,23751,3815.6,3122,3468.8,3472.4,0,3470.2,0.0,0,0,2017-04-18,34410600,3470.8,1,0,0,0,0,0,0,0,0,3471.6,2,0,0,0,0,0,0,0,0
401,2017-04-18,09:33:31,100,IF1704,CCFX,3471.0,3469.4,3474.8,576,599964540,23259,23751,3815.6,3122,3468.8,3472.4,0,3470.2,0.0,0,0,2017-04-18,34411100,3470.8,1,0,0,0,0,0,0,0,0,3471.6,1,0,0,0,0,0,0,0,0
402,2017-04-18,09:33:31,600,IF1704,CCFX,3471.6,3469.4,3474.8,577,601006020,23258,23751,3815.6,3122,3468.8,3472.4,0,3470.2,0.0,0,0,2017-04-18,34411600,3470.8,1,0,0,0,0,0,0,0,0,3471.8,5,0,0,0,0,0,0,0,0
403,2017-04-18,09:33:32,100,IF1704,CCFX,3470.8,3469.4,3474.8,579,603088800,23256,23751,3815.6,3122,3468.8,3472.4,0,3470.2,0.0,0,0,2017-04-18,34412100,3470.6,1,0,0,0,0,0,0,0,0,3471.8,4,0,0,0,0,0,0,0,0
404,2017-04-18,09:33:32,600,IF1704,CCFX,3470.8,3469.4,3474.8,579,603088800,23256,23751,3815.6,3122,3468.8,3472.4,0,3470.2,0.0,0,0,2017-04-18,34412600,3470.6,1,0,0,0,0,0,0,0,0,3471.8,4,0,0,0,0,0,0,0,0
405,2017-04-18,09:33:33,100,IF1704,CCFX,3470.8,3469.4,3474.8,579,603088800,23256,23751,3815.6,3122,3468.8,3472.4,0,3470.2,0.0,0,0,2017-04-18,34413100,3470.6,1,0,0,0,0,0,0,0,0,3471.8,4,0,0,0,0,0,0,0,0
406,2017-04-18,09:33:33,600,IF1704,CCFX,3470.8,3469.4,3474.8,579,603088800,23256,23751,3815.6,3122,3468.8,3472.4,0,3470.2,0.0,0,0,2017-04-18,34413600,3470.6,1,0,0,0,0,0,0,0,0,3471.4,1,0,0,0,0,0,0,0,0
407,2017-04-18,09:33:34,600,IF1704,CCFX,3470.8,3469.4,3474.8,579,603088800,23256,23751,3815.6,3122,3468.8,3472.4,0,3470.2,0.0,0,0,2017-04-18,34414600,3470.6,1,0,0,0,0,0,0,0,0,3471.4,1,0,0,0,0,0,0,0,0
408,2017-04-18,09:33:35,100,IF1704,CCFX,3470.6,3469.4,3474.8,580,604129980,23255,23751,3815.6,3122,3468.8,3472.4,0,3470.2,0.0,0,0,2017-04-18,34415100,3470.4,1,0,0,0,0,0,0,0,0,3471.4,1,0,0,0,0,0,0,0,0
409,2017-04-18,09:33:35,600,IF1704,CCFX,3470.6,3469.4,3474.8,580,604129980,23255,23751,3815.6,3122,3468.8,3472.4,0,3470.2,0.0,0,0,2017-04-18,34415600,3470.4,1,0,0,0,0,0,0,0,0,3471.4,1,0,0,0,0,0,0,0,0
410,2017-04-18,09:33:36,100,IF1704,CCFX,3470.6,3469.4,3474.8,580,604129980,23255,23751,3815.6,3122,3468.8,3472.4,0,3470.2,0.0,0,0,2017-04-18,34416100,3470.6,1,0,0,0,0,0,0,0,0,3471.4,1,0,0,0,0,0,0,0,0
411,2017-04-18,09:33:36,600,IF1704,CCFX,3470.6,3469.4,3474.8,580,604129980,23255,23751,3815.6,3122,3468.8,3472.4,0,3470.2,0.0,0,0,2017-04-18,34416600,3470.6,1,0,0,0,0,0,0,0,0,3471.4,1,0,0,0,0,0,0,0,0
412,2017-04-18,09:33:37,100,IF1704,CCFX,3471.2,3469.4,3474.8,582,606212760,23253,23751,3815.6,3122,3468.8,3472.4,0,3470.2,0.0,0,0,2017-04-18,34417100,3471.4,5,0,0,0,0,0,0,0,0,3471.6,2,0,0,0,0,0,0,0,0
413,2017-04-18,09:33:37,600,IF1704,CCFX,3471.4,3469.4,3474.8,588,612461340,23248,23751,3815.6,3122,3468.8,3472.4,0,3470.2,0.0,0,0,2017-04-18,34417600,3470.8,1,0,0,0,0,0,0,0,0,3471.2,1,0,0,0,0,0,0,0,0
414,2017-04-18,09:33:38,100,IF1704,CCFX,3471.4,3469.4,3474.8,588,612461340,23248,23751,3815.6,3122,3468.8,3472.4,0,3470.2,0.0,0,0,2017-04-18,34418100,3470.8,1,0,0,0,0,0,0,0,0,3471.2,1,0,0,0,0,0,0,0,0
415,2017-04-18,09:33:38,600,IF1704,CCFX,3470.8,3469.4,3474.8,589,613502580,23247,23751,3815.6,3122,3468.8,3472.4,0,3470.2,0.0,0,0,2017-04-18,34418600,3470.6,3,0,0,0,0,0,0,0,0,3471.2,1,0,0,0,0,0,0,0,0
416,2017-04-18,09:33:39,100,IF1704,CCFX,3471.2,3469.4,3474.8,591,615585180,23245,23751,3815.6,3122,3468.8,3472.4,0,3470.2,0.0,0,0,2017-04-18,34419100,3470.6,3,0,0,0,0,0,0,0,0,3471.4,1,0,0,0,0,0,0,0,0
417,2017-04-18,09:33:39,600,IF1704,CCFX,3471.2,3469.4,3474.8,591,615585180,23245,23751,3815.6,3122,3468.8,3472.4,0,3470.2,0.0,0,0,2017-04-18,34419600,3470.6,3,0,0,0,0,0,0,0,0,3471.4,1,0,0,0,0,0,0,0,0
418,2017-04-18,09:33:40,100,IF1704,CCFX,3471.2,3469.4,3474.8,591,615585180,23245,23751,3815.6,3122,3468.8,3472.4,0,3470.2,0.0,0,0,2017-04-18,34420100,3470.6,3,0,0,0,0,0,0,0,0,3470.8,1,0,0,0,0,0,0,0,0
419,2017-04-18,09:33:40,600,IF1704,CCFX,3470.8,3469.4,3474.8,592,616626420,23244,23751,3815.6,3122,3468.8,3472.4,0,3470.2,0.0,0,0,2017-04-18,34420600,3470.8,2,0,0,0,0,0,0,0,0,3471.2,5,0,0,0,0,0,0,0,0
420,2017-04-18,09:33:41,100,IF1704,CCFX,3470.8,3469.4,3474.8,593,617667660,23243,23751,3815.6,3122,3468.8,3472.4,0,3470.2,0.0,0,0,2017-04-18,34421100,3470.8,1,0,0,0,0,0,0,0,0,3471.2,5,0,0,0,0,0,0,0,0
421,2017-04-18,09:33:41,600,IF1704,CCFX,3470.8,3469.4,3474.8,594,618708900,23242,23751,3815.6,3122,3468.8,3472.4,0,3470.2,0.0,0,0,2017-04-18,34421600,3470.6,3,0,0,0,0,0,0,0,0,3471.2,5,0,0,0,0,0,0,0,0
422,2017-04-18,09:33:42,100,IF1704,CCFX,3470.8,3469.4,3474.8,594,618708900,23242,23751,3815.6,3122,3468.8,3472.4,0,3470.2,0.0,0,0,2017-04-18,34422100,3470.6,3,0,0,0,0,0,0,0,0,3471.2,5,0,0,0,0,0,0,0,0
423,2017-04-18,09:33:43,100,IF1704,CCFX,3470.8,3469.4,3474.8,594,618708900,23242,23751,3815.6,3122,3468.8,3472.4,0,3470.2,0.0,0,0,2017-04-18,34423100,3470.6,3,0,0,0,0,0,0,0,0,3471.2,5,0,0,0,0,0,0,0,0
424,2017-04-18,09:33:43,600,IF1704,CCFX,3470.8,3469.4,3474.8,594,618708900,23242,23751,3815.6,3122,3468.8,3472.4,0,3470.2,0.0,0,0,2017-04-18,34423600,3470.6,3,0,0,0,0,0,0,0,0,3471.2,5,0,0,0,0,0,0,0,0
425,2017-04-18,09:33:44,600,IF1704,CCFX,3471.2,3469.4,3474.8,595,619750260,23241,23751,3815.6,3122,3468.8,3472.4,0,3470.2,0.0,0,0,2017-04-18,34424600,3470.8,1,0,0,0,0,0,0,0,0,3471.2,4,0,0,0,0,0,0,0,0
426,2017-04-18,09:33:45,100,IF1704,CCFX,3471.2,3469.4,3474.8,595,619750260,23241,23751,3815.6,3122,3468.8,3472.4,0,3470.2,0.0,0,0,2017-04-18,34425100,3470.8,1,0,0,0,0,0,0,0,0,3471.2,4,0,0,0,0,0,0,0,0
427,2017-04-18,09:33:45,600,IF1704,CCFX,3471.2,3469.4,3474.8,595,619750260,23241,23751,3815.6,3122,3468.8,3472.4,0,3470.2,0.0,0,0,2017-04-18,34425600,3470.8,1,0,0,0,0,0,0,0,0,3471.2,4,0,0,0,0,0,0,0,0
428,2017-04-18,09:33:46,100,IF1704,CCFX,3470.8,3469.4,3474.8,596,620791500,23240,23751,3815.6,3122,3468.8,3472.4,0,3470.2,0.0,0,0,2017-04-18,34426100,3470.6,4,0,0,0,0,0,0,0,0,3471.2,4,0,0,0,0,0,0,0,0
429,2017-04-18,09:33:46,600,IF1704,CCFX,3470.6,3469.4,3474.8,598,622873860,23240,23751,3815.6,3122,3468.8,3472.4,0,3470.2,0.0,0,0,2017-04-18,34426600,3470.6,2,0,0,0,0,0,0,0,0,3471.2,4,0,0,0,0,0,0,0,0
430,2017-04-18,09:33:48,600,IF1704,CCFX,3470.6,3469.4,3474.8,598,622873860,23240,23751,3815.6,3122,3468.8,3472.4,0,3470.2,0.0,0,0,2017-04-18,34428600,3470.6,2,0,0,0,0,0,0,0,0,3470.8,1,0,0,0,0,0,0,0,0
431,2017-04-18,09:33:49,100,IF1704,CCFX,3470.6,3469.4,3474.8,598,622873860,23240,23751,3815.6,3122,3468.8,3472.4,0,3470.2,0.0,0,0,2017-04-18,34429100,3470.6,2,0,0,0,0,0,0,0,0,3470.8,1,0,0,0,0,0,0,0,0
432,2017-04-18,09:33:50,600,IF1704,CCFX,3470.8,3469.4,3474.8,599,623915100,23239,23751,3815.6,3122,3468.8,3472.4,0,3470.2,0.0,0,0,2017-04-18,34430600,3470.8,3,0,0,0,0,0,0,0,0,3471.0,1,0,0,0,0,0,0,0,0
433,2017-04-18,09:33:51,100,IF1704,CCFX,3470.8,3469.4,3474.8,601,625997700,23237,23751,3815.6,3122,3468.8,3472.4,0,3470.2,0.0,0,0,2017-04-18,34431100,3470.8,2,0,0,0,0,0,0,0,0,3471.2,3,0,0,0,0,0,0,0,0
434,2017-04-18,09:33:51,600,IF1704,CCFX,3471.2,3469.4,3474.8,602,627039060,23236,23751,3815.6,3122,3468.8,3472.4,0,3470.2,0.0,0,0,2017-04-18,34431600,3470.8,2,0,0,0,0,0,0,0,0,3471.2,2,0,0,0,0,0,0,0,0
435,2017-04-18,09:33:52,100,IF1704,CCFX,3471.4,3469.4,3474.8,605,630163200,23233,23751,3815.6,3122,3468.8,3472.4,0,3470.2,0.0,0,0,2017-04-18,34432100,3471.0,1,0,0,0,0,0,0,0,0,3471.6,1,0,0,0,0,0,0,0,0
436,2017-04-18,09:33:52,600,IF1704,CCFX,3471.8,3469.4,3474.8,606,631204740,23232,23751,3815.6,3122,3468.8,3472.4,0,3470.2,0.0,0,0,2017-04-18,34432600,3471.4,1,0,0,0,0,0,0,0,0,3471.8,3,0,0,0,0,0,0,0,0
437,2017-04-18,09:33:53,100,IF1704,CCFX,3471.4,3469.4,3474.8,609,634328880,23229,23751,3815.6,3122,3468.8,3472.4,0,3470.2,0.0,0,0,2017-04-18,34433100,3470.8,2,0,0,0,0,0,0,0,0,3471.8,3,0,0,0,0,0,0,0,0
438,2017-04-18,09:33:53,600,IF1704,CCFX,3471.4,3469.4,3474.8,609,634328880,23229,23751,3815.6,3122,3468.8,3472.4,0,3470.2,0.0,0,0,2017-04-18,34433600,3471.0,1,0,0,0,0,0,0,0,0,3471.8,3,0,0,0,0,0,0,0,0
439,2017-04-18,09:33:54,100,IF1704,CCFX,3471.4,3469.4,3474.8,609,634328880,23229,23751,3815.6,3122,3468.8,3472.4,0,3470.2,0.0,0,0,2017-04-18,34434100,3471.2,2,0,0,0,0,0,0,0,0,3471.8,3,0,0,0,0,0,0,0,0
440,2017-04-18,09:33:54,600,IF1704,CCFX,3471.8,3469.4,3474.8,610,635370420,23229,23751,3815.6,3122,3468.8,3472.4,0,3470.2,0.0,0,0,2017-04-18,34434600,3471.6,2,0,0,0,0,0,0,0,0,3471.8,2,0,0,0,0,0,0,0,0
441,2017-04-18,09:33:55,100,IF1704,CCFX,3471.8,3469.4,3474.8,613,638495040,23226,23751,3815.6,3122,3468.8,3472.4,0,3470.2,0.0,0,0,2017-04-18,34435100,3472.0,1,0,0,0,0,0,0,0,0,3472.8,5,0,0,0,0,0,0,0,0
442,2017-04-18,09:33:55,600,IF1704,CCFX,3471.8,3469.4,3474.8,614,639536580,23225,23751,3815.6,3122,3468.8,3472.4,0,3470.2,0.0,0,0,2017-04-18,34435600,3471.8,1,0,0,0,0,0,0,0,0,3472.0,1,0,0,0,0,0,0,0,0
443,2017-04-18,09:33:56,100,IF1704,CCFX,3471.8,3469.4,3474.8,617,642661260,23222,23751,3815.6,3122,3468.8,3472.4,0,3470.2,0.0,0,0,2017-04-18,34436100,3471.2,2,0,0,0,0,0,0,0,0,3472.6,1,0,0,0,0,0,0,0,0
444,2017-04-18,09:33:56,600,IF1704,CCFX,3471.4,3469.4,3474.8,618,643702680,23221,23751,3815.6,3122,3468.8,3472.4,0,3470.2,0.0,0,0,2017-04-18,34436600,3471.2,2,0,0,0,0,0,0,0,0,3472.4,1,0,0,0,0,0,0,0,0
445,2017-04-18,09:33:57,100,IF1704,CCFX,3471.4,3469.4,3474.8,618,643702680,23221,23751,3815.6,3122,3468.8,3472.4,0,3470.2,0.0,0,0,2017-04-18,34437100,3471.2,2,0,0,0,0,0,0,0,0,3471.4,3,0,0,0,0,0,0,0,0
446,2017-04-18,09:33:57,600,IF1704,CCFX,3471.4,3469.4,3474.8,620,645785520,23219,23751,3815.6,3122,3468.8,3472.4,0,3470.2,0.0,0,0,2017-04-18,34437600,3471.2,2,0,0,0,0,0,0,0,0,3471.4,1,0,0,0,0,0,0,0,0
447,2017-04-18,09:33:58,100,IF1704,CCFX,3471.4,3469.4,3474.8,621,646826940,23218,23751,3815.6,3122,3468.8,3472.4,0,3470.2,0.0,0,0,2017-04-18,34438100,3471.6,2,0,0,0,0,0,0,0,0,3472.2,1,0,0,0,0,0,0,0,0
448,2017-04-18,09:33:58,600,IF1704,CCFX,3471.4,3469.4,3474.8,621,646826940,23218,23751,3815.6,3122,3468.8,3472.4,0,3470.2,0.0,0,0,2017-04-18,34438600,3471.4,9,0,0,0,0,0,0,0,0,3472.2,1,0,0,0,0,0,0,0,0
449,2017-04-18,09:33:59,600,IF1704,CCFX,3471.4,3469.4,3474.8,621,646826940,23218,23751,3815.6,3122,3468.8,3472.4,0,3470.2,0.0,0,0,2017-04-18,34439600,3471.4,9,0,0,0,0,0,0,0,0,3472.0,2,0,0,0,0,0,0,0,0
450,2017-04-18,09:34:00,100,IF1704,CCFX,3471.4,3469.4,3474.8,621,646826940,23218,23751,3815.6,3122,3468.8,3472.4,0,3470.2,0.0,0,0,2017-04-18,34440100,3471.4,9,0,0,0,0,0,0,0,0,3472.0,2,0,0,0,0,0,0,0,0
451,2017-04-18,09:34:00,600,IF1704,CCFX,3472.0,3469.4,3474.8,622,647868540,23217,23751,3815.6,3122,3468.8,3472.4,0,3470.2,0.0,0,0,2017-04-18,34440600,3471.4,9,0,0,0,0,0,0,0,0,3472.0,1,0,0,0,0,0,0,0,0
452,2017-04-18,09:34:02,100,IF1704,CCFX,3472.0,3469.4,3474.8,623,648910140,23216,23751,3815.6,3122,3468.8,3472.4,0,3470.2,0.0,0,0,2017-04-18,34442100,3472.0,1,0,0,0,0,0,0,0,0,3472.2,1,0,0,0,0,0,0,0,0
453,2017-04-18,09:34:02,600,IF1704,CCFX,3472.4,3469.4,3474.8,625,650993520,23214,23751,3815.6,3122,3468.8,3472.4,0,3470.2,0.0,0,0,2017-04-18,34442600,3472.2,1,0,0,0,0,0,0,0,0,3472.8,5,0,0,0,0,0,0,0,0
454,2017-04-18,09:34:03,100,IF1704,CCFX,3472.2,3469.4,3474.8,627,653076840,23212,23751,3815.6,3122,3468.8,3472.4,0,3470.2,0.0,0,0,2017-04-18,34443100,3472.2,1,0,0,0,0,0,0,0,0,3472.8,5,0,0,0,0,0,0,0,0
455,2017-04-18,09:34:03,600,IF1704,CCFX,3472.0,3469.4,3474.8,629,655160100,23210,23751,3815.6,3122,3468.8,3472.4,0,3470.2,0.0,0,0,2017-04-18,34443600,3472.2,2,0,0,0,0,0,0,0,0,3472.8,5,0,0,0,0,0,0,0,0
456,2017-04-18,09:34:04,600,IF1704,CCFX,3472.0,3469.4,3474.8,629,655160100,23210,23751,3815.6,3122,3468.8,3472.4,0,3470.2,0.0,0,0,2017-04-18,34444600,3472.2,3,0,0,0,0,0,0,0,0,3472.8,5,0,0,0,0,0,0,0,0
457,2017-04-18,09:34:05,100,IF1704,CCFX,3472.0,3469.4,3474.8,629,655160100,23210,23751,3815.6,3122,3468.8,3472.4,0,3470.2,0.0,0,0,2017-04-18,34445100,3472.6,1,0,0,0,0,0,0,0,0,3472.8,5,0,0,0,0,0,0,0,0
458,2017-04-18,09:34:05,600,IF1704,CCFX,3472.0,3469.4,3474.8,629,655160100,23210,23751,3815.6,3122,3468.8,3472.4,0,3470.2,0.0,0,0,2017-04-18,34445600,3472.6,1,0,0,0,0,0,0,0,0,3472.8,5,0,0,0,0,0,0,0,0
459,2017-04-18,09:34:06,100,IF1704,CCFX,3472.8,3469.4,3474.8,631,657243720,23209,23751,3815.6,3122,3468.8,3472.4,0,3470.2,0.0,0,0,2017-04-18,34446100,3472.2,4,0,0,0,0,0,0,0,0,3472.8,4,0,0,0,0,0,0,0,0
460,2017-04-18,09:34:06,600,IF1704,CCFX,3472.8,3469.4,3474.8,632,658285560,23209,23751,3815.6,3122,3468.8,3472.4,0,3470.2,0.0,0,0,2017-04-18,34446600,3472.2,4,0,0,0,0,0,0,0,0,3472.8,3,0,0,0,0,0,0,0,0
461,2017-04-18,09:34:07,100,IF1704,CCFX,3472.8,3469.4,3474.8,633,659327400,23208,23751,3815.6,3122,3468.8,3472.4,0,3470.2,0.0,0,0,2017-04-18,34447100,3472.2,2,0,0,0,0,0,0,0,0,3472.8,2,0,0,0,0,0,0,0,0
462,2017-04-18,09:34:07,600,IF1704,CCFX,3472.8,3469.4,3474.8,633,659327400,23208,23751,3815.6,3122,3468.8,3472.4,0,3470.2,0.0,0,0,2017-04-18,34447600,3472.2,2,0,0,0,0,0,0,0,0,3472.6,1,0,0,0,0,0,0,0,0
463,2017-04-18,09:34:08,100,IF1704,CCFX,3472.8,3469.4,3474.8,633,659327400,23208,23751,3815.6,3122,3468.8,3472.4,0,3470.2,0.0,0,0,2017-04-18,34448100,3472.4,1,0,0,0,0,0,0,0,0,3472.6,2,0,0,0,0,0,0,0,0
464,2017-04-18,09:34:08,600,IF1704,CCFX,3472.8,3469.4,3474.8,633,659327400,23208,23751,3815.6,3122,3468.8,3472.4,0,3470.2,0.0,0,0,2017-04-18,34448600,3472.4,1,0,0,0,0,0,0,0,0,3472.6,3,0,0,0,0,0,0,0,0
465,2017-04-18,09:34:09,600,IF1704,CCFX,3472.8,3469.4,3474.8,633,659327400,23208,23751,3815.6,3122,3468.8,3472.4,0,3470.2,0.0,0,0,2017-04-18,34449600,3472.4,1,0,0,0,0,0,0,0,0,3472.6,3,0,0,0,0,0,0,0,0
466,2017-04-18,09:34:10,100,IF1704,CCFX,3472.6,3469.4,3474.8,634,660369180,23207,23751,3815.6,3122,3468.8,3472.4,0,3470.2,0.0,0,0,2017-04-18,34450100,3472.4,1,0,0,0,0,0,0,0,0,3472.6,2,0,0,0,0,0,0,0,0
467,2017-04-18,09:34:10,600,IF1704,CCFX,3473.2,3469.4,3474.8,639,665578380,23202,23751,3815.6,3122,3468.8,3472.4,0,3470.2,0.0,0,0,2017-04-18,34450600,3472.4,1,0,0,0,0,0,0,0,0,3473.4,2,0,0,0,0,0,0,0,0
468,2017-04-18,09:34:11,100,IF1704,CCFX,3473.2,3469.4,3474.8,639,665578380,23202,23751,3815.6,3122,3468.8,3472.4,0,3470.2,0.0,0,0,2017-04-18,34451100,3472.6,2,0,0,0,0,0,0,0,0,3473.4,2,0,0,0,0,0,0,0,0
469,2017-04-18,09:34:11,600,IF1704,CCFX,3472.6,3469.4,3474.8,642,668703780,23199,23751,3815.6,3122,3468.8,3472.4,0,3470.2,0.0,0,0,2017-04-18,34451600,3472.4,2,0,0,0,0,0,0,0,0,3472.6,2,0,0,0,0,0,0,0,0
470,2017-04-18,09:34:12,100,IF1704,CCFX,3472.6,3469.4,3474.8,644,670787340,23197,23751,3815.6,3122,3468.8,3472.4,0,3470.2,0.0,0,0,2017-04-18,34452100,3472.4,1,0,0,0,0,0,0,0,0,3473.4,2,0,0,0,0,0,0,0,0
471,2017-04-18,09:34:12,600,IF1704,CCFX,3472.6,3469.4,3474.8,644,670787340,23197,23751,3815.6,3122,3468.8,3472.4,0,3470.2,0.0,0,0,2017-04-18,34452600,3472.4,2,0,0,0,0,0,0,0,0,3473.4,2,0,0,0,0,0,0,0,0
472,2017-04-18,09:34:14,100,IF1704,CCFX,3472.6,3469.4,3474.8,644,670787340,23197,23751,3815.6,3122,3468.8,3472.4,0,3470.2,0.0,0,0,2017-04-18,34454100,3472.4,2,0,0,0,0,0,0,0,0,3472.6,1,0,0,0,0,0,0,0,0
473,2017-04-18,09:34:14,600,IF1704,CCFX,3472.6,3469.4,3474.8,644,670787340,23197,23751,3815.6,3122,3468.8,3472.4,0,3470.2,0.0,0,0,2017-04-18,34454600,3472.4,2,0,0,0,0,0,0,0,0,3472.6,1,0,0,0,0,0,0,0,0
474,2017-04-18,09:34:15,100,IF1704,CCFX,3472.6,3469.4,3474.8,644,670787340,23197,23751,3815.6,3122,3468.8,3472.4,0,3470.2,0.0,0,0,2017-04-18,34455100,3472.4,2,0,0,0,0,0,0,0,0,3472.6,1,0,0,0,0,0,0,0,0
475,2017-04-18,09:34:15,600,IF1704,CCFX,3472.6,3469.4,3474.8,645,671829120,23197,23751,3815.6,3122,3468.8,3472.4,0,3470.2,0.0,0,0,2017-04-18,34455600,3472.4,2,0,0,0,0,0,0,0,0,3473.2,2,0,0,0,0,0,0,0,0
476,2017-04-18,09:34:16,600,IF1704,CCFX,3472.6,3469.4,3474.8,645,671829120,23197,23751,3815.6,3122,3468.8,3472.4,0,3470.2,0.0,0,0,2017-04-18,34456600,3472.6,1,0,0,0,0,0,0,0,0,3473.2,2,0,0,0,0,0,0,0,0
477,2017-04-18,09:34:17,100,IF1704,CCFX,3472.6,3469.4,3474.8,645,671829120,23197,23751,3815.6,3122,3468.8,3472.4,0,3470.2,0.0,0,0,2017-04-18,34457100,3472.6,1,0,0,0,0,0,0,0,0,3473.2,3,0,0,0,0,0,0,0,0
478,2017-04-18,09:34:17,600,IF1704,CCFX,3472.6,3469.4,3474.8,645,671829120,23197,23751,3815.6,3122,3468.8,3472.4,0,3470.2,0.0,0,0,2017-04-18,34457600,3472.6,2,0,0,0,0,0,0,0,0,3473.2,4,0,0,0,0,0,0,0,0
479,2017-04-18,09:34:18,100,IF1704,CCFX,3472.6,3469.4,3474.8,645,671829120,23197,23751,3815.6,3122,3468.8,3472.4,0,3470.2,0.0,0,0,2017-04-18,34458100,3472.8,1,0,0,0,0,0,0,0,0,3473.2,4,0,0,0,0,0,0,0,0
480,2017-04-18,09:34:18,600,IF1704,CCFX,3472.6,3469.4,3474.8,645,671829120,23197,23751,3815.6,3122,3468.8,3472.4,0,3470.2,0.0,0,0,2017-04-18,34458600,3472.8,1,0,0,0,0,0,0,0,0,3473.2,4,0,0,0,0,0,0,0,0
481,2017-04-18,09:34:19,100,IF1704,CCFX,3472.6,3469.4,3474.8,645,671829120,23197,23751,3815.6,3122,3468.8,3472.4,0,3470.2,0.0,0,0,2017-04-18,34459100,3472.8,1,0,0,0,0,0,0,0,0,3473.2,4,0,0,0,0,0,0,0,0
482,2017-04-18,09:34:19,600,IF1704,CCFX,3472.6,3469.4,3474.8,648,674954460,23195,23751,3815.6,3122,3468.8,3472.4,0,3470.2,0.0,0,0,2017-04-18,34459600,3472.4,2,0,0,0,0,0,0,0,0,3473.2,4,0,0,0,0,0,0,0,0
483,2017-04-18,09:34:20,600,IF1704,CCFX,3473.2,3469.4,3474.8,649,675996420,23195,23751,3815.6,3122,3468.8,3472.4,0,3470.2,0.0,0,0,2017-04-18,34460600,3472.4,2,0,0,0,0,0,0,0,0,3473.2,4,0,0,0,0,0,0,0,0
484,2017-04-18,09:34:21,100,IF1704,CCFX,3473.2,3469.4,3474.8,649,675996420,23195,23751,3815.6,3122,3468.8,3472.4,0,3470.2,0.0,0,0,2017-04-18,34461100,3472.8,1,0,0,0,0,0,0,0,0,3473.2,4,0,0,0,0,0,0,0,0
485,2017-04-18,09:34:21,600,IF1704,CCFX,3473.2,3469.4,3474.8,649,675996420,23195,23751,3815.6,3122,3468.8,3472.4,0,3470.2,0.0,0,0,2017-04-18,34461600,3472.8,2,0,0,0,0,0,0,0,0,3473.0,1,0,0,0,0,0,0,0,0
486,2017-04-18,09:34:22,100,IF1704,CCFX,3473.0,3469.4,3474.8,650,677038320,23195,23751,3815.6,3122,3468.8,3472.4,0,3470.2,0.0,0,0,2017-04-18,34462100,3473.0,1,0,0,0,0,0,0,0,0,3473.2,3,0,0,0,0,0,0,0,0
487,2017-04-18,09:34:22,600,IF1704,CCFX,3473.2,3469.4,3474.8,651,678080280,23194,23751,3815.6,3122,3468.8,3472.4,0,3470.2,0.0,0,0,2017-04-18,34462600,3472.8,2,0,0,0,0,0,0,0,0,3473.2,3,0,0,0,0,0,0,0,0
488,2017-04-18,09:34:23,100,IF1704,CCFX,3473.0,3469.4,3474.8,653,680164140,23192,23751,3815.6,3122,3468.8,3472.4,0,3470.2,0.0,0,0,2017-04-18,34463100,3473.0,1,0,0,0,0,0,0,0,0,3473.2,2,0,0,0,0,0,0,0,0
489,2017-04-18,09:34:23,600,IF1704,CCFX,3473.0,3469.4,3474.8,657,684331680,23189,23751,3815.6,3122,3468.8,3472.4,0,3470.2,0.0,0,0,2017-04-18,34463600,3472.8,1,0,0,0,0,0,0,0,0,3473.2,2,0,0,0,0,0,0,0,0
490,2017-04-18,09:34:24,100,IF1704,CCFX,3473.0,3469.4,3474.8,658,685373580,23188,23751,3815.6,3122,3468.8,3472.4,0,3470.2,0.0,0,0,2017-04-18,34464100,3472.8,1,0,0,0,0,0,0,0,0,3473.2,2,0,0,0,0,0,0,0,0
491,2017-04-18,09:34:24,600,IF1704,CCFX,3473.4,3469.4,3474.8,661,688499520,23185,23751,3815.6,3122,3468.8,3472.4,0,3470.2,0.0,0,0,2017-04-18,34464600,3472.8,1,0,0,0,0,0,0,0,0,3473.4,1,0,0,0,0,0,0,0,0
492,2017-04-18,09:34:25,100,IF1704,CCFX,3473.4,3469.4,3474.8,661,688499520,23185,23751,3815.6,3122,3468.8,3472.4,0,3470.2,0.0,0,0,2017-04-18,34465100,3473.2,1,0,0,0,0,0,0,0,0,3473.4,1,0,0,0,0,0,0,0,0
493,2017-04-18,09:34:25,600,IF1704,CCFX,3472.8,3469.4,3474.8,663,690583320,23184,23751,3815.6,3122,3468.8,3472.4,0,3470.2,0.0,0,0,2017-04-18,34465600,3472.6,1,0,0,0,0,0,0,0,0,3473.0,4,0,0,0,0,0,0,0,0
494,2017-04-18,09:34:26,100,IF1704,CCFX,3473.0,3469.4,3474.8,666,693709020,23181,23751,3815.6,3122,3468.8,3472.4,0,3470.2,0.0,0,0,2017-04-18,34466100,3472.4,2,0,0,0,0,0,0,0,0,3473.0,1,0,0,0,0,0,0,0,0
495,2017-04-18,09:34:26,600,IF1704,CCFX,3472.8,3469.4,3474.8,667,694750860,23180,23751,3815.6,3122,3468.8,3472.4,0,3470.2,0.0,0,0,2017-04-18,34466600,3472.8,1,0,0,0,0,0,0,0,0,3473.0,1,0,0,0,0,0,0,0,0
496,2017-04-18,09:34:27,100,IF1704,CCFX,3472.8,3469.4,3474.8,667,694750860,23180,23751,3815.6,3122,3468.8,3472.4,0,3470.2,0.0,0,0,2017-04-18,34467100,3472.4,1,0,0,0,0,0,0,0,0,3473.0,2,0,0,0,0,0,0,0,0
497,2017-04-18,09:34:27,600,IF1704,CCFX,3472.8,3469.4,3474.8,667,694750860,23180,23751,3815.6,3122,3468.8,3472.4,0,3470.2,0.0,0,0,2017-04-18,34467600,3472.4,1,0,0,0,0,0,0,0,0,3473.0,2,0,0,0,0,0,0,0,0
