,dataDate,dataTime,dataMillisec,instrumentID,exchangeCD,lastPrice,lowPrice,highPrice,volume,value,openInterest,preOpenInterest,upperLimitPrice,lowerLimitPrice,preSettlementPrice,prevClosePrice,settlementPrice,openPrice,closePrice,preDelta,currDelta,clearingDay,milliSecOffset,bidPrice1,bidVolume1,bidPrice2,bidVolume2,bidPrice3,bidVolume3,bidPrice4,bidVolume4,bidPrice5,bidVolume5,askPrice1,askVolume1,askPrice2,askVolume2,askPrice3,askVolume3,askPrice4,askVolume4,askPrice5,askVolume5
0,2017-04-18,00:00:00,0,IH1704,CCFX,2352.8,0.0,0.0,0,0,13350,13350,0.0,0.0,2348.6,2352.8,0,0.0,0,0,0,2017-04-18,0,0.0,0,0,0,0,0,0,0,0,0,0.0,0,0,0,0,0,0,0,0,0
1,2017-04-18,00:00:00,0,IH1704,CCFX,2352.8,0.0,0.0,0,0,13350,13350,0.0,0.0,2348.6,2352.8,0,0.0,0,0,0,2017-04-18,0,0.0,0,0,0,0,0,0,0,0,0,0.0,0,0,0,0,0,0,0,0,0
2,2017-04-18,07:03:53,100,IH1704,CCFX,2352.8,0.0,0.0,0,0,13350,13350,2583.4,2113.8,2348.6,2352.8,0,0.0,0,0,0,2017-04-18,25433100,0.0,0,0,0,0,0,0,0,0,0,0.0,0,0,0,0,0,0,0,0,0
3,2017-04-18,07:03:53,100,IH1704,CCFX,2352.8,0.0,0.0,0,0,13350,13350,2583.4,2113.8,2348.6,2352.8,0,0.0,0,0,0,2017-04-18,25433100,0.0,0,0,0,0,0,0,0,0,0,0.0,0,0,0,0,0,0,0,0,0
4,2017-04-18,09:29:00,100,IH1704,CCFX,2352.6,2352.6,2352.6,12,8469360,13343,13350,2583.4,2113.8,2348.6,2352.8,0,2352.6,0,0,0,2017-04-18,34140100,2351.0,1,0,0,0,0,0,0,0,0,2352.8,1,0,0,0,0,0,0,0,0
5,2017-04-18,09:30:00,100,IH1704,CCFX,2352.6,2352.6,2352.6,12,8469360,13343,13350,2583.4,2113.8,2348.6,2352.8,0,2352.6,0,0,0,2017-04-18,34200100,2351.0,1,0,0,0,0,0,0,0,0,2352.0,1,0,0,0,0,0,0,0,0
6,2017-04-18,09:30:00,600,IH1704,CCFX,2351.0,2351.0,2352.6,18,12701160,13342,13350,2583.4,2113.8,2348.6,2352.8,0,2352.6,0,0,0,2017-04-18,34200600,2351.2,23,0,0,0,0,0,0,0,0,2351.8,2,0,0,0,0,0,0,0,0
7,2017-04-18,09:30:01,100,IH1704,CCFX,2351.8,2351.0,2352.6,19,13406700,13342,13350,2583.4,2113.8,2348.6,2352.8,0,2352.6,0,0,0,2017-04-18,34201100,2351.2,23,0,0,0,0,0,0,0,0,2351.6,2,0,0,0,0,0,0,0,0
8,2017-04-18,09:30:01,600,IH1704,CCFX,2351.6,2350.0,2352.6,24,16933620,13342,13350,2583.4,2113.8,2348.6,2352.8,0,2352.6,0,0,0,2017-04-18,34201600,2351.6,15,0,0,0,0,0,0,0,0,2351.8,4,0,0,0,0,0,0,0,0
9,2017-04-18,09:30:02,100,IH1704,CCFX,2351.6,2350.0,2352.6,29,20461080,13341,13350,2583.4,2113.8,2348.6,2352.8,0,2352.6,0,0,0,2017-04-18,34202100,2351.6,15,0,0,0,0,0,0,0,0,2351.8,3,0,0,0,0,0,0,0,0
10,2017-04-18,09:30:02,600,IH1704,CCFX,2351.8,2350.0,2352.6,41,28927800,13332,13350,2583.4,2113.8,2348.6,2352.8,0,2352.6,0,0,0,2017-04-18,34202600,2351.4,2,0,0,0,0,0,0,0,0,2351.6,2,0,0,0,0,0,0,0,0
11,2017-04-18,09:30:03,100,IH1704,CCFX,2352.0,2350.0,2352.6,49,34571460,13325,13350,2583.4,2113.8,2348.6,2352.8,0,2352.6,0,0,0,2017-04-18,34203100,2350.0,1,0,0,0,0,0,0,0,0,2351.6,3,0,0,0,0,0,0,0,0
12,2017-04-18,09:30:03,600,IH1704,CCFX,2350.2,2350.0,2352.6,51,35981580,13323,13350,2583.4,2113.8,2348.6,2352.8,0,2352.6,0,0,0,2017-04-18,34203600,2350.0,1,0,0,0,0,0,0,0,0,2350.2,1,0,0,0,0,0,0,0,0
13,2017-04-18,09:30:04,100,IH1704,CCFX,2351.4,2350.0,2352.6,53,37392060,13321,13350,2583.4,2113.8,2348.6,2352.8,0,2352.6,0,0,0,2017-04-18,34204100,2350.4,1,0,0,0,0,0,0,0,0,2351.4,3,0,0,0,0,0,0,0,0
14,2017-04-18,09:30:04,600,IH1704,CCFX,2351.4,2350.0,2352.6,53,37392060,13321,13350,2583.4,2113.8,2348.6,2352.8,0,2352.6,0,0,0,2017-04-18,34204600,2350.4,1,0,0,0,0,0,0,0,0,2351.4,3,0,0,0,0,0,0,0,0
15,2017-04-18,09:30:05,600,IH1704,CCFX,2350.4,2350.0,2352.6,54,38097180,13321,13350,2583.4,2113.8,2348.6,2352.8,0,2352.6,0,0,0,2017-04-18,34205600,2350.2,2,0,0,0,0,0,0,0,0,2351.4,3,0,0,0,0,0,0,0,0
16,2017-04-18,09:30:06,100,IH1704,CCFX,2350.2,2350.0,2352.6,62,43738260,13313,13350,2583.4,2113.8,2348.6,2352.8,0,2352.6,0,0,0,2017-04-18,34206100,2349.6,3,0,0,0,0,0,0,0,0,2351.4,1,0,0,0,0,0,0,0,0
17,2017-04-18,09:30:06,600,IH1704,CCFX,2349.8,2349.8,2352.6,66,46559040,13309,13350,2583.4,2113.8,2348.6,2352.8,0,2352.6,0,0,0,2017-04-18,34206600,2350.0,1,0,0,0,0,0,0,0,0,2351.2,1,0,0,0,0,0,0,0,0
18,2017-04-18,09:30:07,100,IH1704,CCFX,2349.8,2349.8,2352.6,66,46559040,13309,13350,2583.4,2113.8,2348.6,2352.8,0,2352.6,0,0,0,2017-04-18,34207100,2350.2,1,0,0,0,0,0,0,0,0,2351.0,1,0,0,0,0,0,0,0,0
19,2017-04-18,09:30:07,600,IH1704,CCFX,2349.8,2349.8,2352.6,66,46559040,13309,13350,2583.4,2113.8,2348.6,2352.8,0,2352.6,0,0,0,2017-04-18,34207600,2349.8,2,0,0,0,0,0,0,0,0,2351.0,1,0,0,0,0,0,0,0,0
20,2017-04-18,09:30:08,100,IH1704,CCFX,2349.8,2349.8,2352.6,66,46559040,13309,13350,2583.4,2113.8,2348.6,2352.8,0,2352.6,0,0,0,2017-04-18,34208100,2349.8,2,0,0,0,0,0,0,0,0,2351.0,1,0,0,0,0,0,0,0,0
21,2017-04-18,09:30:08,600,IH1704,CCFX,2349.8,2349.8,2352.6,66,46559040,13309,13350,2583.4,2113.8,2348.6,2352.8,0,2352.6,0,0,0,2017-04-18,34208600,2349.8,1,0,0,0,0,0,0,0,0,2350.8,1,0,0,0,0,0,0,0,0
22,2017-04-18,09:30:09,100,IH1704,CCFX,2349.8,2349.8,2352.6,67,47263980,13309,13350,2583.4,2113.8,2348.6,2352.8,0,2352.6,0,0,0,2017-04-18,34209100,2349.6,3,0,0,0,0,0,0,0,0,2349.8,1,0,0,0,0,0,0,0,0
23,2017-04-18,09:30:09,600,IH1704,CCFX,2349.8,2349.8,2352.6,68,47968920,13309,13350,2583.4,2113.8,2348.6,2352.8,0,2352.6,0,0,0,2017-04-18,34209600,2349.8,1,0,0,0,0,0,0,0,0,2350.8,1,0,0,0,0,0,0,0,0
24,2017-04-18,09:30:10,100,IH1704,CCFX,2349.8,2349.8,2352.6,68,47968920,13309,13350,2583.4,2113.8,2348.6,2352.8,0,2352.6,0,0,0,2017-04-18,34210100,2349.8,2,0,0,0,0,0,0,0,0,2350.6,3,0,0,0,0,0,0,0,0
25,2017-04-18,09:30:10,600,IH1704,CCFX,2349.8,2349.8,2352.6,70,49378800,13307,13350,2583.4,2113.8,2348.6,2352.8,0,2352.6,0,0,0,2017-04-18,34210600,2349.6,3,0,0,0,0,0,0,0,0,2350.6,3,0,0,0,0,0,0,0,0
26,2017-04-18,09:30:11,100,IH1704,CCFX,2350.4,2349.8,2352.6,71,50083920,13306,13350,2583.4,2113.8,2348.6,2352.8,0,2352.6,0,0,0,2017-04-18,34211100,2349.8,1,0,0,0,0,0,0,0,0,2350.6,3,0,0,0,0,0,0,0,0
27,2017-04-18,09:30:11,600,IH1704,CCFX,2350.4,2349.8,2352.6,71,50083920,13306,13350,2583.4,2113.8,2348.6,2352.8,0,2352.6,0,0,0,2017-04-18,34211600,2350.0,1,0,0,0,0,0,0,0,0,2350.6,2,0,0,0,0,0,0,0,0
28,2017-04-18,09:30:12,600,IH1704,CCFX,2350.6,2349.8,2352.6,73,51494280,13304,13350,2583.4,2113.8,2348.6,2352.8,0,2352.6,0,0,0,2017-04-18,34212600,2350.6,1,0,0,0,0,0,0,0,0,2350.8,1,0,0,0,0,0,0,0,0
29,2017-04-18,09:30:13,100,IH1704,CCFX,2350.8,2349.8,2352.6,74,52199520,13303,13350,2583.4,2113.8,2348.6,2352.8,0,2352.6,0,0,0,2017-04-18,34213100,2350.8,2,0,0,0,0,0,0,0,0,2352.0,1,0,0,0,0,0,0,0,0
30,2017-04-18,09:30:13,600,IH1704,CCFX,2350.8,2349.8,2352.6,74,52199520,13303,13350,2583.4,2113.8,2348.6,2352.8,0,2352.6,0,0,0,2017-04-18,34213600,2350.6,1,0,0,0,0,0,0,0,0,2352.0,1,0,0,0,0,0,0,0,0
31,2017-04-18,09:30:14,100,IH1704,CCFX,2350.6,2349.8,2352.6,75,52904700,13302,13350,2583.4,2113.8,2348.6,2352.8,0,2352.6,0,0,0,2017-04-18,34214100,2350.0,1,0,0,0,0,0,0,0,0,2351.8,2,0,0,0,0,0,0,0,0
32,2017-04-18,09:30:14,600,IH1704,CCFX,2350.6,2349.8,2352.6,75,52904700,13302,13350,2583.4,2113.8,2348.6,2352.8,0,2352.6,0,0,0,2017-04-18,34214600,2350.4,1,0,0,0,0,0,0,0,0,2351.6,2,0,0,0,0,0,0,0,0
33,2017-04-18,09:30:15,100,IH1704,CCFX,2350.6,2349.8,2352.6,75,52904700,13302,13350,2583.4,2113.8,2348.6,2352.8,0,2352.6,0,0,0,2017-04-18,34215100,2350.4,1,0,0,0,0,0,0,0,0,2351.6,1,0,0,0,0,0,0,0,0
34,2017-04-18,09:30:15,600,IH1704,CCFX,2350.6,2349.8,2352.6,75,52904700,13302,13350,2583.4,2113.8,2348.6,2352.8,0,2352.6,0,0,0,2017-04-18,34215600,2350.6,1,0,0,0,0,0,0,0,0,2351.6,1,0,0,0,0,0,0,0,0
35,2017-04-18,09:30:16,100,IH1704,CCFX,2350.6,2349.8,2352.6,75,52904700,13302,13350,2583.4,2113.8,2348.6,2352.8,0,2352.6,0,0,0,2017-04-18,34216100,2350.6,1,0,0,0,0,0,0,0,0,2351.8,2,0,0,0,0,0,0,0,0
36,2017-04-18,09:30:16,600,IH1704,CCFX,2350.6,2349.8,2352.6,75,52904700,13302,13350,2583.4,2113.8,2348.6,2352.8,0,2352.6,0,0,0,2017-04-18,34216600,2350.6,1,0,0,0,0,0,0,0,0,2351.6,1,0,0,0,0,0,0,0,0
37,2017-04-18,09:30:17,100,IH1704,CCFX,2350.6,2349.8,2352.6,75,52904700,13302,13350,2583.4,2113.8,2348.6,2352.8,0,2352.6,0,0,0,2017-04-18,34217100,2350.6,1,0,0,0,0,0,0,0,0,2351.4,1,0,0,0,0,0,0,0,0
38,2017-04-18,09:30:17,600,IH1704,CCFX,2351.4,2349.8,2352.6,76,53610120,13301,13350,2583.4,2113.8,2348.6,2352.8,0,2352.6,0,0,0,2017-04-18,34217600,2350.8,1,0,0,0,0,0,0,0,0,2351.6,1,0,0,0,0,0,0,0,0
39,2017-04-18,09:30:18,100,IH1704,CCFX,2351.4,2349.8,2352.6,76,53610120,13301,13350,2583.4,2113.8,2348.6,2352.8,0,2352.6,0,0,0,2017-04-18,34218100,2350.8,1,0,0,0,0,0,0,0,0,2351.8,1,0,0,0,0,0,0,0,0
40,2017-04-18,09:30:18,600,IH1704,CCFX,2351.0,2349.8,2352.6,78,55020720,13299,13350,2583.4,2113.8,2348.6,2352.8,0,2352.6,0,0,0,2017-04-18,34218600,2350.8,1,0,0,0,0,0,0,0,0,2351.8,1,0,0,0,0,0,0,0,0
41,2017-04-18,09:30:19,100,IH1704,CCFX,2351.0,2349.8,2352.6,78,55020720,13299,13350,2583.4,2113.8,2348.6,2352.8,0,2352.6,0,0,0,2017-04-18,34219100,2351.0,1,0,0,0,0,0,0,0,0,2352.0,1,0,0,0,0,0,0,0,0
42,2017-04-18,09:30:19,600,IH1704,CCFX,2351.0,2349.8,2352.6,79,55726020,13298,13350,2583.4,2113.8,2348.6,2352.8,0,2352.6,0,0,0,2017-04-18,34219600,2350.8,1,0,0,0,0,0,0,0,0,2351.8,1,0,0,0,0,0,0,0,0
43,2017-04-18,09:30:20,100,IH1704,CCFX,2351.0,2349.8,2352.6,79,55726020,13298,13350,2583.4,2113.8,2348.6,2352.8,0,2352.6,0,0,0,2017-04-18,34220100,2350.8,1,0,0,0,0,0,0,0,0,2351.6,1,0,0,0,0,0,0,0,0
44,2017-04-18,09:30:20,600,IH1704,CCFX,2351.0,2349.8,2352.6,79,55726020,13298,13350,2583.4,2113.8,2348.6,2352.8,0,2352.6,0,0,0,2017-04-18,34220600,2350.8,1,0,0,0,0,0,0,0,0,2351.6,1,0,0,0,0,0,0,0,0
45,2017-04-18,09:30:21,100,IH1704,CCFX,2351.0,2349.8,2352.6,79,55726020,13298,13350,2583.4,2113.8,2348.6,2352.8,0,2352.6,0,0,0,2017-04-18,34221100,2350.8,1,0,0,0,0,0,0,0,0,2351.4,1,0,0,0,0,0,0,0,0
46,2017-04-18,09:30:21,600,IH1704,CCFX,2351.0,2349.8,2352.6,79,55726020,13298,13350,2583.4,2113.8,2348.6,2352.8,0,2352.6,0,0,0,2017-04-18,34221600,2350.4,2,0,0,0,0,0,0,0,0,2351.4,1,0,0,0,0,0,0,0,0
47,2017-04-18,09:30:22,600,IH1704,CCFX,2351.0,2349.8,2352.6,79,55726020,13298,13350,2583.4,2113.8,2348.6,2352.8,0,2352.6,0,0,0,2017-04-18,34222600,2350.4,2,0,0,0,0,0,0,0,0,2351.4,1,0,0,0,0,0,0,0,0
48,2017-04-18,09:30:23,100,IH1704,CCFX,2351.0,2349.8,2352.6,79,55726020,13298,13350,2583.4,2113.8,2348.6,2352.8,0,2352.6,0,0,0,2017-04-18,34223100,2350.4,2,0,0,0,0,0,0,0,0,2351.4,1,0,0,0,0,0,0,0,0
49,2017-04-18,09:30:23,600,IH1704,CCFX,2351.0,2349.8,2352.6,79,55726020,13298,13350,2583.4,2113.8,2348.6,2352.8,0,2352.6,0,0,0,2017-04-18,34223600,2350.6,1,0,0,0,0,0,0,0,0,2351.4,1,0,0,0,0,0,0,0,0
50,2017-04-18,09:30:24,100,IH1704,CCFX,2351.0,2349.8,2352.6,79,55726020,13298,13350,2583.4,2113.8,2348.6,2352.8,0,2352.6,0,0,0,2017-04-18,34224100,2350.6,1,0,0,0,0,0,0,0,0,2351.2,1,0,0,0,0,0,0,0,0
51,2017-04-18,09:30:24,600,IH1704,CCFX,2351.0,2349.8,2352.6,79,55726020,13298,13350,2583.4,2113.8,2348.6,2352.8,0,2352.6,0,0,0,2017-04-18,34224600,2350.6,2,0,0,0,0,0,0,0,0,2351.2,1,0,0,0,0,0,0,0,0
52,2017-04-18,09:30:25,100,IH1704,CCFX,2351.0,2349.8,2352.6,79,55726020,13298,13350,2583.4,2113.8,2348.6,2352.8,0,2352.6,0,0,0,2017-04-18,34225100,2350.8,6,0,0,0,0,0,0,0,0,2351.2,1,0,0,0,0,0,0,0,0
53,2017-04-18,09:30:25,600,IH1704,CCFX,2351.2,2349.8,2352.6,80,56431380,13297,13350,2583.4,2113.8,2348.6,2352.8,0,2352.6,0,0,0,2017-04-18,34225600,2350.8,6,0,0,0,0,0,0,0,0,2351.4,1,0,0,0,0,0,0,0,0
54,2017-04-18,09:30:26,100,IH1704,CCFX,2351.2,2349.8,2352.6,80,56431380,13297,13350,2583.4,2113.8,2348.6,2352.8,0,2352.6,0,0,0,2017-04-18,34226100,2350.8,6,0,0,0,0,0,0,0,0,2351.6,1,0,0,0,0,0,0,0,0
55,2017-04-18,09:30:26,600,IH1704,CCFX,2351.2,2349.8,2352.6,80,56431380,13297,13350,2583.4,2113.8,2348.6,2352.8,0,2352.6,0,0,0,2017-04-18,34226600,2351.0,1,0,0,0,0,0,0,0,0,2351.2,1,0,0,0,0,0,0,0,0
56,2017-04-18,09:30:27,100,IH1704,CCFX,2352.0,2349.8,2352.6,83,58547820,13294,13350,2583.4,2113.8,2348.6,2352.8,0,2352.6,0,0,0,2017-04-18,34227100,2352.0,2,0,0,0,0,0,0,0,0,2352.2,4,0,0,0,0,0,0,0,0
57,2017-04-18,09:30:27,600,IH1704,CCFX,2352.0,2349.8,2352.6,85,59959020,13292,13350,2583.4,2113.8,2348.6,2352.8,0,2352.6,0,0,0,2017-04-18,34227600,2351.2,1,0,0,0,0,0,0,0,0,2352.0,10,0,0,0,0,0,0,0,0
58,2017-04-18,09:30:28,100,IH1704,CCFX,2352.0,2349.8,2352.6,85,59959020,13292,13350,2583.4,2113.8,2348.6,2352.8,0,2352.6,0,0,0,2017-04-18,34228100,2351.2,2,0,0,0,0,0,0,0,0,2351.8,1,0,0,0,0,0,0,0,0
59,2017-04-18,09:30:28,600,IH1704,CCFX,2352.0,2349.8,2352.6,85,59959020,13292,13350,2583.4,2113.8,2348.6,2352.8,0,2352.6,0,0,0,2017-04-18,34228600,2351.2,2,0,0,0,0,0,0,0,0,2351.8,1,0,0,0,0,0,0,0,0
60,2017-04-18,09:30:29,600,IH1704,CCFX,2351.2,2349.8,2352.6,86,60664380,13291,13350,2583.4,2113.8,2348.6,2352.8,0,2352.6,0,0,0,2017-04-18,34229600,2351.4,1,0,0,0,0,0,0,0,0,2351.8,1,0,0,0,0,0,0,0,0
61,2017-04-18,09:30:30,100,IH1704,CCFX,2351.4,2349.8,2352.6,87,61369800,13290,13350,2583.4,2113.8,2348.6,2352.8,0,2352.6,0,0,0,2017-04-18,34230100,2351.0,2,0,0,0,0,0,0,0,0,2351.4,1,0,0,0,0,0,0,0,0
62,2017-04-18,09:30:30,600,IH1704,CCFX,2351.0,2349.8,2352.6,88,62075100,13289,13350,2583.4,2113.8,2348.6,2352.8,0,2352.6,0,0,0,2017-04-18,34230600,2351.0,1,0,0,0,0,0,0,0,0,2351.4,1,0,0,0,0,0,0,0,0
63,2017-04-18,09:30:31,100,IH1704,CCFX,2351.0,2349.8,2352.6,88,62075100,13289,13350,2583.4,2113.8,2348.6,2352.8,0,2352.6,0,0,0,2017-04-18,34231100,2351.0,1,0,0,0,0,0,0,0,0,2351.6,1,0,0,0,0,0,0,0,0
64,2017-04-18,09:30:31,600,IH1704,CCFX,2351.0,2349.8,2352.6,88,62075100,13289,13350,2583.4,2113.8,2348.6,2352.8,0,2352.6,0,0,0,2017-04-18,34231600,2351.2,1,0,0,0,0,0,0,0,0,2351.6,1,0,0,0,0,0,0,0,0
65,2017-04-18,09:30:32,100,IH1704,CCFX,2351.2,2349.8,2352.6,89,62780460,13288,13350,2583.4,2113.8,2348.6,2352.8,0,2352.6,0,0,0,2017-04-18,34232100,2351.0,1,0,0,0,0,0,0,0,0,2351.6,1,0,0,0,0,0,0,0,0
66,2017-04-18,09:30:33,100,IH1704,CCFX,2351.2,2349.8,2352.6,89,62780460,13288,13350,2583.4,2113.8,2348.6,2352.8,0,2352.6,0,0,0,2017-04-18,34233100,2351.0,1,0,0,0,0,0,0,0,0,2351.6,1,0,0,0,0,0,0,0,0
67,2017-04-18,09:30:34,100,IH1704,CCFX,2351.2,2349.8,2352.6,89,62780460,13288,13350,2583.4,2113.8,2348.6,2352.8,0,2352.6,0,0,0,2017-04-18,34234100,2351.0,1,0,0,0,0,0,0,0,0,2351.6,1,0,0,0,0,0,0,0,0
68,2017-04-18,09:30:34,600,IH1704,CCFX,2351.2,2349.8,2352.6,89,62780460,13288,13350,2583.4,2113.8,2348.6,2352.8,0,2352.6,0,0,0,2017-04-18,34234600,2350.8,6,0,0,0,0,0,0,0,0,2351.6,1,0,0,0,0,0,0,0,0
69,2017-04-18,09:30:36,100,IH1704,CCFX,2351.2,2349.8,2352.6,89,62780460,13288,13350,2583.4,2113.8,2348.6,2352.8,0,2352.6,0,0,0,2017-04-18,34236100,2350.8,7,0,0,0,0,0,0,0,0,2351.6,1,0,0,0,0,0,0,0,0
70,2017-04-18,09:30:36,600,IH1704,CCFX,2351.6,2349.8,2352.6,93,65601660,13284,13350,2583.4,2113.8,2348.6,2352.8,0,2352.6,0,0,0,2017-04-18,34236600,2350.8,4,0,0,0,0,0,0,0,0,2351.6,1,0,0,0,0,0,0,0,0
71,2017-04-18,09:30:37,100,IH1704,CCFX,2350.8,2349.8,2352.6,96,67717380,13281,13350,2583.4,2113.8,2348.6,2352.8,0,2352.6,0,0,0,2017-04-18,34237100,2350.8,1,0,0,0,0,0,0,0,0,2351.6,1,0,0,0,0,0,0,0,0
72,2017-04-18,09:30:37,600,IH1704,CCFX,2350.8,2349.8,2352.6,96,67717380,13281,13350,2583.4,2113.8,2348.6,2352.8,0,2352.6,0,0,0,2017-04-18,34237600,2350.8,1,0,0,0,0,0,0,0,0,2351.4,1,0,0,0,0,0,0,0,0
73,2017-04-18,09:30:38,100,IH1704,CCFX,2350.8,2349.8,2352.6,96,67717380,13281,13350,2583.4,2113.8,2348.6,2352.8,0,2352.6,0,0,0,2017-04-18,34238100,2350.8,1,0,0,0,0,0,0,0,0,2351.4,2,0,0,0,0,0,0,0,0
74,2017-04-18,09:30:38,600,IH1704,CCFX,2351.4,2349.8,2352.6,97,68422800,13280,13350,2583.4,2113.8,2348.6,2352.8,0,2352.6,0,0,0,2017-04-18,34238600,2350.8,1,0,0,0,0,0,0,0,0,2351.4,1,0,0,0,0,0,0,0,0
75,2017-04-18,09:30:39,100,IH1704,CCFX,2351.4,2349.8,2352.6,97,68422800,13280,13350,2583.4,2113.8,2348.6,2352.8,0,2352.6,0,0,0,2017-04-18,34239100,2350.8,1,0,0,0,0,0,0,0,0,2351.4,1,0,0,0,0,0,0,0,0
76,2017-04-18,09:30:41,600,IH1704,CCFX,2351.4,2349.8,2352.6,97,68422800,13280,13350,2583.4,2113.8,2348.6,2352.8,0,2352.6,0,0,0,2017-04-18,34241600,2350.8,1,0,0,0,0,0,0,0,0,2351.4,1,0,0,0,0,0,0,0,0
77,2017-04-18,09:30:43,100,IH1704,CCFX,2351.4,2349.8,2352.6,97,68422800,13280,13350,2583.4,2113.8,2348.6,2352.8,0,2352.6,0,0,0,2017-04-18,34243100,2350.8,1,0,0,0,0,0,0,0,0,2351.4,1,0,0,0,0,0,0,0,0
78,2017-04-18,09:30:43,600,IH1704,CCFX,2351.4,2349.8,2352.6,98,69128220,13279,13350,2583.4,2113.8,2348.6,2352.8,0,2352.6,0,0,0,2017-04-18,34243600,2350.8,1,0,0,0,0,0,0,0,0,2351.4,1,0,0,0,0,0,0,0,0
79,2017-04-18,09:30:44,100,IH1704,CCFX,2351.4,2349.8,2352.6,99,69833640,13278,13350,2583.4,2113.8,2348.6,2352.8,0,2352.6,0,0,0,2017-04-18,34244100,2350.8,1,0,0,0,0,0,0,0,0,2352.0,4,0,0,0,0,0,0,0,0
80,2017-04-18,09:30:44,600,IH1704,CCFX,2351.4,2349.8,2352.6,99,69833640,13278,13350,2583.4,2113.8,2348.6,2352.8,0,2352.6,0,0,0,2017-04-18,34244600,2350.8,1,0,0,0,0,0,0,0,0,2351.8,1,0,0,0,0,0,0,0,0
81,2017-04-18,09:30:46,100,IH1704,CCFX,2351.4,2349.8,2352.6,99,69833640,13278,13350,2583.4,2113.8,2348.6,2352.8,0,2352.6,0,0,0,2017-04-18,34246100,2350.8,1,0,0,0,0,0,0,0,0,2351.8,1,0,0,0,0,0,0,0,0
82,2017-04-18,09:30:47,600,IH1704,CCFX,2351.4,2349.8,2352.6,99,69833640,13278,13350,2583.4,2113.8,2348.6,2352.8,0,2352.6,0,0,0,2017-04-18,34247600,2350.8,1,0,0,0,0,0,0,0,0,2351.4,1,0,0,0,0,0,0,0,0
83,2017-04-18,09:30:48,100,IH1704,CCFX,2351.4,2349.8,2352.6,99,69833640,13278,13350,2583.4,2113.8,2348.6,2352.8,0,2352.6,0,0,0,2017-04-18,34248100,2351.0,1,0,0,0,0,0,0,0,0,2351.4,1,0,0,0,0,0,0,0,0
84,2017-04-18,09:30:48,600,IH1704,CCFX,2351.4,2349.8,2352.6,101,71244360,13277,13350,2583.4,2113.8,2348.6,2352.8,0,2352.6,0,0,0,2017-04-18,34248600,2350.8,1,0,0,0,0,0,0,0,0,2352.0,4,0,0,0,0,0,0,0,0
85,2017-04-18,09:30:49,100,IH1704,CCFX,2351.4,2349.8,2352.6,101,71244360,13277,13350,2583.4,2113.8,2348.6,2352.8,0,2352.6,0,0,0,2017-04-18,34249100,2350.8,1,0,0,0,0,0,0,0,0,2351.8,1,0,0,0,0,0,0,0,0
86,2017-04-18,09:30:49,600,IH1704,CCFX,2351.4,2349.8,2352.6,101,71244360,13277,13350,2583.4,2113.8,2348.6,2352.8,0,2352.6,0,0,0,2017-04-18,34249600,2350.8,1,0,0,0,0,0,0,0,0,2351.8,2,0,0,0,0,0,0,0,0
87,2017-04-18,09:30:50,100,IH1704,CCFX,2351.4,2349.8,2352.6,101,71244360,13277,13350,2583.4,2113.8,2348.6,2352.8,0,2352.6,0,0,0,2017-04-18,34250100,2351.0,1,0,0,0,0,0,0,0,0,2351.8,1,0,0,0,0,0,0,0,0
88,2017-04-18,09:30:50,600,IH1704,CCFX,2351.0,2349.8,2352.6,102,71949660,13276,13350,2583.4,2113.8,2348.6,2352.8,0,2352.6,0,0,0,2017-04-18,34250600,2351.2,1,0,0,0,0,0,0,0,0,2352.0,4,0,0,0,0,0,0,0,0
89,2017-04-18,09:30:52,100,IH1704,CCFX,2351.0,2349.8,2352.6,102,71949660,13276,13350,2583.4,2113.8,2348.6,2352.8,0,2352.6,0,0,0,2017-04-18,34252100,2351.2,1,0,0,0,0,0,0,0,0,2352.0,4,0,0,0,0,0,0,0,0
90,2017-04-18,09:30:53,600,IH1704,CCFX,2351.0,2349.8,2352.6,102,71949660,13276,13350,2583.4,2113.8,2348.6,2352.8,0,2352.6,0,0,0,2017-04-18,34253600,2351.2,1,0,0,0,0,0,0,0,0,2352.0,4,0,0,0,0,0,0,0,0
91,2017-04-18,09:30:54,600,IH1704,CCFX,2351.0,2349.8,2352.6,102,71949660,13276,13350,2583.4,2113.8,2348.6,2352.8,0,2352.6,0,0,0,2017-04-18,34254600,2351.2,1,0,0,0,0,0,0,0,0,2351.8,1,0,0,0,0,0,0,0,0
92,2017-04-18,09:30:55,100,IH1704,CCFX,2351.0,2349.8,2352.6,102,71949660,13276,13350,2583.4,2113.8,2348.6,2352.8,0,2352.6,0,0,0,2017-04-18,34255100,2351.2,1,0,0,0,0,0,0,0,0,2351.8,1,0,0,0,0,0,0,0,0
93,2017-04-18,09:30:58,100,IH1704,CCFX,2351.2,2349.8,2352.6,103,72655020,13275,13350,2583.4,2113.8,2348.6,2352.8,0,2352.6,0,0,0,2017-04-18,34258100,2350.8,1,0,0,0,0,0,0,0,0,2351.8,1,0,0,0,0,0,0,0,0
94,2017-04-18,09:30:58,600,IH1704,CCFX,2351.2,2349.8,2352.6,103,72655020,13275,13350,2583.4,2113.8,2348.6,2352.8,0,2352.6,0,0,0,2017-04-18,34258600,2350.8,1,0,0,0,0,0,0,0,0,2351.6,2,0,0,0,0,0,0,0,0
95,2017-04-18,09:30:59,100,IH1704,CCFX,2351.2,2349.8,2352.6,103,72655020,13275,13350,2583.4,2113.8,2348.6,2352.8,0,2352.6,0,0,0,2017-04-18,34259100,2350.8,1,0,0,0,0,0,0,0,0,2351.2,1,0,0,0,0,0,0,0,0
96,2017-04-18,09:31:01,100,IH1704,CCFX,2351.2,2349.8,2352.6,103,72655020,13275,13350,2583.4,2113.8,2348.6,2352.8,0,2352.6,0,0,0,2017-04-18,34261100,2350.8,1,0,0,0,0,0,0,0,0,2351.2,1,0,0,0,0,0,0,0,0
97,2017-04-18,09:31:02,100,IH1704,CCFX,2351.2,2349.8,2352.6,103,72655020,13275,13350,2583.4,2113.8,2348.6,2352.8,0,2352.6,0,0,0,2017-04-18,34262100,2350.8,1,0,0,0,0,0,0,0,0,2351.2,1,0,0,0,0,0,0,0,0
98,2017-04-18,09:31:02,600,IH1704,CCFX,2350.8,2349.8,2352.6,104,73360260,13275,13350,2583.4,2113.8,2348.6,2352.8,0,2352.6,0,0,0,2017-04-18,34262600,2350.6,1,0,0,0,0,0,0,0,0,2351.2,2,0,0,0,0,0,0,0,0
99,2017-04-18,09:31:04,600,IH1704,CCFX,2350.8,2349.8,2352.6,104,73360260,13275,13350,2583.4,2113.8,2348.6,2352.8,0,2352.6,0,0,0,2017-04-18,34264600,2350.6,1,0,0,0,0,0,0,0,0,2351.0,4,0,0,0,0,0,0,0,0
100,2017-04-18,09:31:05,100,IH1704,CCFX,2350.6,2349.8,2352.6,105,74065440,13274,13350,2583.4,2113.8,2348.6,2352.8,0,2352.6,0,0,0,2017-04-18,34265100,2350.4,2,0,0,0,0,0,0,0,0,2350.6,3,0,0,0,0,0,0,0,0
101,2017-04-18,09:31:05,600,IH1704,CCFX,2350.6,2349.8,2352.6,105,74065440,13274,13350,2583.4,2113.8,2348.6,2352.8,0,2352.6,0,0,0,2017-04-18,34265600,2350.4,1,0,0,0,0,0,0,0,0,2350.6,3,0,0,0,0,0,0,0,0
102,2017-04-18,09:31:06,100,IH1704,CCFX,2350.4,2349.8,2352.6,106,74770560,13273,13350,2583.4,2113.8,2348.6,2352.8,0,2352.6,0,0,0,2017-04-18,34266100,2350.2,1,0,0,0,0,0,0,0,0,2350.6,3,0,0,0,0,0,0,0,0
103,2017-04-18,09:31:06,600,IH1704,CCFX,2350.4,2349.8,2352.6,106,74770560,13273,13350,2583.4,2113.8,2348.6,2352.8,0,2352.6,0,0,0,2017-04-18,34266600,2350.4,1,0,0,0,0,0,0,0,0,2350.6,3,0,0,0,0,0,0,0,0
104,2017-04-18,09:31:07,100,IH1704,CCFX,2350.4,2349.8,2352.6,106,74770560,13273,13350,2583.4,2113.8,2348.6,2352.8,0,2352.6,0,0,0,2017-04-18,34267100,2350.4,1,0,0,0,0,0,0,0,0,2350.6,3,0,0,0,0,0,0,0,0
105,2017-04-18,09:31:08,100,IH1704,CCFX,2350.4,2349.8,2352.6,107,75475680,13272,13350,2583.4,2113.8,2348.6,2352.8,0,2352.6,0,0,0,2017-04-18,34268100,2350.2,1,0,0,0,0,0,0,0,0,2350.6,3,0,0,0,0,0,0,0,0
106,2017-04-18,09:31:08,600,IH1704,CCFX,2350.4,2349.8,2352.6,107,75475680,13272,13350,2583.4,2113.8,2348.6,2352.8,0,2352.6,0,0,0,2017-04-18,34268600,2350.2,1,0,0,0,0,0,0,0,0,2350.6,5,0,0,0,0,0,0,0,0
107,2017-04-18,09:31:09,100,IH1704,CCFX,2350.4,2349.8,2352.6,107,75475680,13272,13350,2583.4,2113.8,2348.6,2352.8,0,2352.6,0,0,0,2017-04-18,34269100,2350.2,1,0,0,0,0,0,0,0,0,2350.4,1,0,0,0,0,0,0,0,0
108,2017-04-18,09:31:09,600,IH1704,CCFX,2350.4,2349.8,2352.6,107,75475680,13272,13350,2583.4,2113.8,2348.6,2352.8,0,2352.6,0,0,0,2017-04-18,34269600,2350.2,1,0,0,0,0,0,0,0,0,2350.4,2,0,0,0,0,0,0,0,0
109,2017-04-18,09:31:10,600,IH1704,CCFX,2350.4,2349.8,2352.6,108,76180800,13271,13350,2583.4,2113.8,2348.6,2352.8,0,2352.6,0,0,0,2017-04-18,34270600,2350.2,1,0,0,0,0,0,0,0,0,2350.4,5,0,0,0,0,0,0,0,0
110,2017-04-18,09:31:11,100,IH1704,CCFX,2350.4,2349.8,2352.6,112,79001280,13267,13350,2583.4,2113.8,2348.6,2352.8,0,2352.6,0,0,0,2017-04-18,34271100,2350.2,1,0,0,0,0,0,0,0,0,2350.4,1,0,0,0,0,0,0,0,0
111,2017-04-18,09:31:11,600,IH1704,CCFX,2350.2,2349.8,2352.6,114,80411460,13266,13350,2583.4,2113.8,2348.6,2352.8,0,2352.6,0,0,0,2017-04-18,34271600,2350.0,1,0,0,0,0,0,0,0,0,2350.2,1,0,0,0,0,0,0,0,0
112,2017-04-18,09:31:12,100,IH1704,CCFX,2350.6,2349.8,2352.6,116,81821700,13264,13350,2583.4,2113.8,2348.6,2352.8,0,2352.6,0,0,0,2017-04-18,34272100,2350.2,4,0,0,0,0,0,0,0,0,2350.6,3,0,0,0,0,0,0,0,0
113,2017-04-18,09:31:12,600,IH1704,CCFX,2350.6,2349.8,2352.6,118,83232060,13262,13350,2583.4,2113.8,2348.6,2352.8,0,2352.6,0,0,0,2017-04-18,34272600,2350.2,3,0,0,0,0,0,0,0,0,2350.6,1,0,0,0,0,0,0,0,0
114,2017-04-18,09:31:13,100,IH1704,CCFX,2350.6,2349.8,2352.6,119,83937240,13261,13350,2583.4,2113.8,2348.6,2352.8,0,2352.6,0,0,0,2017-04-18,34273100,2350.4,1,0,0,0,0,0,0,0,0,2351.2,2,0,0,0,0,0,0,0,0
115,2017-04-18,09:31:14,600,IH1704,CCFX,2350.6,2349.8,2352.6,119,83937240,13261,13350,2583.4,2113.8,2348.6,2352.8,0,2352.6,0,0,0,2017-04-18,34274600,2350.4,2,0,0,0,0,0,0,0,0,2351.2,2,0,0,0,0,0,0,0,0
116,2017-04-18,09:31:15,100,IH1704,CCFX,2351.2,2349.8,2352.6,121,85347960,13260,13350,2583.4,2113.8,2348.6,2352.8,0,2352.6,0,0,0,2017-04-18,34275100,2350.6,1,0,0,0,0,0,0,0,0,2351.8,2,0,0,0,0,0,0,0,0
117,2017-04-18,09:31:15,600,IH1704,CCFX,2351.2,2349.8,2352.6,121,85347960,13260,13350,2583.4,2113.8,2348.6,2352.8,0,2352.6,0,0,0,2017-04-18,34275600,2350.8,1,0,0,0,0,0,0,0,0,2351.8,2,0,0,0,0,0,0,0,0
118,2017-04-18,09:31:16,100,IH1704,CCFX,2350.8,2349.8,2352.6,122,86053200,13259,13350,2583.4,2113.8,2348.6,2352.8,0,2352.6,0,0,0,2017-04-18,34276100,2350.8,1,0,0,0,0,0,0,0,0,2351.8,3,0,0,0,0,0,0,0,0
119,2017-04-18,09:31:16,600,IH1704,CCFX,2350.8,2349.8,2352.6,122,86053200,13259,13350,2583.4,2113.8,2348.6,2352.8,0,2352.6,0,0,0,2017-04-18,34276600,2350.8,1,0,0,0,0,0,0,0,0,2351.8,3,0,0,0,0,0,0,0,0
120,2017-04-18,09:31:17,600,IH1704,CCFX,2350.8,2349.8,2352.6,122,86053200,13259,13350,2583.4,2113.8,2348.6,2352.8,0,2352.6,0,0,0,2017-04-18,34277600,2350.8,1,0,0,0,0,0,0,0,0,2351.6,1,0,0,0,0,0,0,0,0
121,2017-04-18,09:31:18,100,IH1704,CCFX,2350.8,2349.8,2352.6,123,86758440,13258,13350,2583.4,2113.8,2348.6,2352.8,0,2352.6,0,0,0,2017-04-18,34278100,2350.2,1,0,0,0,0,0,0,0,0,2351.6,2,0,0,0,0,0,0,0,0
122,2017-04-18,09:31:18,600,IH1704,CCFX,2350.8,2349.8,2352.6,123,86758440,13258,13350,2583.4,2113.8,2348.6,2352.8,0,2352.6,0,0,0,2017-04-18,34278600,2350.4,1,0,0,0,0,0,0,0,0,2351.4,3,0,0,0,0,0,0,0,0
123,2017-04-18,09:31:19,100,IH1704,CCFX,2350.8,2349.8,2352.6,123,86758440,13258,13350,2583.4,2113.8,2348.6,2352.8,0,2352.6,0,0,0,2017-04-18,34279100,2350.2,1,0,0,0,0,0,0,0,0,2351.4,6,0,0,0,0,0,0,0,0
124,2017-04-18,09:31:19,600,IH1704,CCFX,2350.8,2349.8,2352.6,123,86758440,13258,13350,2583.4,2113.8,2348.6,2352.8,0,2352.6,0,0,0,2017-04-18,34279600,2350.2,1,0,0,0,0,0,0,0,0,2351.4,7,0,0,0,0,0,0,0,0
125,2017-04-18,09:31:20,100,IH1704,CCFX,2350.8,2349.8,2352.6,123,86758440,13258,13350,2583.4,2113.8,2348.6,2352.8,0,2352.6,0,0,0,2017-04-18,34280100,2350.4,1,0,0,0,0,0,0,0,0,2351.2,2,0,0,0,0,0,0,0,0
126,2017-04-18,09:31:20,600,IH1704,CCFX,2350.8,2349.8,2352.6,123,86758440,13258,13350,2583.4,2113.8,2348.6,2352.8,0,2352.6,0,0,0,2017-04-18,34280600,2350.0,1,0,0,0,0,0,0,0,0,2351.2,6,0,0,0,0,0,0,0,0
127,2017-04-18,09:31:21,100,IH1704,CCFX,2350.8,2349.8,2352.6,123,86758440,13258,13350,2583.4,2113.8,2348.6,2352.8,0,2352.6,0,0,0,2017-04-18,34281100,2350.6,1,0,0,0,0,0,0,0,0,2351.0,1,0,0,0,0,0,0,0,0
128,2017-04-18,09:31:21,600,IH1704,CCFX,2350.6,2349.8,2352.6,124,87463620,13257,13350,2583.4,2113.8,2348.6,2352.8,0,2352.6,0,0,0,2017-04-18,34281600,2350.2,1,0,0,0,0,0,0,0,0,2350.6,1,0,0,0,0,0,0,0,0
129,2017-04-18,09:31:22,100,IH1704,CCFX,2350.6,2349.8,2352.6,124,87463620,13257,13350,2583.4,2113.8,2348.6,2352.8,0,2352.6,0,0,0,2017-04-18,34282100,2350.2,1,0,0,0,0,0,0,0,0,2350.6,5,0,0,0,0,0,0,0,0
130,2017-04-18,09:31:22,600,IH1704,CCFX,2350.6,2349.8,2352.6,124,87463620,13257,13350,2583.4,2113.8,2348.6,2352.8,0,2352.6,0,0,0,2017-04-18,34282600,2350.2,1,0,0,0,0,0,0,0,0,2350.6,4,0,0,0,0,0,0,0,0
131,2017-04-18,09:31:23,600,IH1704,CCFX,2350.6,2349.8,2352.6,124,87463620,13257,13350,2583.4,2113.8,2348.6,2352.8,0,2352.6,0,0,0,2017-04-18,34283600,2350.2,1,0,0,0,0,0,0,0,0,2350.6,4,0,0,0,0,0,0,0,0
132,2017-04-18,09:31:24,600,IH1704,CCFX,2350.6,2349.8,2352.6,124,87463620,13257,13350,2583.4,2113.8,2348.6,2352.8,0,2352.6,0,0,0,2017-04-18,34284600,2350.4,1,0,0,0,0,0,0,0,0,2350.6,4,0,0,0,0,0,0,0,0
133,2017-04-18,09:31:25,600,IH1704,CCFX,2350.6,2349.8,2352.6,124,87463620,13257,13350,2583.4,2113.8,2348.6,2352.8,0,2352.6,0,0,0,2017-04-18,34285600,2350.4,3,0,0,0,0,0,0,0,0,2350.6,4,0,0,0,0,0,0,0,0
134,2017-04-18,09:31:26,100,IH1704,CCFX,2350.6,2349.8,2352.6,126,88873980,13256,13350,2583.4,2113.8,2348.6,2352.8,0,2352.6,0,0,0,2017-04-18,34286100,2350.4,3,0,0,0,0,0,0,0,0,2350.6,2,0,0,0,0,0,0,0,0
135,2017-04-18,09:31:26,600,IH1704,CCFX,2350.6,2349.8,2352.6,127,89579160,13256,13350,2583.4,2113.8,2348.6,2352.8,0,2352.6,0,0,0,2017-04-18,34286600,2350.4,3,0,0,0,0,0,0,0,0,2350.6,1,0,0,0,0,0,0,0,0
136,2017-04-18,09:31:27,100,IH1704,CCFX,2350.6,2349.8,2352.6,127,89579160,13256,13350,2583.4,2113.8,2348.6,2352.8,0,2352.6,0,0,0,2017-04-18,34287100,2350.4,2,0,0,0,0,0,0,0,0,2350.6,1,0,0,0,0,0,0,0,0
137,2017-04-18,09:31:27,600,IH1704,CCFX,2350.6,2349.8,2352.6,127,89579160,13256,13350,2583.4,2113.8,2348.6,2352.8,0,2352.6,0,0,0,2017-04-18,34287600,2350.4,2,0,0,0,0,0,0,0,0,2350.6,1,0,0,0,0,0,0,0,0
138,2017-04-18,09:31:29,600,IH1704,CCFX,2350.6,2349.8,2352.6,127,89579160,13256,13350,2583.4,2113.8,2348.6,2352.8,0,2352.6,0,0,0,2017-04-18,34289600,2350.4,2,0,0,0,0,0,0,0,0,2350.6,1,0,0,0,0,0,0,0,0
139,2017-04-18,09:31:32,600,IH1704,CCFX,2350.4,2349.8,2352.6,128,90284280,13255,13350,2583.4,2113.8,2348.6,2352.8,0,2352.6,0,0,0,2017-04-18,34292600,2350.4,1,0,0,0,0,0,0,0,0,2350.6,1,0,0,0,0,0,0,0,0
140,2017-04-18,09:31:33,100,IH1704,CCFX,2350.4,2349.8,2352.6,129,90989400,13254,13350,2583.4,2113.8,2348.6,2352.8,0,2352.6,0,0,0,2017-04-18,34293100,2350.0,1,0,0,0,0,0,0,0,0,2350.4,1,0,0,0,0,0,0,0,0
141,2017-04-18,09:31:33,600,IH1704,CCFX,2350.2,2349.8,2352.6,131,92399580,13252,13350,2583.4,2113.8,2348.6,2352.8,0,2352.6,0,0,0,2017-04-18,34293600,2350.0,1,0,0,0,0,0,0,0,0,2350.4,1,0,0,0,0,0,0,0,0
142,2017-04-18,09:31:34,100,IH1704,CCFX,2350.2,2349.8,2352.6,131,92399580,13252,13350,2583.4,2113.8,2348.6,2352.8,0,2352.6,0,0,0,2017-04-18,34294100,2350.2,1,0,0,0,0,0,0,0,0,2350.4,1,0,0,0,0,0,0,0,0
143,2017-04-18,09:31:35,600,IH1704,CCFX,2350.2,2349.8,2352.6,131,92399580,13252,13350,2583.4,2113.8,2348.6,2352.8,0,2352.6,0,0,0,2017-04-18,34295600,2350.2,1,0,0,0,0,0,0,0,0,2350.4,1,0,0,0,0,0,0,0,0
144,2017-04-18,09:31:36,100,IH1704,CCFX,2350.4,2349.8,2352.6,132,93104700,13252,13350,2583.4,2113.8,2348.6,2352.8,0,2352.6,0,0,0,2017-04-18,34296100,2350.2,2,0,0,0,0,0,0,0,0,2350.6,1,0,0,0,0,0,0,0,0
145,2017-04-18,09:31:36,600,IH1704,CCFX,2350.6,2349.8,2352.6,133,93809880,13252,13350,2583.4,2113.8,2348.6,2352.8,0,2352.6,0,0,0,2017-04-18,34296600,2350.4,2,0,0,0,0,0,0,0,0,2351.4,1,0,0,0,0,0,0,0,0
146,2017-04-18,09:31:37,100,IH1704,CCFX,2350.6,2349.8,2352.6,133,93809880,13252,13350,2583.4,2113.8,2348.6,2352.8,0,2352.6,0,0,0,2017-04-18,34297100,2350.6,1,0,0,0,0,0,0,0,0,2351.4,1,0,0,0,0,0,0,0,0
147,2017-04-18,09:31:37,600,IH1704,CCFX,2350.6,2349.8,2352.6,134,94515060,13251,13350,2583.4,2113.8,2348.6,2352.8,0,2352.6,0,0,0,2017-04-18,34297600,2350.2,2,0,0,0,0,0,0,0,0,2351.4,1,0,0,0,0,0,0,0,0
148,2017-04-18,09:31:38,100,IH1704,CCFX,2350.6,2349.8,2352.6,134,94515060,13251,13350,2583.4,2113.8,2348.6,2352.8,0,2352.6,0,0,0,2017-04-18,34298100,2350.2,2,0,0,0,0,0,0,0,0,2351.6,2,0,0,0,0,0,0,0,0
149,2017-04-18,09:31:38,600,IH1704,CCFX,2350.6,2349.8,2352.6,134,94515060,13251,13350,2583.4,2113.8,2348.6,2352.8,0,2352.6,0,0,0,2017-04-18,34298600,2350.2,2,0,0,0,0,0,0,0,0,2351.4,3,0,0,0,0,0,0,0,0
150,2017-04-18,09:31:39,100,IH1704,CCFX,2350.6,2349.8,2352.6,134,94515060,13251,13350,2583.4,2113.8,2348.6,2352.8,0,2352.6,0,0,0,2017-04-18,34299100,2350.2,2,0,0,0,0,0,0,0,0,2351.4,3,0,0,0,0,0,0,0,0
151,2017-04-18,09:31:40,100,IH1704,CCFX,2350.6,2349.8,2352.6,134,94515060,13251,13350,2583.4,2113.8,2348.6,2352.8,0,2352.6,0,0,0,2017-04-18,34300100,2350.2,2,0,0,0,0,0,0,0,0,2351.2,1,0,0,0,0,0,0,0,0
152,2017-04-18,09:31:40,600,IH1704,CCFX,2350.6,2349.8,2352.6,134,94515060,13251,13350,2583.4,2113.8,2348.6,2352.8,0,2352.6,0,0,0,2017-04-18,34300600,2350.4,2,0,0,0,0,0,0,0,0,2351.2,1,0,0,0,0,0,0,0,0
153,2017-04-18,09:31:41,100,IH1704,CCFX,2350.6,2349.8,2352.6,134,94515060,13251,13350,2583.4,2113.8,2348.6,2352.8,0,2352.6,0,0,0,2017-04-18,34301100,2350.4,2,0,0,0,0,0,0,0,0,2351.2,2,0,0,0,0,0,0,0,0
154,2017-04-18,09:31:41,600,IH1704,CCFX,2350.6,2349.8,2352.6,134,94515060,13251,13350,2583.4,2113.8,2348.6,2352.8,0,2352.6,0,0,0,2017-04-18,34301600,2350.4,2,0,0,0,0,0,0,0,0,2351.2,2,0,0,0,0,0,0,0,0
155,2017-04-18,09:31:42,100,IH1704,CCFX,2350.6,2349.8,2352.6,134,94515060,13251,13350,2583.4,2113.8,2348.6,2352.8,0,2352.6,0,0,0,2017-04-18,34302100,2350.4,2,0,0,0,0,0,0,0,0,2351.2,2,0,0,0,0,0,0,0,0
156,2017-04-18,09:31:42,600,IH1704,CCFX,2350.6,2349.8,2352.6,134,94515060,13251,13350,2583.4,2113.8,2348.6,2352.8,0,2352.6,0,0,0,2017-04-18,34302600,2350.4,2,0,0,0,0,0,0,0,0,2351.2,2,0,0,0,0,0,0,0,0
157,2017-04-18,09:31:43,600,IH1704,CCFX,2350.6,2349.8,2352.6,134,94515060,13251,13350,2583.4,2113.8,2348.6,2352.8,0,2352.6,0,0,0,2017-04-18,34303600,2350.6,2,0,0,0,0,0,0,0,0,2351.2,2,0,0,0,0,0,0,0,0
158,2017-04-18,09:31:44,100,IH1704,CCFX,2350.6,2349.8,2352.6,135,95220240,13251,13350,2583.4,2113.8,2348.6,2352.8,0,2352.6,0,0,0,2017-04-18,34304100,2350.6,1,0,0,0,0,0,0,0,0,2351.2,2,0,0,0,0,0,0,0,0
159,2017-04-18,09:31:44,600,IH1704,CCFX,2350.6,2349.8,2352.6,135,95220240,13251,13350,2583.4,2113.8,2348.6,2352.8,0,2352.6,0,0,0,2017-04-18,34304600,2350.6,1,0,0,0,0,0,0,0,0,2351.0,2,0,0,0,0,0,0,0,0
160,2017-04-18,09:31:45,600,IH1704,CCFX,2350.6,2349.8,2352.6,136,95925420,13250,13350,2583.4,2113.8,2348.6,2352.8,0,2352.6,0,0,0,2017-04-18,34305600,2350.4,3,0,0,0,0,0,0,0,0,2350.6,2,0,0,0,0,0,0,0,0
161,2017-04-18,09:31:46,100,IH1704,CCFX,2350.6,2349.8,2352.6,136,95925420,13250,13350,2583.4,2113.8,2348.6,2352.8,0,2352.6,0,0,0,2017-04-18,34306100,2350.4,4,0,0,0,0,0,0,0,0,2350.6,5,0,0,0,0,0,0,0,0
162,2017-04-18,09:31:46,600,IH1704,CCFX,2350.6,2349.8,2352.6,136,95925420,13250,13350,2583.4,2113.8,2348.6,2352.8,0,2352.6,0,0,0,2017-04-18,34306600,2350.4,4,0,0,0,0,0,0,0,0,2350.6,5,0,0,0,0,0,0,0,0
163,2017-04-18,09:31:47,100,IH1704,CCFX,2350.4,2349.8,2352.6,137,96630540,13249,13350,2583.4,2113.8,2348.6,2352.8,0,2352.6,0,0,0,2017-04-18,34307100,2350.4,3,0,0,0,0,0,0,0,0,2350.6,5,0,0,0,0,0,0,0,0
164,2017-04-18,09:31:48,100,IH1704,CCFX,2350.4,2349.8,2352.6,138,97335660,13248,13350,2583.4,2113.8,2348.6,2352.8,0,2352.6,0,0,0,2017-04-18,34308100,2350.4,2,0,0,0,0,0,0,0,0,2350.6,5,0,0,0,0,0,0,0,0
165,2017-04-18,09:31:48,600,IH1704,CCFX,2350.4,2349.8,2352.6,140,98745900,13246,13350,2583.4,2113.8,2348.6,2352.8,0,2352.6,0,0,0,2017-04-18,34308600,2350.2,2,0,0,0,0,0,0,0,0,2350.4,2,0,0,0,0,0,0,0,0
166,2017-04-18,09:31:49,100,IH1704,CCFX,2350.4,2349.8,2352.6,141,99451020,13245,13350,2583.4,2113.8,2348.6,2352.8,0,2352.6,0,0,0,2017-04-18,34309100,2350.2,2,0,0,0,0,0,0,0,0,2350.4,4,0,0,0,0,0,0,0,0
167,2017-04-18,09:31:49,600,IH1704,CCFX,2350.2,2349.8,2352.6,143,100861140,13244,13350,2583.4,2113.8,2348.6,2352.8,0,2352.6,0,0,0,2017-04-18,34309600,2350.0,2,0,0,0,0,0,0,0,0,2350.4,6,0,0,0,0,0,0,0,0
168,2017-04-18,09:31:50,100,IH1704,CCFX,2350.2,2349.8,2352.6,144,101566200,13243,13350,2583.4,2113.8,2348.6,2352.8,0,2352.6,0,0,0,2017-04-18,34310100,2350.0,2,0,0,0,0,0,0,0,0,2350.2,1,0,0,0,0,0,0,0,0
169,2017-04-18,09:31:50,600,IH1704,CCFX,2350.0,2349.8,2352.6,146,102976200,13241,13350,2583.4,2113.8,2348.6,2352.8,0,2352.6,0,0,0,2017-04-18,34310600,2349.8,1,0,0,0,0,0,0,0,0,2350.0,1,0,0,0,0,0,0,0,0
170,2017-04-18,09:31:51,100,IH1704,CCFX,2350.0,2349.8,2352.6,147,103681200,13240,13350,2583.4,2113.8,2348.6,2352.8,0,2352.6,0,0,0,2017-04-18,34311100,2349.8,1,0,0,0,0,0,0,0,0,2350.2,3,0,0,0,0,0,0,0,0
171,2017-04-18,09:31:51,600,IH1704,CCFX,2349.8,2349.8,2352.6,148,104386140,13239,13350,2583.4,2113.8,2348.6,2352.8,0,2352.6,0,0,0,2017-04-18,34311600,2349.6,1,0,0,0,0,0,0,0,0,2350.2,3,0,0,0,0,0,0,0,0
172,2017-04-18,09:31:52,100,IH1704,CCFX,2349.8,2349.8,2352.6,148,104386140,13239,13350,2583.4,2113.8,2348.6,2352.8,0,2352.6,0,0,0,2017-04-18,34312100,2349.6,1,0,0,0,0,0,0,0,0,2350.2,3,0,0,0,0,0,0,0,0
173,2017-04-18,09:31:53,600,IH1704,CCFX,2349.8,2349.8,2352.6,148,104386140,13239,13350,2583.4,2113.8,2348.6,2352.8,0,2352.6,0,0,0,2017-04-18,34313600,2349.6,1,0,0,0,0,0,0,0,0,2350.2,3,0,0,0,0,0,0,0,0
174,2017-04-18,09:31:54,100,IH1704,CCFX,2349.8,2349.8,2352.6,148,104386140,13239,13350,2583.4,2113.8,2348.6,2352.8,0,2352.6,0,0,0,2017-04-18,34314100,2349.6,1,0,0,0,0,0,0,0,0,2350.2,3,0,0,0,0,0,0,0,0
175,2017-04-18,09:31:54,600,IH1704,CCFX,2349.8,2349.8,2352.6,148,104386140,13239,13350,2583.4,2113.8,2348.6,2352.8,0,2352.6,0,0,0,2017-04-18,34314600,2349.6,1,0,0,0,0,0,0,0,0,2350.2,2,0,0,0,0,0,0,0,0
176,2017-04-18,09:31:55,600,IH1704,CCFX,2349.8,2349.8,2352.6,148,104386140,13239,13350,2583.4,2113.8,2348.6,2352.8,0,2352.6,0,0,0,2017-04-18,34315600,2349.8,1,0,0,0,0,0,0,0,0,2350.2,2,0,0,0,0,0,0,0,0
177,2017-04-18,09:31:56,100,IH1704,CCFX,2350.2,2349.8,2352.6,149,105091200,13238,13350,2583.4,2113.8,2348.6,2352.8,0,2352.6,0,0,0,2017-04-18,34316100,2350.0,1,0,0,0,0,0,0,0,0,2350.2,1,0,0,0,0,0,0,0,0
178,2017-04-18,09:31:57,600,IH1704,CCFX,2350.2,2349.8,2352.6,149,105091200,13238,13350,2583.4,2113.8,2348.6,2352.8,0,2352.6,0,0,0,2017-04-18,34317600,2350.0,1,0,0,0,0,0,0,0,0,2350.2,1,0,0,0,0,0,0,0,0
179,2017-04-18,09:31:58,100,IH1704,CCFX,2350.2,2349.8,2352.6,149,105091200,13238,13350,2583.4,2113.8,2348.6,2352.8,0,2352.6,0,0,0,2017-04-18,34318100,2349.8,1,0,0,0,0,0,0,0,0,2350.2,1,0,0,0,0,0,0,0,0
180,2017-04-18,09:32:00,600,IH1704,CCFX,2350.2,2349.8,2352.6,149,105091200,13238,13350,2583.4,2113.8,2348.6,2352.8,0,2352.6,0,0,0,2017-04-18,34320600,2349.8,1,0,0,0,0,0,0,0,0,2350.2,1,0,0,0,0,0,0,0,0
181,2017-04-18,09:32:04,600,IH1704,CCFX,2350.2,2349.8,2352.6,149,105091200,13238,13350,2583.4,2113.8,2348.6,2352.8,0,2352.6,0,0,0,2017-04-18,34324600,2350.0,1,0,0,0,0,0,0,0,0,2350.2,1,0,0,0,0,0,0,0,0
182,2017-04-18,09:32:05,600,IH1704,CCFX,2350.0,2349.8,2352.6,150,105796200,13237,13350,2583.4,2113.8,2348.6,2352.8,0,2352.6,0,0,0,2017-04-18,34325600,2349.8,1,0,0,0,0,0,0,0,0,2350.2,1,0,0,0,0,0,0,0,0
183,2017-04-18,09:32:08,600,IH1704,CCFX,2350.0,2349.8,2352.6,150,105796200,13237,13350,2583.4,2113.8,2348.6,2352.8,0,2352.6,0,0,0,2017-04-18,34328600,2349.8,1,0,0,0,0,0,0,0,0,2350.0,1,0,0,0,0,0,0,0,0
184,2017-04-18,09:32:09,100,IH1704,CCFX,2350.0,2349.8,2352.6,151,106501200,13236,13350,2583.4,2113.8,2348.6,2352.8,0,2352.6,0,0,0,2017-04-18,34329100,2350.0,1,0,0,0,0,0,0,0,0,2350.2,1,0,0,0,0,0,0,0,0
185,2017-04-18,09:32:10,100,IH1704,CCFX,2350.0,2349.8,2352.6,151,106501200,13236,13350,2583.4,2113.8,2348.6,2352.8,0,2352.6,0,0,0,2017-04-18,34330100,2350.0,1,0,0,0,0,0,0,0,0,2350.2,1,0,0,0,0,0,0,0,0
186,2017-04-18,09:32:10,600,IH1704,CCFX,2350.2,2349.8,2352.6,152,107206260,13235,13350,2583.4,2113.8,2348.6,2352.8,0,2352.6,0,0,0,2017-04-18,34330600,2350.0,1,0,0,0,0,0,0,0,0,2350.4,5,0,0,0,0,0,0,0,0
187,2017-04-18,09:32:11,100,IH1704,CCFX,2350.4,2349.8,2352.6,153,107911380,13234,13350,2583.4,2113.8,2348.6,2352.8,0,2352.6,0,0,0,2017-04-18,34331100,2350.0,1,0,0,0,0,0,0,0,0,2350.4,4,0,0,0,0,0,0,0,0
188,2017-04-18,09:32:13,600,IH1704,CCFX,2350.4,2349.8,2352.6,153,107911380,13234,13350,2583.4,2113.8,2348.6,2352.8,0,2352.6,0,0,0,2017-04-18,34333600,2350.0,2,0,0,0,0,0,0,0,0,2350.4,4,0,0,0,0,0,0,0,0
189,2017-04-18,09:32:15,600,IH1704,CCFX,2350.0,2349.8,2352.6,154,108616380,13233,13350,2583.4,2113.8,2348.6,2352.8,0,2352.6,0,0,0,2017-04-18,34335600,2350.0,1,0,0,0,0,0,0,0,0,2350.4,4,0,0,0,0,0,0,0,0
190,2017-04-18,09:32:17,600,IH1704,CCFX,2350.0,2349.8,2352.6,154,108616380,13233,13350,2583.4,2113.8,2348.6,2352.8,0,2352.6,0,0,0,2017-04-18,34337600,2350.0,2,0,0,0,0,0,0,0,0,2350.4,4,0,0,0,0,0,0,0,0
191,2017-04-18,09:32:18,100,IH1704,CCFX,2350.0,2349.8,2352.6,154,108616380,13233,13350,2583.4,2113.8,2348.6,2352.8,0,2352.6,0,0,0,2017-04-18,34338100,2350.0,2,0,0,0,0,0,0,0,0,2350.4,3,0,0,0,0,0,0,0,0
192,2017-04-18,09:32:18,600,IH1704,CCFX,2350.0,2349.8,2352.6,154,108616380,13233,13350,2583.4,2113.8,2348.6,2352.8,0,2352.6,0,0,0,2017-04-18,34338600,2350.0,2,0,0,0,0,0,0,0,0,2350.2,1,0,0,0,0,0,0,0,0
193,2017-04-18,09:32:19,100,IH1704,CCFX,2350.0,2349.8,2352.6,154,108616380,13233,13350,2583.4,2113.8,2348.6,2352.8,0,2352.6,0,0,0,2017-04-18,34339100,2350.0,5,0,0,0,0,0,0,0,0,2350.2,1,0,0,0,0,0,0,0,0
194,2017-04-18,09:32:19,600,IH1704,CCFX,2350.2,2349.8,2352.6,155,109321440,13232,13350,2583.4,2113.8,2348.6,2352.8,0,2352.6,0,0,0,2017-04-18,34339600,2350.0,5,0,0,0,0,0,0,0,0,2350.4,3,0,0,0,0,0,0,0,0
195,2017-04-18,09:32:20,100,IH1704,CCFX,2350.0,2349.8,2352.6,156,110026440,13231,13350,2583.4,2113.8,2348.6,2352.8,0,2352.6,0,0,0,2017-04-18,34340100,2350.0,4,0,0,0,0,0,0,0,0,2350.4,3,0,0,0,0,0,0,0,0
196,2017-04-18,09:32:20,600,IH1704,CCFX,2350.0,2349.8,2352.6,157,110731440,13230,13350,2583.4,2113.8,2348.6,2352.8,0,2352.6,0,0,0,2017-04-18,34340600,2350.0,3,0,0,0,0,0,0,0,0,2350.4,3,0,0,0,0,0,0,0,0
197,2017-04-18,09:32:21,100,IH1704,CCFX,2350.0,2349.8,2352.6,157,110731440,13230,13350,2583.4,2113.8,2348.6,2352.8,0,2352.6,0,0,0,2017-04-18,34341100,2350.0,3,0,0,0,0,0,0,0,0,2350.4,3,0,0,0,0,0,0,0,0
198,2017-04-18,09:32:21,600,IH1704,CCFX,2350.0,2349.8,2352.6,157,110731440,13230,13350,2583.4,2113.8,2348.6,2352.8,0,2352.6,0,0,0,2017-04-18,34341600,2350.0,3,0,0,0,0,0,0,0,0,2350.4,3,0,0,0,0,0,0,0,0
199,2017-04-18,09:32:25,600,IH1704,CCFX,2350.4,2349.8,2352.6,158,111436560,13229,13350,2583.4,2113.8,2348.6,2352.8,0,2352.6,0,0,0,2017-04-18,34345600,2350.0,3,0,0,0,0,0,0,0,0,2350.4,2,0,0,0,0,0,0,0,0
200,2017-04-18,09:32:28,600,IH1704,CCFX,2350.0,2349.8,2352.6,163,114961800,13224,13350,2583.4,2113.8,2348.6,2352.8,0,2352.6,0,0,0,2017-04-18,34348600,2349.6,2,0,0,0,0,0,0,0,0,2350.0,1,0,0,0,0,0,0,0,0
201,2017-04-18,09:32:29,100,IH1704,CCFX,2350.0,2349.8,2352.6,164,115666800,13223,13350,2583.4,2113.8,2348.6,2352.8,0,2352.6,0,0,0,2017-04-18,34349100,2350.2,2,0,0,0,0,0,0,0,0,2350.6,5,0,0,0,0,0,0,0,0
202,2017-04-18,09:32:29,600,IH1704,CCFX,2350.2,2349.8,2352.6,166,117076920,13221,13350,2583.4,2113.8,2348.6,2352.8,0,2352.6,0,0,0,2017-04-18,34349600,2349.8,1,0,0,0,0,0,0,0,0,2350.0,3,0,0,0,0,0,0,0,0
203,2017-04-18,09:32:30,100,IH1704,CCFX,2350.2,2349.8,2352.6,166,117076920,13221,13350,2583.4,2113.8,2348.6,2352.8,0,2352.6,0,0,0,2017-04-18,34350100,2349.8,1,0,0,0,0,0,0,0,0,2350.0,2,0,0,0,0,0,0,0,0
204,2017-04-18,09:32:31,600,IH1704,CCFX,2350.2,2349.8,2352.6,166,117076920,13221,13350,2583.4,2113.8,2348.6,2352.8,0,2352.6,0,0,0,2017-04-18,34351600,2350.0,2,0,0,0,0,0,0,0,0,2350.4,5,0,0,0,0,0,0,0,0
205,2017-04-18,09:32:32,100,IH1704,CCFX,2350.0,2349.8,2352.6,167,117781920,13220,13350,2583.4,2113.8,2348.6,2352.8,0,2352.6,0,0,0,2017-04-18,34352100,2350.0,1,0,0,0,0,0,0,0,0,2350.4,5,0,0,0,0,0,0,0,0
206,2017-04-18,09:32:32,600,IH1704,CCFX,2349.8,2349.8,2352.6,169,119191860,13218,13350,2583.4,2113.8,2348.6,2352.8,0,2352.6,0,0,0,2017-04-18,34352600,2349.6,2,0,0,0,0,0,0,0,0,2350.0,1,0,0,0,0,0,0,0,0
207,2017-04-18,09:32:33,100,IH1704,CCFX,2349.6,2349.6,2352.6,170,119896740,13217,13350,2583.4,2113.8,2348.6,2352.8,0,2352.6,0,0,0,2017-04-18,34353100,2349.6,1,0,0,0,0,0,0,0,0,2350.0,1,0,0,0,0,0,0,0,0
208,2017-04-18,09:32:33,600,IH1704,CCFX,2349.6,2349.6,2352.6,170,119896740,13217,13350,2583.4,2113.8,2348.6,2352.8,0,2352.6,0,0,0,2017-04-18,34353600,2349.6,1,0,0,0,0,0,0,0,0,2350.0,1,0,0,0,0,0,0,0,0
209,2017-04-18,09:32:34,100,IH1704,CCFX,2349.6,2349.6,2352.6,170,119896740,13217,13350,2583.4,2113.8,2348.6,2352.8,0,2352.6,0,0,0,2017-04-18,34354100,2349.6,1,0,0,0,0,0,0,0,0,2350.0,1,0,0,0,0,0,0,0,0
210,2017-04-18,09:32:34,600,IH1704,CCFX,2349.6,2349.6,2352.6,170,119896740,13217,13350,2583.4,2113.8,2348.6,2352.8,0,2352.6,0,0,0,2017-04-18,34354600,2349.6,1,0,0,0,0,0,0,0,0,2350.0,1,0,0,0,0,0,0,0,0
211,2017-04-18,09:32:36,600,IH1704,CCFX,2350.2,2349.6,2352.6,171,120601800,13217,13350,2583.4,2113.8,2348.6,2352.8,0,2352.6,0,0,0,2017-04-18,34356600,2349.6,1,0,0,0,0,0,0,0,0,2350.2,1,0,0,0,0,0,0,0,0
212,2017-04-18,09:32:37,100,IH1704,CCFX,2350.2,2349.6,2352.6,171,120601800,13217,13350,2583.4,2113.8,2348.6,2352.8,0,2352.6,0,0,0,2017-04-18,34357100,2349.8,1,0,0,0,0,0,0,0,0,2350.0,1,0,0,0,0,0,0,0,0
213,2017-04-18,09:32:38,600,IH1704,CCFX,2349.8,2349.6,2352.6,172,121306740,13216,13350,2583.4,2113.8,2348.6,2352.8,0,2352.6,0,0,0,2017-04-18,34358600,2349.6,1,0,0,0,0,0,0,0,0,2350.0,1,0,0,0,0,0,0,0,0
214,2017-04-18,09:32:39,100,IH1704,CCFX,2350.0,2349.6,2352.6,173,122011740,13215,13350,2583.4,2113.8,2348.6,2352.8,0,2352.6,0,0,0,2017-04-18,34359100,2350.0,1,0,0,0,0,0,0,0,0,2350.2,1,0,0,0,0,0,0,0,0
215,2017-04-18,09:32:39,600,IH1704,CCFX,2350.0,2349.6,2352.6,174,122716740,13214,13350,2583.4,2113.8,2348.6,2352.8,0,2352.6,0,0,0,2017-04-18,34359600,2349.6,1,0,0,0,0,0,0,0,0,2350.2,1,0,0,0,0,0,0,0,0
216,2017-04-18,09:32:40,600,IH1704,CCFX,2350.0,2349.6,2352.6,174,122716740,13214,13350,2583.4,2113.8,2348.6,2352.8,0,2352.6,0,0,0,2017-04-18,34360600,2349.6,1,0,0,0,0,0,0,0,0,2350.2,1,0,0,0,0,0,0,0,0
217,2017-04-18,09:32:41,100,IH1704,CCFX,2350.0,2349.6,2352.6,174,122716740,13214,13350,2583.4,2113.8,2348.6,2352.8,0,2352.6,0,0,0,2017-04-18,34361100,2349.6,1,0,0,0,0,0,0,0,0,2350.0,2,0,0,0,0,0,0,0,0
218,2017-04-18,09:32:41,600,IH1704,CCFX,2350.0,2349.6,2352.6,174,122716740,13214,13350,2583.4,2113.8,2348.6,2352.8,0,2352.6,0,0,0,2017-04-18,34361600,2349.6,1,0,0,0,0,0,0,0,0,2350.0,2,0,0,0,0,0,0,0,0
219,2017-04-18,09:32:42,100,IH1704,CCFX,2350.0,2349.6,2352.6,174,122716740,13214,13350,2583.4,2113.8,2348.6,2352.8,0,2352.6,0,0,0,2017-04-18,34362100,2349.6,1,0,0,0,0,0,0,0,0,2349.8,1,0,0,0,0,0,0,0,0
220,2017-04-18,09:32:44,100,IH1704,CCFX,2349.6,2349.6,2352.6,175,123421620,13213,13350,2583.4,2113.8,2348.6,2352.8,0,2352.6,0,0,0,2017-04-18,34364100,2349.2,2,0,0,0,0,0,0,0,0,2349.6,4,0,0,0,0,0,0,0,0
221,2017-04-18,09:32:44,600,IH1704,CCFX,2349.4,2349.4,2352.6,176,124126440,13212,13350,2583.4,2113.8,2348.6,2352.8,0,2352.6,0,0,0,2017-04-18,34364600,2349.2,2,0,0,0,0,0,0,0,0,2349.6,4,0,0,0,0,0,0,0,0
222,2017-04-18,09:32:45,100,IH1704,CCFX,2349.4,2349.4,2352.6,176,124126440,13212,13350,2583.4,2113.8,2348.6,2352.8,0,2352.6,0,0,0,2017-04-18,34365100,2349.2,2,0,0,0,0,0,0,0,0,2349.6,4,0,0,0,0,0,0,0,0
223,2017-04-18,09:32:45,600,IH1704,CCFX,2349.4,2349.4,2352.6,176,124126440,13212,13350,2583.4,2113.8,2348.6,2352.8,0,2352.6,0,0,0,2017-04-18,34365600,2349.4,1,0,0,0,0,0,0,0,0,2349.6,4,0,0,0,0,0,0,0,0
224,2017-04-18,09:32:47,600,IH1704,CCFX,2349.4,2349.4,2352.6,177,124831260,13211,13350,2583.4,2113.8,2348.6,2352.8,0,2352.6,0,0,0,2017-04-18,34367600,2349.2,2,0,0,0,0,0,0,0,0,2349.6,4,0,0,0,0,0,0,0,0
225,2017-04-18,09:32:48,100,IH1704,CCFX,2349.4,2349.4,2352.6,177,124831260,13211,13350,2583.4,2113.8,2348.6,2352.8,0,2352.6,0,0,0,2017-04-18,34368100,2349.2,2,0,0,0,0,0,0,0,0,2349.4,2,0,0,0,0,0,0,0,0
226,2017-04-18,09:32:48,600,IH1704,CCFX,2349.4,2349.4,2352.6,177,124831260,13211,13350,2583.4,2113.8,2348.6,2352.8,0,2352.6,0,0,0,2017-04-18,34368600,2349.2,2,0,0,0,0,0,0,0,0,2349.4,2,0,0,0,0,0,0,0,0
227,2017-04-18,09:32:49,100,IH1704,CCFX,2349.2,2349.2,2352.6,179,126240780,13209,13350,2583.4,2113.8,2348.6,2352.8,0,2352.6,0,0,0,2017-04-18,34369100,2349.0,2,0,0,0,0,0,0,0,0,2349.2,2,0,0,0,0,0,0,0,0
228,2017-04-18,09:32:49,600,IH1704,CCFX,2349.2,2349.2,2352.6,180,126945540,13208,13350,2583.4,2113.8,2348.6,2352.8,0,2352.6,0,0,0,2017-04-18,34369600,2349.0,2,0,0,0,0,0,0,0,0,2349.2,1,0,0,0,0,0,0,0,0
229,2017-04-18,09:32:50,100,IH1704,CCFX,2349.0,2349.0,2352.6,181,127650240,13208,13350,2583.4,2113.8,2348.6,2352.8,0,2352.6,0,0,0,2017-04-18,34370100,2349.0,1,0,0,0,0,0,0,0,0,2349.2,1,0,0,0,0,0,0,0,0
230,2017-04-18,09:32:50,600,IH1704,CCFX,2349.0,2349.0,2352.6,182,128354940,13208,13350,2583.4,2113.8,2348.6,2352.8,0,2352.6,0,0,0,2017-04-18,34370600,2348.8,3,0,0,0,0,0,0,0,0,2349.2,1,0,0,0,0,0,0,0,0
231,2017-04-18,09:32:51,100,IH1704,CCFX,2349.0,2349.0,2352.6,182,128354940,13208,13350,2583.4,2113.8,2348.6,2352.8,0,2352.6,0,0,0,2017-04-18,34371100,2348.8,3,0,0,0,0,0,0,0,0,2349.2,1,0,0,0,0,0,0,0,0
232,2017-04-18,09:32:52,100,IH1704,CCFX,2349.0,2349.0,2352.6,182,128354940,13208,13350,2583.4,2113.8,2348.6,2352.8,0,2352.6,0,0,0,2017-04-18,34372100,2348.8,3,0,0,0,0,0,0,0,0,2349.2,1,0,0,0,0,0,0,0,0
233,2017-04-18,09:32:52,600,IH1704,CCFX,2349.0,2349.0,2352.6,182,128354940,13208,13350,2583.4,2113.8,2348.6,2352.8,0,2352.6,0,0,0,2017-04-18,34372600,2348.8,3,0,0,0,0,0,0,0,0,2349.2,1,0,0,0,0,0,0,0,0
234,2017-04-18,09:32:53,100,IH1704,CCFX,2349.0,2349.0,2352.6,182,128354940,13208,13350,2583.4,2113.8,2348.6,2352.8,0,2352.6,0,0,0,2017-04-18,34373100,2348.8,3,0,0,0,0,0,0,0,0,2349.0,1,0,0,0,0,0,0,0,0
235,2017-04-18,09:32:53,600,IH1704,CCFX,2349.0,2349.0,2352.6,182,128354940,13208,13350,2583.4,2113.8,2348.6,2352.8,0,2352.6,0,0,0,2017-04-18,34373600,2348.8,4,0,0,0,0,0,0,0,0,2349.0,1,0,0,0,0,0,0,0,0
236,2017-04-18,09:32:54,100,IH1704,CCFX,2349.0,2348.8,2352.6,184,129764280,13206,13350,2583.4,2113.8,2348.6,2352.8,0,2352.6,0,0,0,2017-04-18,34374100,2348.8,3,0,0,0,0,0,0,0,0,2349.2,1,0,0,0,0,0,0,0,0
237,2017-04-18,09:32:54,600,IH1704,CCFX,2349.2,2348.8,2352.6,185,130469040,13205,13350,2583.4,2113.8,2348.6,2352.8,0,2352.6,0,0,0,2017-04-18,34374600,2348.8,3,0,0,0,0,0,0,0,0,2349.4,2,0,0,0,0,0,0,0,0
238,2017-04-18,09:32:55,600,IH1704,CCFX,2349.2,2348.8,2352.6,185,130469040,13205,13350,2583.4,2113.8,2348.6,2352.8,0,2352.6,0,0,0,2017-04-18,34375600,2349.0,1,0,0,0,0,0,0,0,0,2349.4,2,0,0,0,0,0,0,0,0
239,2017-04-18,09:32:57,600,IH1704,CCFX,2349.2,2348.8,2352.6,185,130469040,13205,13350,2583.4,2113.8,2348.6,2352.8,0,2352.6,0,0,0,2017-04-18,34377600,2349.0,2,0,0,0,0,0,0,0,0,2349.4,2,0,0,0,0,0,0,0,0
240,2017-04-18,09:32:58,100,IH1704,CCFX,2349.2,2348.8,2352.6,185,130469040,13205,13350,2583.4,2113.8,2348.6,2352.8,0,2352.6,0,0,0,2017-04-18,34378100,2349.0,2,0,0,0,0,0,0,0,0,2349.2,1,0,0,0,0,0,0,0,0
241,2017-04-18,09:32:58,600,IH1704,CCFX,2349.0,2348.8,2352.6,186,131173740,13204,13350,2583.4,2113.8,2348.6,2352.8,0,2352.6,0,0,0,2017-04-18,34378600,2349.0,1,0,0,0,0,0,0,0,0,2349.2,1,0,0,0,0,0,0,0,0
242,2017-04-18,09:32:59,100,IH1704,CCFX,2349.0,2348.8,2352.6,187,131878440,13203,13350,2583.4,2113.8,2348.6,2352.8,0,2352.6,0,0,0,2017-04-18,34379100,2348.8,3,0,0,0,0,0,0,0,0,2349.0,3,0,0,0,0,0,0,0,0
243,2017-04-18,09:33:00,100,IH1704,CCFX,2349.0,2348.8,2352.6,188,132583140,13202,13350,2583.4,2113.8,2348.6,2352.8,0,2352.6,0,0,0,2017-04-18,34380100,2348.8,3,0,0,0,0,0,0,0,0,2349.0,2,0,0,0,0,0,0,0,0
244,2017-04-18,09:33:00,600,IH1704,CCFX,2349.0,2348.8,2352.6,191,134697120,13201,13350,2583.4,2113.8,2348.6,2352.8,0,2352.6,0,0,0,2017-04-18,34380600,2348.8,1,0,0,0,0,0,0,0,0,2349.0,3,0,0,0,0,0,0,0,0
245,2017-04-18,09:33:01,100,IH1704,CCFX,2349.0,2348.8,2352.6,191,134697120,13201,13350,2583.4,2113.8,2348.6,2352.8,0,2352.6,0,0,0,2017-04-18,34381100,2348.8,1,0,0,0,0,0,0,0,0,2349.0,3,0,0,0,0,0,0,0,0
246,2017-04-18,09:33:01,600,IH1704,CCFX,2349.0,2348.8,2352.6,192,135401820,13200,13350,2583.4,2113.8,2348.6,2352.8,0,2352.6,0,0,0,2017-04-18,34381600,2348.8,1,0,0,0,0,0,0,0,0,2349.0,2,0,0,0,0,0,0,0,0
247,2017-04-18,09:33:02,100,IH1704,CCFX,2348.8,2348.8,2352.6,193,136106460,13199,13350,2583.4,2113.8,2348.6,2352.8,0,2352.6,0,0,0,2017-04-18,34382100,2348.6,1,0,0,0,0,0,0,0,0,2348.8,3,0,0,0,0,0,0,0,0
248,2017-04-18,09:33:02,600,IH1704,CCFX,2348.8,2348.6,2352.6,196,138220260,13196,13350,2583.4,2113.8,2348.6,2352.8,0,2352.6,0,0,0,2017-04-18,34382600,2348.2,1,0,0,0,0,0,0,0,0,2348.8,2,0,0,0,0,0,0,0,0
249,2017-04-18,09:33:03,100,IH1704,CCFX,2348.8,2348.6,2352.6,196,138220260,13196,13350,2583.4,2113.8,2348.6,2352.8,0,2352.6,0,0,0,2017-04-18,34383100,2348.4,1,0,0,0,0,0,0,0,0,2348.8,2,0,0,0,0,0,0,0,0
250,2017-04-18,09:33:03,600,IH1704,CCFX,2348.8,2348.6,2352.6,197,138924900,13195,13350,2583.4,2113.8,2348.6,2352.8,0,2352.6,0,0,0,2017-04-18,34383600,2348.4,1,0,0,0,0,0,0,0,0,2348.8,1,0,0,0,0,0,0,0,0
251,2017-04-18,09:33:04,100,IH1704,CCFX,2348.8,2348.6,2352.6,198,139629540,13194,13350,2583.4,2113.8,2348.6,2352.8,0,2352.6,0,0,0,2017-04-18,34384100,2348.8,1,0,0,0,0,0,0,0,0,2349.0,2,0,0,0,0,0,0,0,0
252,2017-04-18,09:33:06,100,IH1704,CCFX,2348.8,2348.6,2352.6,199,140334180,13193,13350,2583.4,2113.8,2348.6,2352.8,0,2352.6,0,0,0,2017-04-18,34386100,2348.4,2,0,0,0,0,0,0,0,0,2348.8,1,0,0,0,0,0,0,0,0
253,2017-04-18,09:33:06,600,IH1704,CCFX,2348.8,2348.6,2352.6,199,140334180,13193,13350,2583.4,2113.8,2348.6,2352.8,0,2352.6,0,0,0,2017-04-18,34386600,2348.4,2,0,0,0,0,0,0,0,0,2348.8,1,0,0,0,0,0,0,0,0
254,2017-04-18,09:33:07,100,IH1704,CCFX,2348.8,2348.6,2352.6,199,140334180,13193,13350,2583.4,2113.8,2348.6,2352.8,0,2352.6,0,0,0,2017-04-18,34387100,2348.6,1,0,0,0,0,0,0,0,0,2348.8,1,0,0,0,0,0,0,0,0
255,2017-04-18,09:33:08,100,IH1704,CCFX,2348.8,2348.6,2352.6,200,141038820,13192,13350,2583.4,2113.8,2348.6,2352.8,0,2352.6,0,0,0,2017-04-18,34388100,2348.6,1,0,0,0,0,0,0,0,0,2349.0,2,0,0,0,0,0,0,0,0
256,2017-04-18,09:33:09,100,IH1704,CCFX,2348.8,2348.6,2352.6,200,141038820,13192,13350,2583.4,2113.8,2348.6,2352.8,0,2352.6,0,0,0,2017-04-18,34389100,2348.8,2,0,0,0,0,0,0,0,0,2349.0,2,0,0,0,0,0,0,0,0
257,2017-04-18,09:33:10,600,IH1704,CCFX,2348.8,2348.6,2352.6,200,141038820,13192,13350,2583.4,2113.8,2348.6,2352.8,0,2352.6,0,0,0,2017-04-18,34390600,2348.8,2,0,0,0,0,0,0,0,0,2349.0,2,0,0,0,0,0,0,0,0
258,2017-04-18,09:33:11,100,IH1704,CCFX,2349.0,2348.6,2352.6,202,142448220,13190,13350,2583.4,2113.8,2348.6,2352.8,0,2352.6,0,0,0,2017-04-18,34391100,2349.0,1,0,0,0,0,0,0,0,0,2349.2,2,0,0,0,0,0,0,0,0
259,2017-04-18,09:33:13,100,IH1704,CCFX,2349.2,2348.6,2352.6,203,143152980,13189,13350,2583.4,2113.8,2348.6,2352.8,0,2352.6,0,0,0,2017-04-18,34393100,2349.0,1,0,0,0,0,0,0,0,0,2349.2,1,0,0,0,0,0,0,0,0
260,2017-04-18,09:33:13,600,IH1704,CCFX,2349.2,2348.6,2352.6,203,143152980,13189,13350,2583.4,2113.8,2348.6,2352.8,0,2352.6,0,0,0,2017-04-18,34393600,2349.0,1,0,0,0,0,0,0,0,0,2349.2,1,0,0,0,0,0,0,0,0
261,2017-04-18,09:33:14,100,IH1704,CCFX,2349.2,2348.6,2352.6,203,143152980,13189,13350,2583.4,2113.8,2348.6,2352.8,0,2352.6,0,0,0,2017-04-18,34394100,2349.0,1,0,0,0,0,0,0,0,0,2349.2,1,0,0,0,0,0,0,0,0
262,2017-04-18,09:33:14,600,IH1704,CCFX,2349.2,2348.6,2352.6,204,143857740,13188,13350,2583.4,2113.8,2348.6,2352.8,0,2352.6,0,0,0,2017-04-18,34394600,2349.2,1,0,0,0,0,0,0,0,0,2349.4,2,0,0,0,0,0,0,0,0
263,2017-04-18,09:33:15,100,IH1704,CCFX,2349.2,2348.6,2352.6,205,144562500,13187,13350,2583.4,2113.8,2348.6,2352.8,0,2352.6,0,0,0,2017-04-18,34395100,2349.0,4,0,0,0,0,0,0,0,0,2349.4,2,0,0,0,0,0,0,0,0
264,2017-04-18,09:33:16,100,IH1704,CCFX,2349.0,2348.6,2352.6,207,145971960,13185,13350,2583.4,2113.8,2348.6,2352.8,0,2352.6,0,0,0,2017-04-18,34396100,2349.0,3,0,0,0,0,0,0,0,0,2349.4,2,0,0,0,0,0,0,0,0
265,2017-04-18,09:33:17,100,IH1704,CCFX,2349.0,2348.6,2352.6,207,145971960,13185,13350,2583.4,2113.8,2348.6,2352.8,0,2352.6,0,0,0,2017-04-18,34397100,2349.0,3,0,0,0,0,0,0,0,0,2349.2,1,0,0,0,0,0,0,0,0
266,2017-04-18,09:33:18,600,IH1704,CCFX,2349.0,2348.6,2352.6,207,145971960,13185,13350,2583.4,2113.8,2348.6,2352.8,0,2352.6,0,0,0,2017-04-18,34398600,2349.0,3,0,0,0,0,0,0,0,0,2349.2,1,0,0,0,0,0,0,0,0
267,2017-04-18,09:33:19,100,IH1704,CCFX,2349.0,2348.6,2352.6,207,145971960,13185,13350,2583.4,2113.8,2348.6,2352.8,0,2352.6,0,0,0,2017-04-18,34399100,2349.0,3,0,0,0,0,0,0,0,0,2349.2,1,0,0,0,0,0,0,0,0
268,2017-04-18,09:33:19,600,IH1704,CCFX,2349.2,2348.6,2352.6,208,146676720,13184,13350,2583.4,2113.8,2348.6,2352.8,0,2352.6,0,0,0,2017-04-18,34399600,2349.0,3,0,0,0,0,0,0,0,0,2349.4,2,0,0,0,0,0,0,0,0
269,2017-04-18,09:33:20,100,IH1704,CCFX,2349.2,2348.6,2352.6,208,146676720,13184,13350,2583.4,2113.8,2348.6,2352.8,0,2352.6,0,0,0,2017-04-18,34400100,2349.2,1,0,0,0,0,0,0,0,0,2349.4,2,0,0,0,0,0,0,0,0
270,2017-04-18,09:33:20,600,IH1704,CCFX,2349.2,2348.6,2352.6,209,147381480,13183,13350,2583.4,2113.8,2348.6,2352.8,0,2352.6,0,0,0,2017-04-18,34400600,2349.0,3,0,0,0,0,0,0,0,0,2349.4,2,0,0,0,0,0,0,0,0
271,2017-04-18,09:33:21,100,IH1704,CCFX,2349.2,2348.6,2352.6,209,147381480,13183,13350,2583.4,2113.8,2348.6,2352.8,0,2352.6,0,0,0,2017-04-18,34401100,2349.2,1,0,0,0,0,0,0,0,0,2349.4,2,0,0,0,0,0,0,0,0
272,2017-04-18,09:33:21,600,IH1704,CCFX,2349.4,2348.6,2352.6,211,148791120,13181,13350,2583.4,2113.8,2348.6,2352.8,0,2352.6,0,0,0,2017-04-18,34401600,2349.4,1,0,0,0,0,0,0,0,0,2349.6,3,0,0,0,0,0,0,0,0
273,2017-04-18,09:33:22,100,IH1704,CCFX,2349.4,2348.6,2352.6,211,148791120,13181,13350,2583.4,2113.8,2348.6,2352.8,0,2352.6,0,0,0,2017-04-18,34402100,2349.2,2,0,0,0,0,0,0,0,0,2349.6,3,0,0,0,0,0,0,0,0
274,2017-04-18,09:33:22,600,IH1704,CCFX,2349.4,2348.6,2352.6,211,148791120,13181,13350,2583.4,2113.8,2348.6,2352.8,0,2352.6,0,0,0,2017-04-18,34402600,2349.2,3,0,0,0,0,0,0,0,0,2349.4,1,0,0,0,0,0,0,0,0
275,2017-04-18,09:33:23,100,IH1704,CCFX,2349.2,2348.6,2352.6,213,150200700,13180,13350,2583.4,2113.8,2348.6,2352.8,0,2352.6,0,0,0,2017-04-18,34403100,2349.2,2,0,0,0,0,0,0,0,0,2349.6,3,0,0,0,0,0,0,0,0
276,2017-04-18,09:33:23,600,IH1704,CCFX,2349.0,2348.6,2352.6,217,153019620,13180,13350,2583.4,2113.8,2348.6,2352.8,0,2352.6,0,0,0,2017-04-18,34403600,2349.0,1,0,0,0,0,0,0,0,0,2349.6,3,0,0,0,0,0,0,0,0
277,2017-04-18,09:33:24,100,IH1704,CCFX,2349.0,2348.6,2352.6,218,153724320,13180,13350,2583.4,2113.8,2348.6,2352.8,0,2352.6,0,0,0,2017-04-18,34404100,2348.8,2,0,0,0,0,0,0,0,0,2349.0,1,0,0,0,0,0,0,0,0
278,2017-04-18,09:33:24,600,IH1704,CCFX,2349.0,2348.6,2352.6,219,154429020,13181,13350,2583.4,2113.8,2348.6,2352.8,0,2352.6,0,0,0,2017-04-18,34404600,2349.0,1,0,0,0,0,0,0,0,0,2349.6,3,0,0,0,0,0,0,0,0
279,2017-04-18,09:33:25,100,IH1704,CCFX,2349.0,2348.6,2352.6,219,154429020,13181,13350,2583.4,2113.8,2348.6,2352.8,0,2352.6,0,0,0,2017-04-18,34405100,2349.0,3,0,0,0,0,0,0,0,0,2349.6,3,0,0,0,0,0,0,0,0
280,2017-04-18,09:33:25,600,IH1704,CCFX,2349.0,2348.6,2352.6,219,154429020,13181,13350,2583.4,2113.8,2348.6,2352.8,0,2352.6,0,0,0,2017-04-18,34405600,2349.0,2,0,0,0,0,0,0,0,0,2349.4,2,0,0,0,0,0,0,0,0
281,2017-04-18,09:33:26,100,IH1704,CCFX,2349.0,2348.6,2352.6,219,154429020,13181,13350,2583.4,2113.8,2348.6,2352.8,0,2352.6,0,0,0,2017-04-18,34406100,2349.2,2,0,0,0,0,0,0,0,0,2349.4,2,0,0,0,0,0,0,0,0
282,2017-04-18,09:33:26,600,IH1704,CCFX,2349.2,2348.6,2352.6,220,155133780,13180,13350,2583.4,2113.8,2348.6,2352.8,0,2352.6,0,0,0,2017-04-18,34406600,2349.2,1,0,0,0,0,0,0,0,0,2349.4,2,0,0,0,0,0,0,0,0
283,2017-04-18,09:33:27,100,IH1704,CCFX,2349.4,2348.6,2352.6,221,155838600,13179,13350,2583.4,2113.8,2348.6,2352.8,0,2352.6,0,0,0,2017-04-18,34407100,2349.2,1,0,0,0,0,0,0,0,0,2349.4,1,0,0,0,0,0,0,0,0
284,2017-04-18,09:33:27,600,IH1704,CCFX,2349.2,2348.6,2352.6,223,157248180,13177,13350,2583.4,2113.8,2348.6,2352.8,0,2352.6,0,0,0,2017-04-18,34407600,2349.0,2,0,0,0,0,0,0,0,0,2349.6,3,0,0,0,0,0,0,0,0
285,2017-04-18,09:33:30,100,IH1704,CCFX,2349.6,2348.6,2352.6,224,157953060,13176,13350,2583.4,2113.8,2348.6,2352.8,0,2352.6,0,0,0,2017-04-18,34410100,2349.2,2,0,0,0,0,0,0,0,0,2349.4,2,0,0,0,0,0,0,0,0
286,2017-04-18,09:33:30,600,IH1704,CCFX,2349.6,2348.6,2352.6,228,160772460,13174,13350,2583.4,2113.8,2348.6,2352.8,0,2352.6,0,0,0,2017-04-18,34410600,2349.6,1,0,0,0,0,0,0,0,0,2349.8,1,0,0,0,0,0,0,0,0
287,2017-04-18,09:33:31,100,IH1704,CCFX,2349.8,2348.6,2352.6,229,161477400,13174,13350,2583.4,2113.8,2348.6,2352.8,0,2352.6,0,0,0,2017-04-18,34411100,2349.2,3,0,0,0,0,0,0,0,0,2350.0,2,0,0,0,0,0,0,0,0
288,2017-04-18,09:33:31,600,IH1704,CCFX,2349.8,2348.6,2352.6,229,161477400,13174,13350,2583.4,2113.8,2348.6,2352.8,0,2352.6,0,0,0,2017-04-18,34411600,2349.2,3,0,0,0,0,0,0,0,0,2350.0,2,0,0,0,0,0,0,0,0
289,2017-04-18,09:33:33,100,IH1704,CCFX,2349.2,2348.6,2352.6,230,162182160,13173,13350,2583.4,2113.8,2348.6,2352.8,0,2352.6,0,0,0,2017-04-18,34413100,2349.2,2,0,0,0,0,0,0,0,0,2350.0,2,0,0,0,0,0,0,0,0
290,2017-04-18,09:33:34,600,IH1704,CCFX,2349.2,2348.6,2352.6,230,162182160,13173,13350,2583.4,2113.8,2348.6,2352.8,0,2352.6,0,0,0,2017-04-18,34414600,2349.0,2,0,0,0,0,0,0,0,0,2350.0,2,0,0,0,0,0,0,0,0
291,2017-04-18,09:33:35,100,IH1704,CCFX,2349.2,2348.6,2352.6,230,162182160,13173,13350,2583.4,2113.8,2348.6,2352.8,0,2352.6,0,0,0,2017-04-18,34415100,2349.0,2,0,0,0,0,0,0,0,0,2349.2,1,0,0,0,0,0,0,0,0
292,2017-04-18,09:33:36,100,IH1704,CCFX,2349.2,2348.6,2352.6,230,162182160,13173,13350,2583.4,2113.8,2348.6,2352.8,0,2352.6,0,0,0,2017-04-18,34416100,2349.0,2,0,0,0,0,0,0,0,0,2349.2,1,0,0,0,0,0,0,0,0
293,2017-04-18,09:33:36,600,IH1704,CCFX,2349.2,2348.6,2352.6,231,162886920,13173,13350,2583.4,2113.8,2348.6,2352.8,0,2352.6,0,0,0,2017-04-18,34416600,2349.0,2,0,0,0,0,0,0,0,0,2349.8,1,0,0,0,0,0,0,0,0
294,2017-04-18,09:33:37,100,IH1704,CCFX,2349.2,2348.6,2352.6,231,162886920,13173,13350,2583.4,2113.8,2348.6,2352.8,0,2352.6,0,0,0,2017-04-18,34417100,2349.2,2,0,0,0,0,0,0,0,0,2349.8,1,0,0,0,0,0,0,0,0
295,2017-04-18,09:33:38,100,IH1704,CCFX,2349.2,2348.6,2352.6,231,162886920,13173,13350,2583.4,2113.8,2348.6,2352.8,0,2352.6,0,0,0,2017-04-18,34418100,2349.4,1,0,0,0,0,0,0,0,0,2349.8,1,0,0,0,0,0,0,0,0
296,2017-04-18,09:33:38,600,IH1704,CCFX,2349.2,2348.6,2352.6,231,162886920,13173,13350,2583.4,2113.8,2348.6,2352.8,0,2352.6,0,0,0,2017-04-18,34418600,2349.4,1,0,0,0,0,0,0,0,0,2349.8,1,0,0,0,0,0,0,0,0
297,2017-04-18,09:33:42,600,IH1704,CCFX,2349.2,2348.6,2352.6,231,162886920,13173,13350,2583.4,2113.8,2348.6,2352.8,0,2352.6,0,0,0,2017-04-18,34422600,2349.4,1,0,0,0,0,0,0,0,0,2349.8,1,0,0,0,0,0,0,0,0
298,2017-04-18,09:33:43,600,IH1704,CCFX,2349.2,2348.6,2352.6,231,162886920,13173,13350,2583.4,2113.8,2348.6,2352.8,0,2352.6,0,0,0,2017-04-18,34423600,2349.4,1,0,0,0,0,0,0,0,0,2350.0,2,0,0,0,0,0,0,0,0
299,2017-04-18,09:33:44,600,IH1704,CCFX,2349.2,2348.6,2352.6,231,162886920,13173,13350,2583.4,2113.8,2348.6,2352.8,0,2352.6,0,0,0,2017-04-18,34424600,2349.4,1,0,0,0,0,0,0,0,0,2350.0,2,0,0,0,0,0,0,0,0
300,2017-04-18,09:33:46,100,IH1704,CCFX,2349.2,2348.6,2352.6,231,162886920,13173,13350,2583.4,2113.8,2348.6,2352.8,0,2352.6,0,0,0,2017-04-18,34426100,2349.4,1,0,0,0,0,0,0,0,0,2350.0,2,0,0,0,0,0,0,0,0
301,2017-04-18,09:33:46,600,IH1704,CCFX,2349.2,2348.6,2352.6,231,162886920,13173,13350,2583.4,2113.8,2348.6,2352.8,0,2352.6,0,0,0,2017-04-18,34426600,2349.4,1,0,0,0,0,0,0,0,0,2350.0,3,0,0,0,0,0,0,0,0
302,2017-04-18,09:33:47,100,IH1704,CCFX,2349.2,2348.6,2352.6,231,162886920,13173,13350,2583.4,2113.8,2348.6,2352.8,0,2352.6,0,0,0,2017-04-18,34427100,2349.4,1,0,0,0,0,0,0,0,0,2350.0,3,0,0,0,0,0,0,0,0
303,2017-04-18,09:33:48,100,IH1704,CCFX,2349.2,2348.6,2352.6,231,162886920,13173,13350,2583.4,2113.8,2348.6,2352.8,0,2352.6,0,0,0,2017-04-18,34428100,2349.4,2,0,0,0,0,0,0,0,0,2350.0,3,0,0,0,0,0,0,0,0
304,2017-04-18,09:33:49,100,IH1704,CCFX,2349.2,2348.6,2352.6,231,162886920,13173,13350,2583.4,2113.8,2348.6,2352.8,0,2352.6,0,0,0,2017-04-18,34429100,2349.4,2,0,0,0,0,0,0,0,0,2350.0,3,0,0,0,0,0,0,0,0
305,2017-04-18,09:33:52,100,IH1704,CCFX,2349.2,2348.6,2352.6,231,162886920,13173,13350,2583.4,2113.8,2348.6,2352.8,0,2352.6,0,0,0,2017-04-18,34432100,2349.4,2,0,0,0,0,0,0,0,0,2349.8,1,0,0,0,0,0,0,0,0
306,2017-04-18,09:33:52,600,IH1704,CCFX,2349.8,2348.6,2352.6,232,163591860,13173,13350,2583.4,2113.8,2348.6,2352.8,0,2352.6,0,0,0,2017-04-18,34432600,2349.8,1,0,0,0,0,0,0,0,0,2350.0,3,0,0,0,0,0,0,0,0
307,2017-04-18,09:33:53,100,IH1704,CCFX,2350.0,2348.6,2352.6,233,164296860,13173,13350,2583.4,2113.8,2348.6,2352.8,0,2352.6,0,0,0,2017-04-18,34433100,2349.4,2,0,0,0,0,0,0,0,0,2349.8,1,0,0,0,0,0,0,0,0
308,2017-04-18,09:33:53,600,IH1704,CCFX,2349.8,2348.6,2352.6,234,165001800,13172,13350,2583.4,2113.8,2348.6,2352.8,0,2352.6,0,0,0,2017-04-18,34433600,2349.8,2,0,0,0,0,0,0,0,0,2350.0,2,0,0,0,0,0,0,0,0
309,2017-04-18,09:33:54,100,IH1704,CCFX,2350.0,2348.6,2352.6,236,166411800,13170,13350,2583.4,2113.8,2348.6,2352.8,0,2352.6,0,0,0,2017-04-18,34434100,2349.8,2,0,0,0,0,0,0,0,0,2350.2,1,0,0,0,0,0,0,0,0
310,2017-04-18,09:33:54,600,IH1704,CCFX,2350.2,2348.6,2352.6,237,167116860,13169,13350,2583.4,2113.8,2348.6,2352.8,0,2352.6,0,0,0,2017-04-18,34434600,2349.8,2,0,0,0,0,0,0,0,0,2350.4,1,0,0,0,0,0,0,0,0
311,2017-04-18,09:33:55,100,IH1704,CCFX,2350.2,2348.6,2352.6,237,167116860,13169,13350,2583.4,2113.8,2348.6,2352.8,0,2352.6,0,0,0,2017-04-18,34435100,2350.0,2,0,0,0,0,0,0,0,0,2350.4,1,0,0,0,0,0,0,0,0
312,2017-04-18,09:33:56,100,IH1704,CCFX,2350.4,2348.6,2352.6,238,167821980,13168,13350,2583.4,2113.8,2348.6,2352.8,0,2352.6,0,0,0,2017-04-18,34436100,2350.0,2,0,0,0,0,0,0,0,0,2350.6,6,0,0,0,0,0,0,0,0
313,2017-04-18,09:33:56,600,IH1704,CCFX,2350.4,2348.6,2352.6,238,167821980,13168,13350,2583.4,2113.8,2348.6,2352.8,0,2352.6,0,0,0,2017-04-18,34436600,2350.2,1,0,0,0,0,0,0,0,0,2350.6,6,0,0,0,0,0,0,0,0
314,2017-04-18,09:33:57,100,IH1704,CCFX,2350.4,2348.6,2352.6,238,167821980,13168,13350,2583.4,2113.8,2348.6,2352.8,0,2352.6,0,0,0,2017-04-18,34437100,2350.2,1,0,0,0,0,0,0,0,0,2350.6,6,0,0,0,0,0,0,0,0
315,2017-04-18,09:33:57,600,IH1704,CCFX,2350.4,2348.6,2352.6,239,168527100,13167,13350,2583.4,2113.8,2348.6,2352.8,0,2352.6,0,0,0,2017-04-18,34437600,2350.2,1,0,0,0,0,0,0,0,0,2350.4,1,0,0,0,0,0,0,0,0
316,2017-04-18,09:33:58,100,IH1704,CCFX,2350.2,2348.6,2352.6,241,169937220,13165,13350,2583.4,2113.8,2348.6,2352.8,0,2352.6,0,0,0,2017-04-18,34438100,2350.0,2,0,0,0,0,0,0,0,0,2350.2,3,0,0,0,0,0,0,0,0
317,2017-04-18,09:33:58,600,IH1704,CCFX,2350.2,2348.6,2352.6,241,169937220,13165,13350,2583.4,2113.8,2348.6,2352.8,0,2352.6,0,0,0,2017-04-18,34438600,2350.0,2,0,0,0,0,0,0,0,0,2350.2,6,0,0,0,0,0,0,0,0
318,2017-04-18,09:33:59,100,IH1704,CCFX,2350.0,2348.6,2352.6,243,171347220,13165,13350,2583.4,2113.8,2348.6,2352.8,0,2352.6,0,0,0,2017-04-18,34439100,2349.8,2,0,0,0,0,0,0,0,0,2350.2,6,0,0,0,0,0,0,0,0
319,2017-04-18,09:33:59,600,IH1704,CCFX,2350.0,2348.6,2352.6,243,171347220,13165,13350,2583.4,2113.8,2348.6,2352.8,0,2352.6,0,0,0,2017-04-18,34439600,2349.8,2,0,0,0,0,0,0,0,0,2350.0,1,0,0,0,0,0,0,0,0
320,2017-04-18,09:34:00,100,IH1704,CCFX,2349.8,2348.6,2352.6,244,172052160,13165,13350,2583.4,2113.8,2348.6,2352.8,0,2352.6,0,0,0,2017-04-18,34440100,2349.8,1,0,0,0,0,0,0,0,0,2350.0,1,0,0,0,0,0,0,0,0
321,2017-04-18,09:34:00,600,IH1704,CCFX,2349.8,2348.6,2352.6,245,172757100,13165,13350,2583.4,2113.8,2348.6,2352.8,0,2352.6,0,0,0,2017-04-18,34440600,2349.2,2,0,0,0,0,0,0,0,0,2350.0,1,0,0,0,0,0,0,0,0
322,2017-04-18,09:34:01,100,IH1704,CCFX,2349.8,2348.6,2352.6,245,172757100,13165,13350,2583.4,2113.8,2348.6,2352.8,0,2352.6,0,0,0,2017-04-18,34441100,2349.4,2,0,0,0,0,0,0,0,0,2350.0,1,0,0,0,0,0,0,0,0
323,2017-04-18,09:34:01,600,IH1704,CCFX,2349.8,2348.6,2352.6,245,172757100,13165,13350,2583.4,2113.8,2348.6,2352.8,0,2352.6,0,0,0,2017-04-18,34441600,2349.4,2,0,0,0,0,0,0,0,0,2350.0,2,0,0,0,0,0,0,0,0
324,2017-04-18,09:34:02,100,IH1704,CCFX,2349.8,2348.6,2352.6,245,172757100,13165,13350,2583.4,2113.8,2348.6,2352.8,0,2352.6,0,0,0,2017-04-18,34442100,2349.6,1,0,0,0,0,0,0,0,0,2350.0,2,0,0,0,0,0,0,0,0
325,2017-04-18,09:34:02,600,IH1704,CCFX,2349.8,2348.6,2352.6,245,172757100,13165,13350,2583.4,2113.8,2348.6,2352.8,0,2352.6,0,0,0,2017-04-18,34442600,2349.6,3,0,0,0,0,0,0,0,0,2350.0,2,0,0,0,0,0,0,0,0
326,2017-04-18,09:34:03,100,IH1704,CCFX,2349.8,2348.6,2352.6,245,172757100,13165,13350,2583.4,2113.8,2348.6,2352.8,0,2352.6,0,0,0,2017-04-18,34443100,2349.8,2,0,0,0,0,0,0,0,0,2350.0,2,0,0,0,0,0,0,0,0
327,2017-04-18,09:34:04,100,IH1704,CCFX,2350.0,2348.6,2352.6,248,174872100,13163,13350,2583.4,2113.8,2348.6,2352.8,0,2352.6,0,0,0,2017-04-18,34444100,2349.8,2,0,0,0,0,0,0,0,0,2350.2,6,0,0,0,0,0,0,0,0
328,2017-04-18,09:34:04,600,IH1704,CCFX,2350.0,2348.6,2352.6,248,174872100,13163,13350,2583.4,2113.8,2348.6,2352.8,0,2352.6,0,0,0,2017-04-18,34444600,2349.8,2,0,0,0,0,0,0,0,0,2350.2,6,0,0,0,0,0,0,0,0
329,2017-04-18,09:34:05,100,IH1704,CCFX,2350.0,2348.6,2352.6,248,174872100,13163,13350,2583.4,2113.8,2348.6,2352.8,0,2352.6,0,0,0,2017-04-18,34445100,2350.0,2,0,0,0,0,0,0,0,0,2350.2,6,0,0,0,0,0,0,0,0
330,2017-04-18,09:34:05,600,IH1704,CCFX,2350.0,2348.6,2352.6,248,174872100,13163,13350,2583.4,2113.8,2348.6,2352.8,0,2352.6,0,0,0,2017-04-18,34445600,2350.0,2,0,0,0,0,0,0,0,0,2350.2,6,0,0,0,0,0,0,0,0
331,2017-04-18,09:34:07,600,IH1704,CCFX,2350.0,2348.6,2352.6,248,174872100,13163,13350,2583.4,2113.8,2348.6,2352.8,0,2352.6,0,0,0,2017-04-18,34447600,2350.0,2,0,0,0,0,0,0,0,0,2350.2,6,0,0,0,0,0,0,0,0
332,2017-04-18,09:34:09,600,IH1704,CCFX,2350.2,2348.6,2352.6,249,175577160,13162,13350,2583.4,2113.8,2348.6,2352.8,0,2352.6,0,0,0,2017-04-18,34449600,2350.0,2,0,0,0,0,0,0,0,0,2350.2,5,0,0,0,0,0,0,0,0
333,2017-04-18,09:34:10,100,IH1704,CCFX,2350.2,2348.6,2352.6,249,175577160,13162,13350,2583.4,2113.8,2348.6,2352.8,0,2352.6,0,0,0,2017-04-18,34450100,2349.6,2,0,0,0,0,0,0,0,0,2350.2,5,0,0,0,0,0,0,0,0
334,2017-04-18,09:34:10,600,IH1704,CCFX,2350.2,2348.6,2352.6,250,176282220,13161,13350,2583.4,2113.8,2348.6,2352.8,0,2352.6,0,0,0,2017-04-18,34450600,2349.8,1,0,0,0,0,0,0,0,0,2350.2,4,0,0,0,0,0,0,0,0
335,2017-04-18,09:34:11,100,IH1704,CCFX,2350.2,2348.6,2352.6,252,177692340,13161,13350,2583.4,2113.8,2348.6,2352.8,0,2352.6,0,0,0,2017-04-18,34451100,2349.8,2,0,0,0,0,0,0,0,0,2350.2,2,0,0,0,0,0,0,0,0
336,2017-04-18,09:34:11,600,IH1704,CCFX,2350.2,2348.6,2352.6,254,179102460,13159,13350,2583.4,2113.8,2348.6,2352.8,0,2352.6,0,0,0,2017-04-18,34451600,2350.0,2,0,0,0,0,0,0,0,0,2350.4,2,0,0,0,0,0,0,0,0
337,2017-04-18,09:34:12,100,IH1704,CCFX,2350.2,2348.6,2352.6,255,179807520,13158,13350,2583.4,2113.8,2348.6,2352.8,0,2352.6,0,0,0,2017-04-18,34452100,2350.0,4,0,0,0,0,0,0,0,0,2350.4,2,0,0,0,0,0,0,0,0
338,2017-04-18,09:34:12,600,IH1704,CCFX,2350.2,2348.6,2352.6,255,179807520,13158,13350,2583.4,2113.8,2348.6,2352.8,0,2352.6,0,0,0,2017-04-18,34452600,2350.2,2,0,0,0,0,0,0,0,0,2350.4,2,0,0,0,0,0,0,0,0
339,2017-04-18,09:34:13,100,IH1704,CCFX,2350.4,2348.6,2352.6,257,181217760,13156,13350,2583.4,2113.8,2348.6,2352.8,0,2352.6,0,0,0,2017-04-18,34453100,2350.4,2,0,0,0,0,0,0,0,0,2350.6,6,0,0,0,0,0,0,0,0
340,2017-04-18,09:34:13,600,IH1704,CCFX,2350.4,2348.6,2352.6,257,181217760,13156,13350,2583.4,2113.8,2348.6,2352.8,0,2352.6,0,0,0,2017-04-18,34453600,2350.2,10,0,0,0,0,0,0,0,0,2350.4,1,0,0,0,0,0,0,0,0
341,2017-04-18,09:34:14,100,IH1704,CCFX,2350.4,2348.6,2352.6,258,181922880,13156,13350,2583.4,2113.8,2348.6,2352.8,0,2352.6,0,0,0,2017-04-18,34454100,2350.4,2,0,0,0,0,0,0,0,0,2350.6,6,0,0,0,0,0,0,0,0
342,2017-04-18,09:34:14,600,IH1704,CCFX,2350.4,2348.6,2352.6,258,181922880,13156,13350,2583.4,2113.8,2348.6,2352.8,0,2352.6,0,0,0,2017-04-18,34454600,2350.2,10,0,0,0,0,0,0,0,0,2350.6,6,0,0,0,0,0,0,0,0
343,2017-04-18,09:34:15,100,IH1704,CCFX,2350.6,2348.6,2352.6,259,182628060,13155,13350,2583.4,2113.8,2348.6,2352.8,0,2352.6,0,0,0,2017-04-18,34455100,2350.4,1,0,0,0,0,0,0,0,0,2350.6,5,0,0,0,0,0,0,0,0
344,2017-04-18,09:34:15,600,IH1704,CCFX,2350.6,2348.6,2352.6,260,183333240,13154,13350,2583.4,2113.8,2348.6,2352.8,0,2352.6,0,0,0,2017-04-18,34455600,2350.4,1,0,0,0,0,0,0,0,0,2350.6,4,0,0,0,0,0,0,0,0
345,2017-04-18,09:34:16,100,IH1704,CCFX,2350.6,2348.6,2352.6,260,183333240,13154,13350,2583.4,2113.8,2348.6,2352.8,0,2352.6,0,0,0,2017-04-18,34456100,2350.4,1,0,0,0,0,0,0,0,0,2350.6,4,0,0,0,0,0,0,0,0
346,2017-04-18,09:34:16,600,IH1704,CCFX,2350.6,2348.6,2352.6,260,183333240,13154,13350,2583.4,2113.8,2348.6,2352.8,0,2352.6,0,0,0,2017-04-18,34456600,2350.4,1,0,0,0,0,0,0,0,0,2350.6,4,0,0,0,0,0,0,0,0
347,2017-04-18,09:34:17,600,IH1704,CCFX,2350.6,2348.6,2352.6,262,184743600,13152,13350,2583.4,2113.8,2348.6,2352.8,0,2352.6,0,0,0,2017-04-18,34457600,2350.4,1,0,0,0,0,0,0,0,0,2350.6,2,0,0,0,0,0,0,0,0
348,2017-04-18,09:34:18,600,IH1704,CCFX,2350.6,2348.6,2352.6,262,184743600,13152,13350,2583.4,2113.8,2348.6,2352.8,0,2352.6,0,0,0,2017-04-18,34458600,2350.4,2,0,0,0,0,0,0,0,0,2350.6,2,0,0,0,0,0,0,0,0
349,2017-04-18,09:34:20,600,IH1704,CCFX,2350.6,2348.6,2352.6,264,186153960,13150,13350,2583.4,2113.8,2348.6,2352.8,0,2352.6,0,0,0,2017-04-18,34460600,2350.4,2,0,0,0,0,0,0,0,0,2350.8,1,0,0,0,0,0,0,0,0
350,2017-04-18,09:34:21,600,IH1704,CCFX,2350.6,2348.6,2352.6,264,186153960,13150,13350,2583.4,2113.8,2348.6,2352.8,0,2352.6,0,0,0,2017-04-18,34461600,2350.4,2,0,0,0,0,0,0,0,0,2350.6,1,0,0,0,0,0,0,0,0
351,2017-04-18,09:34:22,100,IH1704,CCFX,2350.6,2348.6,2352.6,265,186859140,13149,13350,2583.4,2113.8,2348.6,2352.8,0,2352.6,0,0,0,2017-04-18,34462100,2350.6,2,0,0,0,0,0,0,0,0,2350.8,1,0,0,0,0,0,0,0,0
352,2017-04-18,09:34:22,600,IH1704,CCFX,2351.0,2348.6,2352.6,268,188974860,13146,13350,2583.4,2113.8,2348.6,2352.8,0,2352.6,0,0,0,2017-04-18,34462600,2350.4,2,0,0,0,0,0,0,0,0,2351.0,2,0,0,0,0,0,0,0,0
353,2017-04-18,09:34:23,100,IH1704,CCFX,2351.0,2348.6,2352.6,268,188974860,13146,13350,2583.4,2113.8,2348.6,2352.8,0,2352.6,0,0,0,2017-04-18,34463100,2350.4,2,0,0,0,0,0,0,0,0,2350.8,1,0,0,0,0,0,0,0,0
354,2017-04-18,09:34:23,600,IH1704,CCFX,2351.0,2348.6,2352.6,268,188974860,13146,13350,2583.4,2113.8,2348.6,2352.8,0,2352.6,0,0,0,2017-04-18,34463600,2350.4,2,0,0,0,0,0,0,0,0,2350.6,2,0,0,0,0,0,0,0,0
355,2017-04-18,09:34:24,100,IH1704,CCFX,2351.0,2348.6,2352.6,268,188974860,13146,13350,2583.4,2113.8,2348.6,2352.8,0,2352.6,0,0,0,2017-04-18,34464100,2350.4,1,0,0,0,0,0,0,0,0,2350.6,2,0,0,0,0,0,0,0,0
356,2017-04-18,09:34:25,100,IH1704,CCFX,2350.6,2348.6,2352.6,269,189680040,13145,13350,2583.4,2113.8,2348.6,2352.8,0,2352.6,0,0,0,2017-04-18,34465100,2349.8,1,0,0,0,0,0,0,0,0,2350.6,1,0,0,0,0,0,0,0,0
357,2017-04-18,09:34:25,600,IH1704,CCFX,2350.6,2348.6,2352.6,269,189680040,13145,13350,2583.4,2113.8,2348.6,2352.8,0,2352.6,0,0,0,2017-04-18,34465600,2350.0,1,0,0,0,0,0,0,0,0,2350.4,2,0,0,0,0,0,0,0,0
358,2017-04-18,09:34:26,100,IH1704,CCFX,2350.6,2348.6,2352.6,269,189680040,13145,13350,2583.4,2113.8,2348.6,2352.8,0,2352.6,0,0,0,2017-04-18,34466100,2350.0,2,0,0,0,0,0,0,0,0,2350.4,2,0,0,0,0,0,0,0,0
359,2017-04-18,09:34:27,100,IH1704,CCFX,2350.6,2348.6,2352.6,269,189680040,13145,13350,2583.4,2113.8,2348.6,2352.8,0,2352.6,0,0,0,2017-04-18,34467100,2350.2,1,0,0,0,0,0,0,0,0,2350.4,2,0,0,0,0,0,0,0,0
360,2017-04-18,09:34:27,600,IH1704,CCFX,2350.4,2348.6,2352.6,270,190385160,13144,13350,2583.4,2113.8,2348.6,2352.8,0,2352.6,0,0,0,2017-04-18,34467600,2350.2,1,0,0,0,0,0,0,0,0,2350.4,1,0,0,0,0,0,0,0,0
361,2017-04-18,09:34:28,100,IH1704,CCFX,2350.4,2348.6,2352.6,270,190385160,13144,13350,2583.4,2113.8,2348.6,2352.8,0,2352.6,0,0,0,2017-04-18,34468100,2350.2,4,0,0,0,0,0,0,0,0,2350.4,1,0,0,0,0,0,0,0,0
362,2017-04-18,09:34:28,600,IH1704,CCFX,2350.4,2348.6,2352.6,271,191090280,13144,13350,2583.4,2113.8,2348.6,2352.8,0,2352.6,0,0,0,2017-04-18,34468600,2350.2,4,0,0,0,0,0,0,0,0,2350.6,1,0,0,0,0,0,0,0,0
363,2017-04-18,09:34:29,600,IH1704,CCFX,2350.4,2348.6,2352.6,271,191090280,13144,13350,2583.4,2113.8,2348.6,2352.8,0,2352.6,0,0,0,2017-04-18,34469600,2350.2,4,0,0,0,0,0,0,0,0,2350.6,1,0,0,0,0,0,0,0,0
364,2017-04-18,09:34:31,100,IH1704,CCFX,2350.4,2348.6,2352.6,271,191090280,13144,13350,2583.4,2113.8,2348.6,2352.8,0,2352.6,0,0,0,2017-04-18,34471100,2350.4,1,0,0,0,0,0,0,0,0,2350.6,1,0,0,0,0,0,0,0,0
365,2017-04-18,09:34:32,600,IH1704,CCFX,2350.4,2348.6,2352.6,272,191795400,13143,13350,2583.4,2113.8,2348.6,2352.8,0,2352.6,0,0,0,2017-04-18,34472600,2350.2,3,0,0,0,0,0,0,0,0,2350.6,1,0,0,0,0,0,0,0,0
366,2017-04-18,09:34:33,600,IH1704,CCFX,2350.4,2348.6,2352.6,272,191795400,13143,13350,2583.4,2113.8,2348.6,2352.8,0,2352.6,0,0,0,2017-04-18,34473600,2350.2,3,0,0,0,0,0,0,0,0,2350.6,1,0,0,0,0,0,0,0,0
367,2017-04-18,09:34:34,100,IH1704,CCFX,2350.4,2348.6,2352.6,272,191795400,13143,13350,2583.4,2113.8,2348.6,2352.8,0,2352.6,0,0,0,2017-04-18,34474100,2350.2,3,0,0,0,0,0,0,0,0,2350.4,2,0,0,0,0,0,0,0,0
368,2017-04-18,09:34:34,600,IH1704,CCFX,2350.4,2348.6,2352.6,274,193205640,13141,13350,2583.4,2113.8,2348.6,2352.8,0,2352.6,0,0,0,2017-04-18,34474600,2350.2,3,0,0,0,0,0,0,0,0,2350.6,1,0,0,0,0,0,0,0,0
369,2017-04-18,09:34:36,600,IH1704,CCFX,2350.6,2348.6,2352.6,275,193910820,13141,13350,2583.4,2113.8,2348.6,2352.8,0,2352.6,0,0,0,2017-04-18,34476600,2350.2,3,0,0,0,0,0,0,0,0,2351.0,3,0,0,0,0,0,0,0,0
370,2017-04-18,09:34:37,100,IH1704,CCFX,2350.6,2348.6,2352.6,275,193910820,13141,13350,2583.4,2113.8,2348.6,2352.8,0,2352.6,0,0,0,2017-04-18,34477100,2350.4,1,0,0,0,0,0,0,0,0,2350.8,1,0,0,0,0,0,0,0,0
371,2017-04-18,09:34:38,600,IH1704,CCFX,2350.6,2348.6,2352.6,275,193910820,13141,13350,2583.4,2113.8,2348.6,2352.8,0,2352.6,0,0,0,2017-04-18,34478600,2350.4,1,0,0,0,0,0,0,0,0,2350.8,1,0,0,0,0,0,0,0,0
372,2017-04-18,09:34:39,600,IH1704,CCFX,2350.4,2348.6,2352.6,276,194615940,13140,13350,2583.4,2113.8,2348.6,2352.8,0,2352.6,0,0,0,2017-04-18,34479600,2350.2,4,0,0,0,0,0,0,0,0,2350.4,2,0,0,0,0,0,0,0,0
373,2017-04-18,09:34:40,100,IH1704,CCFX,2350.4,2348.6,2352.6,278,196026180,13138,13350,2583.4,2113.8,2348.6,2352.8,0,2352.6,0,0,0,2017-04-18,34480100,2350.4,2,0,0,0,0,0,0,0,0,2350.6,2,0,0,0,0,0,0,0,0
374,2017-04-18,09:34:40,600,IH1704,CCFX,2350.4,2348.6,2352.6,278,196026180,13138,13350,2583.4,2113.8,2348.6,2352.8,0,2352.6,0,0,0,2017-04-18,34480600,2350.4,1,0,0,0,0,0,0,0,0,2350.6,2,0,0,0,0,0,0,0,0
375,2017-04-18,09:34:41,100,IH1704,CCFX,2350.6,2348.6,2352.6,279,196731360,13137,13350,2583.4,2113.8,2348.6,2352.8,0,2352.6,0,0,0,2017-04-18,34481100,2350.2,3,0,0,0,0,0,0,0,0,2350.6,1,0,0,0,0,0,0,0,0
376,2017-04-18,09:34:41,600,IH1704,CCFX,2350.6,2348.6,2352.6,279,196731360,13137,13350,2583.4,2113.8,2348.6,2352.8,0,2352.6,0,0,0,2017-04-18,34481600,2350.4,1,0,0,0,0,0,0,0,0,2350.6,2,0,0,0,0,0,0,0,0
377,2017-04-18,09:34:42,600,IH1704,CCFX,2350.6,2348.6,2352.6,279,196731360,13137,13350,2583.4,2113.8,2348.6,2352.8,0,2352.6,0,0,0,2017-04-18,34482600,2350.4,1,0,0,0,0,0,0,0,0,2350.6,2,0,0,0,0,0,0,0,0
378,2017-04-18,09:34:43,600,IH1704,CCFX,2350.6,2348.6,2352.6,281,198141720,13135,13350,2583.4,2113.8,2348.6,2352.8,0,2352.6,0,0,0,2017-04-18,34483600,2350.4,1,0,0,0,0,0,0,0,0,2350.8,2,0,0,0,0,0,0,0,0
379,2017-04-18,09:34:44,100,IH1704,CCFX,2350.6,2348.6,2352.6,281,198141720,13135,13350,2583.4,2113.8,2348.6,2352.8,0,2352.6,0,0,0,2017-04-18,34484100,2350.4,2,0,0,0,0,0,0,0,0,2350.8,2,0,0,0,0,0,0,0,0
380,2017-04-18,09:34:45,100,IH1704,CCFX,2350.6,2348.6,2352.6,281,198141720,13135,13350,2583.4,2113.8,2348.6,2352.8,0,2352.6,0,0,0,2017-04-18,34485100,2350.6,1,0,0,0,0,0,0,0,0,2350.8,2,0,0,0,0,0,0,0,0
381,2017-04-18,09:34:45,600,IH1704,CCFX,2350.8,2348.6,2352.6,282,198846960,13134,13350,2583.4,2113.8,2348.6,2352.8,0,2352.6,0,0,0,2017-04-18,34485600,2350.6,1,0,0,0,0,0,0,0,0,2350.8,1,0,0,0,0,0,0,0,0
382,2017-04-18,09:34:46,600,IH1704,CCFX,2350.8,2348.6,2352.6,283,199552200,13133,13350,2583.4,2113.8,2348.6,2352.8,0,2352.6,0,0,0,2017-04-18,34486600,2350.6,1,0,0,0,0,0,0,0,0,2351.0,2,0,0,0,0,0,0,0,0
383,2017-04-18,09:34:47,100,IH1704,CCFX,2350.8,2348.6,2352.6,283,199552200,13133,13350,2583.4,2113.8,2348.6,2352.8,0,2352.6,0,0,0,2017-04-18,34487100,2350.6,1,0,0,0,0,0,0,0,0,2351.0,2,0,0,0,0,0,0,0,0
384,2017-04-18,09:34:48,600,IH1704,CCFX,2350.8,2348.6,2352.6,283,199552200,13133,13350,2583.4,2113.8,2348.6,2352.8,0,2352.6,0,0,0,2017-04-18,34488600,2350.6,1,0,0,0,0,0,0,0,0,2351.0,2,0,0,0,0,0,0,0,0
385,2017-04-18,09:34:49,100,IH1704,CCFX,2350.8,2348.6,2352.6,283,199552200,13133,13350,2583.4,2113.8,2348.6,2352.8,0,2352.6,0,0,0,2017-04-18,34489100,2350.6,1,0,0,0,0,0,0,0,0,2351.0,2,0,0,0,0,0,0,0,0
386,2017-04-18,09:34:49,600,IH1704,CCFX,2350.8,2348.6,2352.6,283,199552200,13133,13350,2583.4,2113.8,2348.6,2352.8,0,2352.6,0,0,0,2017-04-18,34489600,2350.2,3,0,0,0,0,0,0,0,0,2351.0,2,0,0,0,0,0,0,0,0
387,2017-04-18,09:34:50,100,IH1704,CCFX,2350.4,2348.6,2352.6,284,200257320,13132,13350,2583.4,2113.8,2348.6,2352.8,0,2352.6,0,0,0,2017-04-18,34490100,2350.4,2,0,0,0,0,0,0,0,0,2350.8,1,0,0,0,0,0,0,0,0
388,2017-04-18,09:34:50,600,IH1704,CCFX,2350.4,2348.6,2352.6,284,200257320,13132,13350,2583.4,2113.8,2348.6,2352.8,0,2352.6,0,0,0,2017-04-18,34490600,2350.4,2,0,0,0,0,0,0,0,0,2351.0,2,0,0,0,0,0,0,0,0
389,2017-04-18,09:34:53,600,IH1704,CCFX,2350.4,2348.6,2352.6,284,200257320,13132,13350,2583.4,2113.8,2348.6,2352.8,0,2352.6,0,0,0,2017-04-18,34493600,2350.4,1,0,0,0,0,0,0,0,0,2351.0,2,0,0,0,0,0,0,0,0
390,2017-04-18,09:34:54,100,IH1704,CCFX,2350.4,2348.6,2352.6,284,200257320,13132,13350,2583.4,2113.8,2348.6,2352.8,0,2352.6,0,0,0,2017-04-18,34494100,2350.4,1,0,0,0,0,0,0,0,0,2351.0,2,0,0,0,0,0,0,0,0
391,2017-04-18,09:34:55,100,IH1704,CCFX,2350.4,2348.6,2352.6,284,200257320,13132,13350,2583.4,2113.8,2348.6,2352.8,0,2352.6,0,0,0,2017-04-18,34495100,2350.2,3,0,0,0,0,0,0,0,0,2351.0,2,0,0,0,0,0,0,0,0
392,2017-04-18,09:34:56,600,IH1704,CCFX,2350.4,2348.6,2352.6,284,200257320,13132,13350,2583.4,2113.8,2348.6,2352.8,0,2352.6,0,0,0,2017-04-18,34496600,2350.2,4,0,0,0,0,0,0,0,0,2351.0,2,0,0,0,0,0,0,0,0
393,2017-04-18,09:34:57,100,IH1704,CCFX,2351.0,2348.6,2352.6,286,201667920,13130,13350,2583.4,2113.8,2348.6,2352.8,0,2352.6,0,0,0,2017-04-18,34497100,2351.0,9,0,0,0,0,0,0,0,0,2351.2,2,0,0,0,0,0,0,0,0
394,2017-04-18,09:34:57,600,IH1704,CCFX,2351.0,2348.6,2352.6,286,201667920,13130,13350,2583.4,2113.8,2348.6,2352.8,0,2352.6,0,0,0,2017-04-18,34497600,2351.0,9,0,0,0,0,0,0,0,0,2351.2,2,0,0,0,0,0,0,0,0
395,2017-04-18,09:34:58,100,IH1704,CCFX,2351.2,2348.6,2352.6,288,203078640,13128,13350,2583.4,2113.8,2348.6,2352.8,0,2352.6,0,0,0,2017-04-18,34498100,2351.0,9,0,0,0,0,0,0,0,0,2351.4,1,0,0,0,0,0,0,0,0
396,2017-04-18,09:34:58,600,IH1704,CCFX,2351.2,2348.6,2352.6,289,203784000,13127,13350,2583.4,2113.8,2348.6,2352.8,0,2352.6,0,0,0,2017-04-18,34498600,2351.0,9,0,0,0,0,0,0,0,0,2351.4,1,0,0,0,0,0,0,0,0
397,2017-04-18,09:34:59,100,IH1704,CCFX,2351.4,2348.6,2352.6,290,204489420,13126,13350,2583.4,2113.8,2348.6,2352.8,0,2352.6,0,0,0,2017-04-18,34499100,2351.2,5,0,0,0,0,0,0,0,0,2351.6,2,0,0,0,0,0,0,0,0
398,2017-04-18,09:34:59,600,IH1704,CCFX,2351.4,2348.6,2352.6,290,204489420,13126,13350,2583.4,2113.8,2348.6,2352.8,0,2352.6,0,0,0,2017-04-18,34499600,2351.2,1,0,0,0,0,0,0,0,0,2351.6,3,0,0,0,0,0,0,0,0
399,2017-04-18,09:35:00,100,IH1704,CCFX,2351.6,2348.6,2352.6,291,205194900,13125,13350,2583.4,2113.8,2348.6,2352.8,0,2352.6,0,0,0,2017-04-18,34500100,2351.4,2,0,0,0,0,0,0,0,0,2351.6,2,0,0,0,0,0,0,0,0
400,2017-04-18,09:35:00,600,IH1704,CCFX,2351.6,2348.6,2352.6,291,205194900,13125,13350,2583.4,2113.8,2348.6,2352.8,0,2352.6,0,0,0,2017-04-18,34500600,2351.2,2,0,0,0,0,0,0,0,0,2351.4,1,0,0,0,0,0,0,0,0
401,2017-04-18,09:35:01,100,IH1704,CCFX,2351.4,2348.6,2352.6,292,205900320,13124,13350,2583.4,2113.8,2348.6,2352.8,0,2352.6,0,0,0,2017-04-18,34501100,2351.4,1,0,0,0,0,0,0,0,0,2351.6,2,0,0,0,0,0,0,0,0
402,2017-04-18,09:35:02,100,IH1704,CCFX,2351.4,2348.6,2352.6,292,205900320,13124,13350,2583.4,2113.8,2348.6,2352.8,0,2352.6,0,0,0,2017-04-18,34502100,2351.4,3,0,0,0,0,0,0,0,0,2351.6,2,0,0,0,0,0,0,0,0
403,2017-04-18,09:35:02,600,IH1704,CCFX,2351.4,2348.6,2352.6,292,205900320,13124,13350,2583.4,2113.8,2348.6,2352.8,0,2352.6,0,0,0,2017-04-18,34502600,2351.4,3,0,0,0,0,0,0,0,0,2351.6,2,0,0,0,0,0,0,0,0
404,2017-04-18,09:35:03,100,IH1704,CCFX,2351.4,2348.6,2352.6,292,205900320,13124,13350,2583.4,2113.8,2348.6,2352.8,0,2352.6,0,0,0,2017-04-18,34503100,2351.4,4,0,0,0,0,0,0,0,0,2351.6,2,0,0,0,0,0,0,0,0
405,2017-04-18,09:35:03,600,IH1704,CCFX,2351.4,2348.6,2352.6,292,205900320,13124,13350,2583.4,2113.8,2348.6,2352.8,0,2352.6,0,0,0,2017-04-18,34503600,2351.4,4,0,0,0,0,0,0,0,0,2351.6,2,0,0,0,0,0,0,0,0
406,2017-04-18,09:35:05,600,IH1704,CCFX,2351.2,2348.6,2352.6,297,209427360,13120,13350,2583.4,2113.8,2348.6,2352.8,0,2352.6,0,0,0,2017-04-18,34505600,2351.0,9,0,0,0,0,0,0,0,0,2351.6,2,0,0,0,0,0,0,0,0
407,2017-04-18,09:35:06,100,IH1704,CCFX,2351.2,2348.6,2352.6,297,209427360,13120,13350,2583.4,2113.8,2348.6,2352.8,0,2352.6,0,0,0,2017-04-18,34506100,2351.2,2,0,0,0,0,0,0,0,0,2351.6,2,0,0,0,0,0,0,0,0
408,2017-04-18,09:35:06,600,IH1704,CCFX,2351.2,2348.6,2352.6,297,209427360,13120,13350,2583.4,2113.8,2348.6,2352.8,0,2352.6,0,0,0,2017-04-18,34506600,2351.2,1,0,0,0,0,0,0,0,0,2351.6,2,0,0,0,0,0,0,0,0
409,2017-04-18,09:35:07,100,IH1704,CCFX,2351.2,2348.6,2352.6,297,209427360,13120,13350,2583.4,2113.8,2348.6,2352.8,0,2352.6,0,0,0,2017-04-18,34507100,2351.4,1,0,0,0,0,0,0,0,0,2351.6,2,0,0,0,0,0,0,0,0
410,2017-04-18,09:35:07,600,IH1704,CCFX,2351.4,2348.6,2352.6,298,210132780,13119,13350,2583.4,2113.8,2348.6,2352.8,0,2352.6,0,0,0,2017-04-18,34507600,2351.2,1,0,0,0,0,0,0,0,0,2351.4,1,0,0,0,0,0,0,0,0
411,2017-04-18,09:35:08,600,IH1704,CCFX,2351.2,2348.6,2352.6,299,210838140,13118,13350,2583.4,2113.8,2348.6,2352.8,0,2352.6,0,0,0,2017-04-18,34508600,2351.0,9,0,0,0,0,0,0,0,0,2351.4,1,0,0,0,0,0,0,0,0
412,2017-04-18,09:35:09,100,IH1704,CCFX,2351.2,2348.6,2352.6,299,210838140,13118,13350,2583.4,2113.8,2348.6,2352.8,0,2352.6,0,0,0,2017-04-18,34509100,2351.2,2,0,0,0,0,0,0,0,0,2351.4,1,0,0,0,0,0,0,0,0
413,2017-04-18,09:35:09,600,IH1704,CCFX,2351.4,2348.6,2352.6,300,211543560,13117,13350,2583.4,2113.8,2348.6,2352.8,0,2352.6,0,0,0,2017-04-18,34509600,2351.2,2,0,0,0,0,0,0,0,0,2351.6,2,0,0,0,0,0,0,0,0
414,2017-04-18,09:35:10,100,IH1704,CCFX,2351.4,2348.6,2352.6,300,211543560,13117,13350,2583.4,2113.8,2348.6,2352.8,0,2352.6,0,0,0,2017-04-18,34510100,2351.2,2,0,0,0,0,0,0,0,0,2351.4,2,0,0,0,0,0,0,0,0
415,2017-04-18,09:35:10,600,IH1704,CCFX,2351.2,2348.6,2352.6,301,212248920,13116,13350,2583.4,2113.8,2348.6,2352.8,0,2352.6,0,0,0,2017-04-18,34510600,2351.2,1,0,0,0,0,0,0,0,0,2351.4,2,0,0,0,0,0,0,0,0
416,2017-04-18,09:35:11,100,IH1704,CCFX,2351.2,2348.6,2352.6,302,212954280,13115,13350,2583.4,2113.8,2348.6,2352.8,0,2352.6,0,0,0,2017-04-18,34511100,2351.0,9,0,0,0,0,0,0,0,0,2351.2,2,0,0,0,0,0,0,0,0
417,2017-04-18,09:35:11,600,IH1704,CCFX,2351.0,2348.6,2352.6,303,213659580,13114,13350,2583.4,2113.8,2348.6,2352.8,0,2352.6,0,0,0,2017-04-18,34511600,2351.0,8,0,0,0,0,0,0,0,0,2351.2,2,0,0,0,0,0,0,0,0
418,2017-04-18,09:35:12,100,IH1704,CCFX,2351.2,2348.6,2352.6,304,214364940,13113,13350,2583.4,2113.8,2348.6,2352.8,0,2352.6,0,0,0,2017-04-18,34512100,2351.0,8,0,0,0,0,0,0,0,0,2351.2,1,0,0,0,0,0,0,0,0
419,2017-04-18,09:35:12,600,IH1704,CCFX,2351.0,2348.6,2352.6,305,215070240,13112,13350,2583.4,2113.8,2348.6,2352.8,0,2352.6,0,0,0,2017-04-18,34512600,2351.0,7,0,0,0,0,0,0,0,0,2351.2,1,0,0,0,0,0,0,0,0
420,2017-04-18,09:35:13,100,IH1704,CCFX,2351.0,2348.6,2352.6,306,215775540,13113,13350,2583.4,2113.8,2348.6,2352.8,0,2352.6,0,0,0,2017-04-18,34513100,2351.0,6,0,0,0,0,0,0,0,0,2351.2,2,0,0,0,0,0,0,0,0
421,2017-04-18,09:35:14,100,IH1704,CCFX,2351.0,2348.6,2352.6,310,218596740,13112,13350,2583.4,2113.8,2348.6,2352.8,0,2352.6,0,0,0,2017-04-18,34514100,2351.0,2,0,0,0,0,0,0,0,0,2351.2,4,0,0,0,0,0,0,0,0
422,2017-04-18,09:35:14,600,IH1704,CCFX,2351.0,2348.6,2352.6,312,220007340,13112,13350,2583.4,2113.8,2348.6,2352.8,0,2352.6,0,0,0,2017-04-18,34514600,2350.4,1,0,0,0,0,0,0,0,0,2351.0,3,0,0,0,0,0,0,0,0
423,2017-04-18,09:35:15,100,IH1704,CCFX,2351.0,2348.6,2352.6,312,220007340,13112,13350,2583.4,2113.8,2348.6,2352.8,0,2352.6,0,0,0,2017-04-18,34515100,2350.6,1,0,0,0,0,0,0,0,0,2351.0,3,0,0,0,0,0,0,0,0
424,2017-04-18,09:35:15,600,IH1704,CCFX,2350.6,2348.6,2352.6,313,220712520,13112,13350,2583.4,2113.8,2348.6,2352.8,0,2352.6,0,0,0,2017-04-18,34515600,2350.4,1,0,0,0,0,0,0,0,0,2350.8,1,0,0,0,0,0,0,0,0
425,2017-04-18,09:35:16,100,IH1704,CCFX,2350.4,2348.6,2352.6,314,221417640,13112,13350,2583.4,2113.8,2348.6,2352.8,0,2352.6,0,0,0,2017-04-18,34516100,2350.2,9,0,0,0,0,0,0,0,0,2350.8,1,0,0,0,0,0,0,0,0
426,2017-04-18,09:35:16,600,IH1704,CCFX,2350.4,2348.6,2352.6,314,221417640,13112,13350,2583.4,2113.8,2348.6,2352.8,0,2352.6,0,0,0,2017-04-18,34516600,2350.4,1,0,0,0,0,0,0,0,0,2350.8,2,0,0,0,0,0,0,0,0
427,2017-04-18,09:35:17,600,IH1704,CCFX,2350.4,2348.6,2352.6,314,221417640,13112,13350,2583.4,2113.8,2348.6,2352.8,0,2352.6,0,0,0,2017-04-18,34517600,2350.4,3,0,0,0,0,0,0,0,0,2350.6,1,0,0,0,0,0,0,0,0
428,2017-04-18,09:35:18,100,IH1704,CCFX,2350.4,2348.6,2352.6,316,222827880,13112,13350,2583.4,2113.8,2348.6,2352.8,0,2352.6,0,0,0,2017-04-18,34518100,2350.4,1,0,0,0,0,0,0,0,0,2350.6,1,0,0,0,0,0,0,0,0
429,2017-04-18,09:35:18,600,IH1704,CCFX,2350.4,2348.6,2352.6,317,223533000,13111,13350,2583.4,2113.8,2348.6,2352.8,0,2352.6,0,0,0,2017-04-18,34518600,2350.2,10,0,0,0,0,0,0,0,0,2350.8,2,0,0,0,0,0,0,0,0
430,2017-04-18,09:35:19,100,IH1704,CCFX,2350.4,2348.6,2352.6,317,223533000,13111,13350,2583.4,2113.8,2348.6,2352.8,0,2352.6,0,0,0,2017-04-18,34519100,2350.2,10,0,0,0,0,0,0,0,0,2350.6,2,0,0,0,0,0,0,0,0
431,2017-04-18,09:35:19,600,IH1704,CCFX,2350.6,2348.6,2352.6,318,224238180,13110,13350,2583.4,2113.8,2348.6,2352.8,0,2352.6,0,0,0,2017-04-18,34519600,2350.4,2,0,0,0,0,0,0,0,0,2350.6,1,0,0,0,0,0,0,0,0
432,2017-04-18,09:35:20,100,IH1704,CCFX,2350.6,2348.6,2352.6,318,224238180,13110,13350,2583.4,2113.8,2348.6,2352.8,0,2352.6,0,0,0,2017-04-18,34520100,2350.2,10,0,0,0,0,0,0,0,0,2350.4,1,0,0,0,0,0,0,0,0
433,2017-04-18,09:35:20,600,IH1704,CCFX,2350.4,2348.6,2352.6,319,224943300,13109,13350,2583.4,2113.8,2348.6,2352.8,0,2352.6,0,0,0,2017-04-18,34520600,2350.4,3,0,0,0,0,0,0,0,0,2350.6,1,0,0,0,0,0,0,0,0
434,2017-04-18,09:35:21,100,IH1704,CCFX,2350.4,2348.6,2352.6,320,225648420,13108,13350,2583.4,2113.8,2348.6,2352.8,0,2352.6,0,0,0,2017-04-18,34521100,2350.2,9,0,0,0,0,0,0,0,0,2350.6,1,0,0,0,0,0,0,0,0
435,2017-04-18,09:35:21,600,IH1704,CCFX,2350.4,2348.6,2352.6,320,225648420,13108,13350,2583.4,2113.8,2348.6,2352.8,0,2352.6,0,0,0,2017-04-18,34521600,2350.4,2,0,0,0,0,0,0,0,0,2350.6,1,0,0,0,0,0,0,0,0
436,2017-04-18,09:35:22,100,IH1704,CCFX,2350.4,2348.6,2352.6,320,225648420,13108,13350,2583.4,2113.8,2348.6,2352.8,0,2352.6,0,0,0,2017-04-18,34522100,2350.2,9,0,0,0,0,0,0,0,0,2350.6,1,0,0,0,0,0,0,0,0
437,2017-04-18,09:35:22,600,IH1704,CCFX,2350.4,2348.6,2352.6,321,226353540,13107,13350,2583.4,2113.8,2348.6,2352.8,0,2352.6,0,0,0,2017-04-18,34522600,2350.4,1,0,0,0,0,0,0,0,0,2350.6,1,0,0,0,0,0,0,0,0
438,2017-04-18,09:35:23,100,IH1704,CCFX,2350.6,2348.6,2352.6,322,227058720,13106,13350,2583.4,2113.8,2348.6,2352.8,0,2352.6,0,0,0,2017-04-18,34523100,2350.2,9,0,0,0,0,0,0,0,0,2351.2,4,0,0,0,0,0,0,0,0
439,2017-04-18,09:35:24,100,IH1704,CCFX,2350.6,2348.6,2352.6,322,227058720,13106,13350,2583.4,2113.8,2348.6,2352.8,0,2352.6,0,0,0,2017-04-18,34524100,2350.4,2,0,0,0,0,0,0,0,0,2351.0,1,0,0,0,0,0,0,0,0
440,2017-04-18,09:35:25,100,IH1704,CCFX,2350.6,2348.6,2352.6,322,227058720,13106,13350,2583.4,2113.8,2348.6,2352.8,0,2352.6,0,0,0,2017-04-18,34525100,2350.4,2,0,0,0,0,0,0,0,0,2351.0,1,0,0,0,0,0,0,0,0
441,2017-04-18,09:35:25,600,IH1704,CCFX,2350.6,2348.6,2352.6,322,227058720,13106,13350,2583.4,2113.8,2348.6,2352.8,0,2352.6,0,0,0,2017-04-18,34525600,2350.6,2,0,0,0,0,0,0,0,0,2351.0,1,0,0,0,0,0,0,0,0
442,2017-04-18,09:35:26,100,IH1704,CCFX,2350.6,2348.6,2352.6,322,227058720,13106,13350,2583.4,2113.8,2348.6,2352.8,0,2352.6,0,0,0,2017-04-18,34526100,2350.6,2,0,0,0,0,0,0,0,0,2351.0,2,0,0,0,0,0,0,0,0
443,2017-04-18,09:35:27,100,IH1704,CCFX,2351.0,2348.6,2352.6,323,227764020,13105,13350,2583.4,2113.8,2348.6,2352.8,0,2352.6,0,0,0,2017-04-18,34527100,2350.6,2,0,0,0,0,0,0,0,0,2351.0,1,0,0,0,0,0,0,0,0
444,2017-04-18,09:35:29,100,IH1704,CCFX,2351.0,2348.6,2352.6,323,227764020,13105,13350,2583.4,2113.8,2348.6,2352.8,0,2352.6,0,0,0,2017-04-18,34529100,2350.6,2,0,0,0,0,0,0,0,0,2351.2,4,0,0,0,0,0,0,0,0
445,2017-04-18,09:35:31,100,IH1704,CCFX,2351.0,2348.6,2352.6,323,227764020,13105,13350,2583.4,2113.8,2348.6,2352.8,0,2352.6,0,0,0,2017-04-18,34531100,2350.6,2,0,0,0,0,0,0,0,0,2351.0,1,0,0,0,0,0,0,0,0
446,2017-04-18,09:35:31,600,IH1704,CCFX,2351.0,2348.6,2352.6,323,227764020,13105,13350,2583.4,2113.8,2348.6,2352.8,0,2352.6,0,0,0,2017-04-18,34531600,2350.6,2,0,0,0,0,0,0,0,0,2351.2,4,0,0,0,0,0,0,0,0
447,2017-04-18,09:35:32,100,IH1704,CCFX,2351.0,2348.6,2352.6,323,227764020,13105,13350,2583.4,2113.8,2348.6,2352.8,0,2352.6,0,0,0,2017-04-18,34532100,2350.6,2,0,0,0,0,0,0,0,0,2351.2,5,0,0,0,0,0,0,0,0
448,2017-04-18,09:35:33,100,IH1704,CCFX,2350.6,2348.6,2352.6,324,228469200,13104,13350,2583.4,2113.8,2348.6,2352.8,0,2352.6,0,0,0,2017-04-18,34533100,2350.6,1,0,0,0,0,0,0,0,0,2351.2,5,0,0,0,0,0,0,0,0
449,2017-04-18,09:35:33,600,IH1704,CCFX,2350.6,2348.6,2352.6,324,228469200,13104,13350,2583.4,2113.8,2348.6,2352.8,0,2352.6,0,0,0,2017-04-18,34533600,2350.6,1,0,0,0,0,0,0,0,0,2351.0,1,0,0,0,0,0,0,0,0
450,2017-04-18,09:35:35,600,IH1704,CCFX,2350.6,2348.6,2352.6,324,228469200,13104,13350,2583.4,2113.8,2348.6,2352.8,0,2352.6,0,0,0,2017-04-18,34535600,2350.6,1,0,0,0,0,0,0,0,0,2351.0,1,0,0,0,0,0,0,0,0
451,2017-04-18,09:35:36,600,IH1704,CCFX,2351.0,2348.6,2352.6,325,229174500,13104,13350,2583.4,2113.8,2348.6,2352.8,0,2352.6,0,0,0,2017-04-18,34536600,2350.6,1,0,0,0,0,0,0,0,0,2351.2,4,0,0,0,0,0,0,0,0
452,2017-04-18,09:35:37,100,IH1704,CCFX,2351.2,2348.6,2352.6,327,230585220,13102,13350,2583.4,2113.8,2348.6,2352.8,0,2352.6,0,0,0,2017-04-18,34537100,2350.6,1,0,0,0,0,0,0,0,0,2351.2,2,0,0,0,0,0,0,0,0
453,2017-04-18,09:35:38,100,IH1704,CCFX,2351.2,2348.6,2352.6,327,230585220,13102,13350,2583.4,2113.8,2348.6,2352.8,0,2352.6,0,0,0,2017-04-18,34538100,2350.6,1,0,0,0,0,0,0,0,0,2351.0,1,0,0,0,0,0,0,0,0
454,2017-04-18,09:35:38,600,IH1704,CCFX,2351.0,2348.6,2352.6,328,231290520,13101,13350,2583.4,2113.8,2348.6,2352.8,0,2352.6,0,0,0,2017-04-18,34538600,2350.6,1,0,0,0,0,0,0,0,0,2351.0,2,0,0,0,0,0,0,0,0
455,2017-04-18,09:35:39,100,IH1704,CCFX,2351.0,2348.6,2352.6,328,231290520,13101,13350,2583.4,2113.8,2348.6,2352.8,0,2352.6,0,0,0,2017-04-18,34539100,2350.6,1,0,0,0,0,0,0,0,0,2351.0,2,0,0,0,0,0,0,0,0
456,2017-04-18,09:35:40,100,IH1704,CCFX,2351.0,2348.6,2352.6,329,231995820,13101,13350,2583.4,2113.8,2348.6,2352.8,0,2352.6,0,0,0,2017-04-18,34540100,2350.6,1,0,0,0,0,0,0,0,0,2351.0,1,0,0,0,0,0,0,0,0
457,2017-04-18,09:35:40,600,IH1704,CCFX,2351.0,2348.6,2352.6,330,232701120,13101,13350,2583.4,2113.8,2348.6,2352.8,0,2352.6,0,0,0,2017-04-18,34540600,2351.0,1,0,0,0,0,0,0,0,0,2351.2,2,0,0,0,0,0,0,0,0
458,2017-04-18,09:35:42,100,IH1704,CCFX,2351.2,2348.6,2352.6,331,233406480,13100,13350,2583.4,2113.8,2348.6,2352.8,0,2352.6,0,0,0,2017-04-18,34542100,2351.0,1,0,0,0,0,0,0,0,0,2351.2,1,0,0,0,0,0,0,0,0
459,2017-04-18,09:35:42,600,IH1704,CCFX,2351.2,2348.6,2352.6,332,234111840,13100,13350,2583.4,2113.8,2348.6,2352.8,0,2352.6,0,0,0,2017-04-18,34542600,2351.0,1,0,0,0,0,0,0,0,0,2351.4,1,0,0,0,0,0,0,0,0
460,2017-04-18,09:35:43,100,IH1704,CCFX,2351.4,2348.6,2352.6,333,234817260,13099,13350,2583.4,2113.8,2348.6,2352.8,0,2352.6,0,0,0,2017-04-18,34543100,2351.0,1,0,0,0,0,0,0,0,0,2351.6,1,0,0,0,0,0,0,0,0
461,2017-04-18,09:35:43,600,IH1704,CCFX,2351.0,2348.6,2352.6,334,235522560,13099,13350,2583.4,2113.8,2348.6,2352.8,0,2352.6,0,0,0,2017-04-18,34543600,2350.6,1,0,0,0,0,0,0,0,0,2351.0,1,0,0,0,0,0,0,0,0
462,2017-04-18,09:35:44,100,IH1704,CCFX,2351.0,2348.6,2352.6,336,236933160,13099,13350,2583.4,2113.8,2348.6,2352.8,0,2352.6,0,0,0,2017-04-18,34544100,2350.6,1,0,0,0,0,0,0,0,0,2351.2,1,0,0,0,0,0,0,0,0
463,2017-04-18,09:35:45,100,IH1704,CCFX,2351.2,2348.6,2352.6,337,237638520,13099,13350,2583.4,2113.8,2348.6,2352.8,0,2352.6,0,0,0,2017-04-18,34545100,2350.6,1,0,0,0,0,0,0,0,0,2351.4,1,0,0,0,0,0,0,0,0
464,2017-04-18,09:35:46,600,IH1704,CCFX,2351.2,2348.6,2352.6,337,237638520,13099,13350,2583.4,2113.8,2348.6,2352.8,0,2352.6,0,0,0,2017-04-18,34546600,2350.8,1,0,0,0,0,0,0,0,0,2351.4,1,0,0,0,0,0,0,0,0
465,2017-04-18,09:35:51,600,IH1704,CCFX,2351.2,2348.6,2352.6,337,237638520,13099,13350,2583.4,2113.8,2348.6,2352.8,0,2352.6,0,0,0,2017-04-18,34551600,2351.0,1,0,0,0,0,0,0,0,0,2351.4,1,0,0,0,0,0,0,0,0
466,2017-04-18,09:35:52,600,IH1704,CCFX,2351.2,2348.6,2352.6,337,237638520,13099,13350,2583.4,2113.8,2348.6,2352.8,0,2352.6,0,0,0,2017-04-18,34552600,2351.0,1,0,0,0,0,0,0,0,0,2351.2,2,0,0,0,0,0,0,0,0
467,2017-04-18,09:35:54,600,IH1704,CCFX,2351.2,2348.6,2352.6,337,237638520,13099,13350,2583.4,2113.8,2348.6,2352.8,0,2352.6,0,0,0,2017-04-18,34554600,2351.0,1,0,0,0,0,0,0,0,0,2351.2,2,0,0,0,0,0,0,0,0
468,2017-04-18,09:35:55,100,IH1704,CCFX,2351.2,2348.6,2352.6,339,239049240,13097,13350,2583.4,2113.8,2348.6,2352.8,0,2352.6,0,0,0,2017-04-18,34555100,2351.2,4,0,0,0,0,0,0,0,0,2351.4,1,0,0,0,0,0,0,0,0
469,2017-04-18,09:35:56,600,IH1704,CCFX,2351.2,2348.6,2352.6,339,239049240,13097,13350,2583.4,2113.8,2348.6,2352.8,0,2352.6,0,0,0,2017-04-18,34556600,2351.2,4,0,0,0,0,0,0,0,0,2351.4,1,0,0,0,0,0,0,0,0
470,2017-04-18,09:35:57,100,IH1704,CCFX,2351.4,2348.6,2352.6,342,241165380,13094,13350,2583.4,2113.8,2348.6,2352.8,0,2352.6,0,0,0,2017-04-18,34557100,2351.4,1,0,0,0,0,0,0,0,0,2351.6,1,0,0,0,0,0,0,0,0
471,2017-04-18,09:35:58,100,IH1704,CCFX,2351.2,2348.6,2352.6,344,242576160,13092,13350,2583.4,2113.8,2348.6,2352.8,0,2352.6,0,0,0,2017-04-18,34558100,2351.2,1,0,0,0,0,0,0,0,0,2351.6,1,0,0,0,0,0,0,0,0
472,2017-04-18,09:35:59,100,IH1704,CCFX,2351.2,2348.6,2352.6,344,242576160,13092,13350,2583.4,2113.8,2348.6,2352.8,0,2352.6,0,0,0,2017-04-18,34559100,2351.2,1,0,0,0,0,0,0,0,0,2351.6,1,0,0,0,0,0,0,0,0
473,2017-04-18,09:36:00,600,IH1704,CCFX,2351.2,2348.6,2352.6,345,243281520,13091,13350,2583.4,2113.8,2348.6,2352.8,0,2352.6,0,0,0,2017-04-18,34560600,2350.6,1,0,0,0,0,0,0,0,0,2351.6,1,0,0,0,0,0,0,0,0
474,2017-04-18,09:36:02,100,IH1704,CCFX,2351.2,2348.6,2352.6,345,243281520,13091,13350,2583.4,2113.8,2348.6,2352.8,0,2352.6,0,0,0,2017-04-18,34562100,2350.6,1,0,0,0,0,0,0,0,0,2351.4,2,0,0,0,0,0,0,0,0
475,2017-04-18,09:36:02,600,IH1704,CCFX,2351.2,2348.6,2352.6,345,243281520,13091,13350,2583.4,2113.8,2348.6,2352.8,0,2352.6,0,0,0,2017-04-18,34562600,2350.6,1,0,0,0,0,0,0,0,0,2351.4,3,0,0,0,0,0,0,0,0
476,2017-04-18,09:36:05,100,IH1704,CCFX,2351.2,2348.6,2352.6,345,243281520,13091,13350,2583.4,2113.8,2348.6,2352.8,0,2352.6,0,0,0,2017-04-18,34565100,2350.8,2,0,0,0,0,0,0,0,0,2351.4,3,0,0,0,0,0,0,0,0
477,2017-04-18,09:36:05,600,IH1704,CCFX,2351.2,2348.6,2352.6,345,243281520,13091,13350,2583.4,2113.8,2348.6,2352.8,0,2352.6,0,0,0,2017-04-18,34565600,2350.8,3,0,0,0,0,0,0,0,0,2351.2,1,0,0,0,0,0,0,0,0
478,2017-04-18,09:36:08,100,IH1704,CCFX,2351.2,2348.6,2352.6,345,243281520,13091,13350,2583.4,2113.8,2348.6,2352.8,0,2352.6,0,0,0,2017-04-18,34568100,2350.8,3,0,0,0,0,0,0,0,0,2351.0,1,0,0,0,0,0,0,0,0
479,2017-04-18,09:36:09,100,IH1704,CCFX,2350.8,2348.6,2352.6,346,243986760,13090,13350,2583.4,2113.8,2348.6,2352.8,0,2352.6,0,0,0,2017-04-18,34569100,2350.8,2,0,0,0,0,0,0,0,0,2351.0,1,0,0,0,0,0,0,0,0
480,2017-04-18,09:36:09,600,IH1704,CCFX,2350.8,2348.6,2352.6,347,244692000,13090,13350,2583.4,2113.8,2348.6,2352.8,0,2352.6,0,0,0,2017-04-18,34569600,2350.8,1,0,0,0,0,0,0,0,0,2351.0,1,0,0,0,0,0,0,0,0
481,2017-04-18,09:36:10,100,IH1704,CCFX,2350.8,2348.6,2352.6,348,245397240,13090,13350,2583.4,2113.8,2348.6,2352.8,0,2352.6,0,0,0,2017-04-18,34570100,2350.6,1,0,0,0,0,0,0,0,0,2350.8,4,0,0,0,0,0,0,0,0
482,2017-04-18,09:36:10,600,IH1704,CCFX,2350.6,2348.6,2352.6,349,246102420,13089,13350,2583.4,2113.8,2348.6,2352.8,0,2352.6,0,0,0,2017-04-18,34570600,2350.4,1,0,0,0,0,0,0,0,0,2350.6,1,0,0,0,0,0,0,0,0
483,2017-04-18,09:36:11,100,IH1704,CCFX,2350.6,2348.6,2352.6,349,246102420,13089,13350,2583.4,2113.8,2348.6,2352.8,0,2352.6,0,0,0,2017-04-18,34571100,2350.4,2,0,0,0,0,0,0,0,0,2350.6,1,0,0,0,0,0,0,0,0
484,2017-04-18,09:36:11,600,IH1704,CCFX,2350.6,2348.6,2352.6,349,246102420,13089,13350,2583.4,2113.8,2348.6,2352.8,0,2352.6,0,0,0,2017-04-18,34571600,2350.4,2,0,0,0,0,0,0,0,0,2350.6,1,0,0,0,0,0,0,0,0
485,2017-04-18,09:36:13,100,IH1704,CCFX,2350.4,2348.6,2352.6,350,246807540,13089,13350,2583.4,2113.8,2348.6,2352.8,0,2352.6,0,0,0,2017-04-18,34573100,2350.4,1,0,0,0,0,0,0,0,0,2350.6,1,0,0,0,0,0,0,0,0
486,2017-04-18,09:36:13,600,IH1704,CCFX,2350.4,2348.6,2352.6,350,246807540,13089,13350,2583.4,2113.8,2348.6,2352.8,0,2352.6,0,0,0,2017-04-18,34573600,2350.4,1,0,0,0,0,0,0,0,0,2350.6,1,0,0,0,0,0,0,0,0
487,2017-04-18,09:36:14,600,IH1704,CCFX,2350.4,2348.6,2352.6,350,246807540,13089,13350,2583.4,2113.8,2348.6,2352.8,0,2352.6,0,0,0,2017-04-18,34574600,2350.4,1,0,0,0,0,0,0,0,0,2350.6,1,0,0,0,0,0,0,0,0
488,2017-04-18,09:36:18,600,IH1704,CCFX,2350.4,2348.6,2352.6,351,247512660,13089,13350,2583.4,2113.8,2348.6,2352.8,0,2352.6,0,0,0,2017-04-18,34578600,2350.2,2,0,0,0,0,0,0,0,0,2350.6,1,0,0,0,0,0,0,0,0
489,2017-04-18,09:36:21,600,IH1704,CCFX,2350.4,2348.6,2352.6,351,247512660,13089,13350,2583.4,2113.8,2348.6,2352.8,0,2352.6,0,0,0,2017-04-18,34581600,2350.2,2,0,0,0,0,0,0,0,0,2350.6,1,0,0,0,0,0,0,0,0
490,2017-04-18,09:36:22,100,IH1704,CCFX,2350.4,2348.6,2352.6,351,247512660,13089,13350,2583.4,2113.8,2348.6,2352.8,0,2352.6,0,0,0,2017-04-18,34582100,2350.2,2,0,0,0,0,0,0,0,0,2350.6,1,0,0,0,0,0,0,0,0
491,2017-04-18,09:36:22,600,IH1704,CCFX,2350.4,2348.6,2352.6,351,247512660,13089,13350,2583.4,2113.8,2348.6,2352.8,0,2352.6,0,0,0,2017-04-18,34582600,2350.4,2,0,0,0,0,0,0,0,0,2350.6,1,0,0,0,0,0,0,0,0
492,2017-04-18,09:36:24,600,IH1704,CCFX,2350.4,2348.6,2352.6,353,248922900,13088,13350,2583.4,2113.8,2348.6,2352.8,0,2352.6,0,0,0,2017-04-18,34584600,2350.2,2,0,0,0,0,0,0,0,0,2350.6,3,0,0,0,0,0,0,0,0
493,2017-04-18,09:36:27,100,IH1704,CCFX,2350.4,2348.6,2352.6,353,248922900,13088,13350,2583.4,2113.8,2348.6,2352.8,0,2352.6,0,0,0,2017-04-18,34587100,2350.2,2,0,0,0,0,0,0,0,0,2350.6,3,0,0,0,0,0,0,0,0
494,2017-04-18,09:36:27,600,IH1704,CCFX,2350.4,2348.6,2352.6,353,248922900,13088,13350,2583.4,2113.8,2348.6,2352.8,0,2352.6,0,0,0,2017-04-18,34587600,2350.2,2,0,0,0,0,0,0,0,0,2350.4,2,0,0,0,0,0,0,0,0
495,2017-04-18,09:36:28,600,IH1704,CCFX,2350.4,2348.6,2352.6,354,249628020,13087,13350,2583.4,2113.8,2348.6,2352.8,0,2352.6,0,0,0,2017-04-18,34588600,2350.2,2,0,0,0,0,0,0,0,0,2350.4,1,0,0,0,0,0,0,0,0
496,2017-04-18,09:36:29,600,IH1704,CCFX,2350.2,2348.6,2352.6,355,250333080,13087,13350,2583.4,2113.8,2348.6,2352.8,0,2352.6,0,0,0,2017-04-18,34589600,2350.2,1,0,0,0,0,0,0,0,0,2350.4,1,0,0,0,0,0,0,0,0
497,2017-04-18,09:36:30,100,IH1704,CCFX,2350.2,2348.6,2352.6,357,251743200,13085,13350,2583.4,2113.8,2348.6,2352.8,0,2352.6,0,0,0,2017-04-18,34590100,2350.0,1,0,0,0,0,0,0,0,0,2350.4,1,0,0,0,0,0,0,0,0
498,2017-04-18,09:36:30,600,IH1704,CCFX,2350.2,2348.6,2352.6,357,251743200,13085,13350,2583.4,2113.8,2348.6,2352.8,0,2352.6,0,0,0,2017-04-18,34590600,2350.0,1,0,0,0,0,0,0,0,0,2350.2,1,0,0,0,0,0,0,0,0
