,dataDate,dataTime,dataMillisec,instrumentID,exchangeCD,lastPrice,lowPrice,highPrice,volume,value,openInterest,preOpenInterest,upperLimitPrice,lowerLimitPrice,preSettlementPrice,prevClosePrice,settlementPrice,openPrice,closePrice,preDelta,currDelta,clearingDay,milliSecOffset,bidPrice1,bidVolume1,bidPrice2,bidVolume2,bidPrice3,bidVolume3,bidPrice4,bidVolume4,bidPrice5,bidVolume5,askPrice1,askVolume1,askPrice2,askVolume2,askPrice3,askVolume3,askPrice4,askVolume4,askPrice5,askVolume5
0,2017-04-18,08:59:00,91,jd1709,XDCE,3920,3920,3920,1086,42571200,174212,174644,4095,3705,3900,3932,0,3920,0,0,0,2017-04-18,32340091,3919,9,0,0,0,0,0,0,0,0,3920,26,0,0,0,0,0,0,0,0
1,2017-04-18,08:59:00,91,jd1709,XDCE,3920,3920,3920,1086,42571200,174212,174644,4095,3705,3900,3932,0,3920,0,0,0,2017-04-18,32340091,3919,9,0,0,0,0,0,0,0,0,3920,26,0,0,0,0,0,0,0,0
2,2017-04-18,09:00:00,370,jd1709,XDCE,3921,3919,3921,1148,45001600,174196,174644,4095,3705,3900,3932,0,3920,0,0,0,2017-04-18,32400370,3921,12,0,0,0,0,0,0,0,0,3923,12,0,0,0,0,0,0,0,0
3,2017-04-18,09:00:00,370,jd1709,XDCE,3921,3919,3921,1148,45001600,174196,174644,4095,3705,3900,3932,0,3920,0,0,0,2017-04-18,32400370,3921,12,0,0,0,0,0,0,0,0,3923,12,0,0,0,0,0,0,0,0
4,2017-04-18,09:00:00,872,jd1709,XDCE,3920,3919,3923,1246,48844160,174150,174644,4095,3705,3900,3932,0,3920,0,0,0,2017-04-18,32400872,3920,127,0,0,0,0,0,0,0,0,3921,38,0,0,0,0,0,0,0,0
5,2017-04-18,09:00:00,872,jd1709,XDCE,3920,3919,3923,1246,48844160,174150,174644,4095,3705,3900,3932,0,3920,0,0,0,2017-04-18,32400872,3920,127,0,0,0,0,0,0,0,0,3921,38,0,0,0,0,0,0,0,0
6,2017-04-18,09:00:01,358,jd1709,XDCE,3925,3919,3925,1574,61705380,174020,174644,4095,3705,3900,3932,0,3920,0,0,0,2017-04-18,32401358,3920,82,0,0,0,0,0,0,0,0,3925,13,0,0,0,0,0,0,0,0
7,2017-04-18,09:00:01,358,jd1709,XDCE,3925,3919,3925,1574,61705380,174020,174644,4095,3705,3900,3932,0,3920,0,0,0,2017-04-18,32401358,3920,82,0,0,0,0,0,0,0,0,3925,13,0,0,0,0,0,0,0,0
8,2017-04-18,09:00:01,871,jd1709,XDCE,3920,3919,3925,1638,64214620,174050,174644,4095,3705,3900,3932,0,3920,0,0,0,2017-04-18,32401871,3920,80,0,0,0,0,0,0,0,0,3922,2,0,0,0,0,0,0,0,0
9,2017-04-18,09:00:01,871,jd1709,XDCE,3920,3919,3925,1638,64214620,174050,174644,4095,3705,3900,3932,0,3920,0,0,0,2017-04-18,32401871,3920,80,0,0,0,0,0,0,0,0,3922,2,0,0,0,0,0,0,0,0
10,2017-04-18,09:00:02,352,jd1709,XDCE,3925,3919,3925,1754,68766020,174084,174644,4095,3705,3900,3932,0,3920,0,0,0,2017-04-18,32402352,3923,5,0,0,0,0,0,0,0,0,3925,23,0,0,0,0,0,0,0,0
11,2017-04-18,09:00:02,352,jd1709,XDCE,3925,3919,3925,1754,68766020,174084,174644,4095,3705,3900,3932,0,3920,0,0,0,2017-04-18,32402352,3923,5,0,0,0,0,0,0,0,0,3925,23,0,0,0,0,0,0,0,0
12,2017-04-18,09:00:02,869,jd1709,XDCE,3926,3919,3926,1918,75203360,174110,174644,4095,3705,3900,3932,0,3920,0,0,0,2017-04-18,32402869,3922,1,0,0,0,0,0,0,0,0,3926,47,0,0,0,0,0,0,0,0
13,2017-04-18,09:00:03,350,jd1709,XDCE,3921,3919,3926,1958,76772000,174102,174644,4095,3705,3900,3932,0,3920,0,0,0,2017-04-18,32403350,3921,15,0,0,0,0,0,0,0,0,3922,99,0,0,0,0,0,0,0,0
14,2017-04-18,09:00:03,833,jd1709,XDCE,3922,3919,3926,2024,79360420,174038,174644,4095,3705,3900,3932,0,3920,0,0,0,2017-04-18,32403833,3921,16,0,0,0,0,0,0,0,0,3922,71,0,0,0,0,0,0,0,0
15,2017-04-18,09:00:04,347,jd1709,XDCE,3920,3919,3926,2086,81791300,174066,174644,4095,3705,3900,3932,0,3920,0,0,0,2017-04-18,32404347,3920,87,0,0,0,0,0,0,0,0,3922,67,0,0,0,0,0,0,0,0
16,2017-04-18,09:00:04,864,jd1709,XDCE,3921,3919,3926,2110,82732240,174074,174644,4095,3705,3900,3932,0,3920,0,0,0,2017-04-18,32404864,3920,82,0,0,0,0,0,0,0,0,3921,64,0,0,0,0,0,0,0,0
17,2017-04-18,09:00:05,347,jd1709,XDCE,3921,3919,3926,2190,85868560,174072,174644,4095,3705,3900,3932,0,3920,0,0,0,2017-04-18,32405347,3920,84,0,0,0,0,0,0,0,0,3921,48,0,0,0,0,0,0,0,0
18,2017-04-18,09:00:05,828,jd1709,XDCE,3921,3919,3926,2304,90337500,174110,174644,4095,3705,3900,3932,0,3920,0,0,0,2017-04-18,32405828,3920,33,0,0,0,0,0,0,0,0,3921,21,0,0,0,0,0,0,0,0
19,2017-04-18,09:00:06,359,jd1709,XDCE,3920,3919,3926,2396,93943940,174186,174644,4095,3705,3900,3932,0,3920,0,0,0,2017-04-18,32406359,3919,93,0,0,0,0,0,0,0,0,3920,44,0,0,0,0,0,0,0,0
20,2017-04-18,09:00:06,827,jd1709,XDCE,3920,3919,3926,2426,95119800,174198,174644,4095,3705,3900,3932,0,3920,0,0,0,2017-04-18,32406827,3919,86,0,0,0,0,0,0,0,0,3920,30,0,0,0,0,0,0,0,0
21,2017-04-18,09:00:07,347,jd1709,XDCE,3920,3919,3926,2496,97863720,174198,174644,4095,3705,3900,3932,0,3920,0,0,0,2017-04-18,32407347,3919,85,0,0,0,0,0,0,0,0,3921,23,0,0,0,0,0,0,0,0
22,2017-04-18,09:00:07,870,jd1709,XDCE,3921,3919,3926,2510,98412580,174194,174644,4095,3705,3900,3932,0,3920,0,0,0,2017-04-18,32407870,3920,1,0,0,0,0,0,0,0,0,3921,16,0,0,0,0,0,0,0,0
23,2017-04-18,09:00:08,351,jd1709,XDCE,3921,3919,3926,2572,100843600,174158,174644,4095,3705,3900,3932,0,3920,0,0,0,2017-04-18,32408351,3920,14,0,0,0,0,0,0,0,0,3921,7,0,0,0,0,0,0,0,0
24,2017-04-18,09:00:08,865,jd1709,XDCE,3921,3919,3926,2588,101470940,174158,174644,4095,3705,3900,3932,0,3920,0,0,0,2017-04-18,32408865,3920,22,0,0,0,0,0,0,0,0,3922,72,0,0,0,0,0,0,0,0
25,2017-04-18,09:00:09,346,jd1709,XDCE,3919,3919,3926,2684,105234100,174120,174644,4095,3705,3900,3932,0,3920,0,0,0,2017-04-18,32409346,3919,68,0,0,0,0,0,0,0,0,3921,3,0,0,0,0,0,0,0,0
26,2017-04-18,09:00:09,872,jd1709,XDCE,3921,3919,3926,2690,105469320,174118,174644,4095,3705,3900,3932,0,3920,0,0,0,2017-04-18,32409872,3920,4,0,0,0,0,0,0,0,0,3921,6,0,0,0,0,0,0,0,0
27,2017-04-18,09:00:10,360,jd1709,XDCE,3920,3919,3926,2734,107194200,174106,174644,4095,3705,3900,3932,0,3920,0,0,0,2017-04-18,32410360,3920,3,0,0,0,0,0,0,0,0,3921,8,0,0,0,0,0,0,0,0
28,2017-04-18,09:00:10,844,jd1709,XDCE,3920,3919,3926,2940,115271940,174010,174644,4095,3705,3900,3932,0,3920,0,0,0,2017-04-18,32410844,3921,1,0,0,0,0,0,0,0,0,3922,14,0,0,0,0,0,0,0,0
29,2017-04-18,09:00:11,361,jd1709,XDCE,3923,3919,3926,2990,117233140,173998,174644,4095,3705,3900,3932,0,3920,0,0,0,2017-04-18,32411361,3922,26,0,0,0,0,0,0,0,0,3923,23,0,0,0,0,0,0,0,0
30,2017-04-18,09:00:11,859,jd1709,XDCE,3923,3919,3926,3026,118645300,173974,174644,4095,3705,3900,3932,0,3920,0,0,0,2017-04-18,32411859,3922,20,0,0,0,0,0,0,0,0,3923,12,0,0,0,0,0,0,0,0
31,2017-04-18,09:00:12,831,jd1709,XDCE,3922,3919,3926,3036,119037500,173974,174644,4095,3705,3900,3932,0,3920,0,0,0,2017-04-18,32412831,3922,15,0,0,0,0,0,0,0,0,3923,12,0,0,0,0,0,0,0,0
32,2017-04-18,09:00:13,347,jd1709,XDCE,3921,3919,3926,3112,122017960,173924,174644,4095,3705,3900,3932,0,3920,0,0,0,2017-04-18,32413347,3920,35,0,0,0,0,0,0,0,0,3921,6,0,0,0,0,0,0,0,0
33,2017-04-18,09:00:13,863,jd1709,XDCE,3922,3919,3926,3128,122645320,173916,174644,4095,3705,3900,3932,0,3920,0,0,0,2017-04-18,32413863,3920,32,0,0,0,0,0,0,0,0,3922,2,0,0,0,0,0,0,0,0
34,2017-04-18,09:00:14,346,jd1709,XDCE,3922,3919,3926,3152,123586200,173912,174644,4095,3705,3900,3932,0,3920,0,0,0,2017-04-18,32414346,3920,24,0,0,0,0,0,0,0,0,3923,16,0,0,0,0,0,0,0,0
35,2017-04-18,09:00:14,848,jd1709,XDCE,3921,3919,3926,3196,125311860,173916,174644,4095,3705,3900,3932,0,3920,0,0,0,2017-04-18,32414848,3921,2,0,0,0,0,0,0,0,0,3922,8,0,0,0,0,0,0,0,0
36,2017-04-18,09:00:15,338,jd1709,XDCE,3922,3919,3926,3208,125782460,173916,174644,4095,3705,3900,3932,0,3920,0,0,0,2017-04-18,32415338,3921,3,0,0,0,0,0,0,0,0,3922,5,0,0,0,0,0,0,0,0
37,2017-04-18,09:00:15,846,jd1709,XDCE,3920,3919,3926,3276,128448160,173946,174644,4095,3705,3900,3932,0,3920,0,0,0,2017-04-18,32415846,3919,73,0,0,0,0,0,0,0,0,3920,17,0,0,0,0,0,0,0,0
38,2017-04-18,09:00:16,350,jd1709,XDCE,3923,3919,3926,3326,130408560,173970,174644,4095,3705,3900,3932,0,3920,0,0,0,2017-04-18,32416350,3920,17,0,0,0,0,0,0,0,0,3923,12,0,0,0,0,0,0,0,0
39,2017-04-18,09:00:16,847,jd1709,XDCE,3922,3919,3926,3334,130722320,173962,174644,4095,3705,3900,3932,0,3920,0,0,0,2017-04-18,32416847,3920,28,0,0,0,0,0,0,0,0,3922,3,0,0,0,0,0,0,0,0
40,2017-04-18,09:00:17,327,jd1709,XDCE,3922,3919,3926,3334,130722320,173962,174644,4095,3705,3900,3932,0,3920,0,0,0,2017-04-18,32417327,3920,29,0,0,0,0,0,0,0,0,3922,4,0,0,0,0,0,0,0,0
41,2017-04-18,09:00:17,849,jd1709,XDCE,3922,3919,3926,3344,131114480,173964,174644,4095,3705,3900,3932,0,3920,0,0,0,2017-04-18,32417849,3921,1,0,0,0,0,0,0,0,0,3922,9,0,0,0,0,0,0,0,0
42,2017-04-18,09:00:18,341,jd1709,XDCE,3922,3919,3926,3352,131428240,173964,174644,4095,3705,3900,3932,0,3920,0,0,0,2017-04-18,32418341,3921,4,0,0,0,0,0,0,0,0,3922,10,0,0,0,0,0,0,0,0
43,2017-04-18,09:00:18,847,jd1709,XDCE,3922,3919,3926,3376,132369500,173964,174644,4095,3705,3900,3932,0,3920,0,0,0,2017-04-18,32418847,3921,8,0,0,0,0,0,0,0,0,3922,4,0,0,0,0,0,0,0,0
44,2017-04-18,09:00:19,341,jd1709,XDCE,3922,3919,3926,3382,132604800,173962,174644,4095,3705,3900,3932,0,3920,0,0,0,2017-04-18,32419341,3921,2,0,0,0,0,0,0,0,0,3922,3,0,0,0,0,0,0,0,0
45,2017-04-18,09:00:19,862,jd1709,XDCE,3921,3919,3926,3388,132840060,173962,174644,4095,3705,3900,3932,0,3920,0,0,0,2017-04-18,32419862,3920,30,0,0,0,0,0,0,0,0,3922,5,0,0,0,0,0,0,0,0
46,2017-04-18,09:00:20,332,jd1709,XDCE,3921,3919,3926,3392,132996900,173960,174644,4095,3705,3900,3932,0,3920,0,0,0,2017-04-18,32420332,3920,30,0,0,0,0,0,0,0,0,3921,76,0,0,0,0,0,0,0,0
47,2017-04-18,09:00:20,830,jd1709,XDCE,3921,3919,3926,3404,133467420,173958,174644,4095,3705,3900,3932,0,3920,0,0,0,2017-04-18,32420830,3920,30,0,0,0,0,0,0,0,0,3921,70,0,0,0,0,0,0,0,0
48,2017-04-18,09:00:21,362,jd1709,XDCE,3921,3919,3926,3404,133467420,173958,174644,4095,3705,3900,3932,0,3920,0,0,0,2017-04-18,32421362,3920,38,0,0,0,0,0,0,0,0,3921,69,0,0,0,0,0,0,0,0
49,2017-04-18,09:00:21,866,jd1709,XDCE,3921,3919,3926,3410,133702680,173956,174644,4095,3705,3900,3932,0,3920,0,0,0,2017-04-18,32421866,3920,38,0,0,0,0,0,0,0,0,3921,66,0,0,0,0,0,0,0,0
50,2017-04-18,09:00:22,848,jd1709,XDCE,3921,3919,3926,3438,134800540,173932,174644,4095,3705,3900,3932,0,3920,0,0,0,2017-04-18,32422848,3920,52,0,0,0,0,0,0,0,0,3921,53,0,0,0,0,0,0,0,0
51,2017-04-18,09:00:23,284,jd1709,XDCE,3921,3919,3926,3474,136212100,173912,174644,4095,3705,3900,3932,0,3920,0,0,0,2017-04-18,32423284,3920,52,0,0,0,0,0,0,0,0,3921,35,0,0,0,0,0,0,0,0
52,2017-04-18,09:00:23,801,jd1709,XDCE,3921,3919,3926,3496,137074600,173914,174644,4095,3705,3900,3932,0,3920,0,0,0,2017-04-18,32423801,3920,47,0,0,0,0,0,0,0,0,3921,30,0,0,0,0,0,0,0,0
53,2017-04-18,09:00:24,235,jd1709,XDCE,3921,3919,3926,3586,140602680,173970,174644,4095,3705,3900,3932,0,3920,0,0,0,2017-04-18,32424235,3920,6,0,0,0,0,0,0,0,0,3921,34,0,0,0,0,0,0,0,0
54,2017-04-18,09:00:24,795,jd1709,XDCE,3921,3919,3926,3592,140837940,173968,174644,4095,3705,3900,3932,0,3920,0,0,0,2017-04-18,32424795,3920,19,0,0,0,0,0,0,0,0,3921,23,0,0,0,0,0,0,0,0
55,2017-04-18,09:00:25,356,jd1709,XDCE,3920,3919,3926,3594,140916340,173970,174644,4095,3705,3900,3932,0,3920,0,0,0,2017-04-18,32425356,3920,20,0,0,0,0,0,0,0,0,3921,23,0,0,0,0,0,0,0,0
56,2017-04-18,09:00:25,842,jd1709,XDCE,3920,3919,3926,3598,141073160,173968,174644,4095,3705,3900,3932,0,3920,0,0,0,2017-04-18,32425842,3920,19,0,0,0,0,0,0,0,0,3921,22,0,0,0,0,0,0,0,0
57,2017-04-18,09:00:26,246,jd1709,XDCE,3921,3919,3926,3602,141229980,173966,174644,4095,3705,3900,3932,0,3920,0,0,0,2017-04-18,32426246,3920,18,0,0,0,0,0,0,0,0,3921,22,0,0,0,0,0,0,0,0
58,2017-04-18,09:00:26,815,jd1709,XDCE,3921,3919,3926,3628,142249240,173964,174644,4095,3705,3900,3932,0,3920,0,0,0,2017-04-18,32426815,3920,12,0,0,0,0,0,0,0,0,3921,1,0,0,0,0,0,0,0,0
59,2017-04-18,09:00:27,329,jd1709,XDCE,3921,3919,3926,3650,143111860,173966,174644,4095,3705,3900,3932,0,3920,0,0,0,2017-04-18,32427329,3921,9,0,0,0,0,0,0,0,0,3922,6,0,0,0,0,0,0,0,0
60,2017-04-18,09:00:27,744,jd1709,XDCE,3921,3919,3926,3652,143190280,173968,174644,4095,3705,3900,3932,0,3920,0,0,0,2017-04-18,32427744,3921,9,0,0,0,0,0,0,0,0,3922,7,0,0,0,0,0,0,0,0
61,2017-04-18,09:00:28,312,jd1709,XDCE,3921,3919,3926,3654,143268700,173970,174644,4095,3705,3900,3932,0,3920,0,0,0,2017-04-18,32428312,3921,8,0,0,0,0,0,0,0,0,3922,7,0,0,0,0,0,0,0,0
62,2017-04-18,09:00:28,865,jd1709,XDCE,3920,3919,3926,3694,144836900,173964,174644,4095,3705,3900,3932,0,3920,0,0,0,2017-04-18,32428865,3920,18,0,0,0,0,0,0,0,0,3922,6,0,0,0,0,0,0,0,0
63,2017-04-18,09:00:29,338,jd1709,XDCE,3920,3919,3926,3694,144836900,173964,174644,4095,3705,3900,3932,0,3920,0,0,0,2017-04-18,32429338,3920,18,0,0,0,0,0,0,0,0,3922,5,0,0,0,0,0,0,0,0
64,2017-04-18,09:00:29,848,jd1709,XDCE,3925,3919,3926,3764,147583020,174014,174644,4095,3705,3900,3932,0,3920,0,0,0,2017-04-18,32429848,3921,4,0,0,0,0,0,0,0,0,3924,10,0,0,0,0,0,0,0,0
65,2017-04-18,09:00:30,355,jd1709,XDCE,3923,3919,3926,3806,149230260,173974,174644,4095,3705,3900,3932,0,3920,0,0,0,2017-04-18,32430355,3920,30,0,0,0,0,0,0,0,0,3923,15,0,0,0,0,0,0,0,0
66,2017-04-18,09:00:30,665,jd1709,XDCE,3920,3919,3926,3846,150798260,174008,174644,4095,3705,3900,3932,0,3920,0,0,0,2017-04-18,32430665,3920,15,0,0,0,0,0,0,0,0,3922,5,0,0,0,0,0,0,0,0
67,2017-04-18,09:00:31,368,jd1709,XDCE,3922,3919,3926,3854,151111900,174012,174644,4095,3705,3900,3932,0,3920,0,0,0,2017-04-18,32431368,3920,13,0,0,0,0,0,0,0,0,3922,7,0,0,0,0,0,0,0,0
68,2017-04-18,09:00:31,729,jd1709,XDCE,3922,3919,3926,3856,151190340,174010,174644,4095,3705,3900,3932,0,3920,0,0,0,2017-04-18,32431729,3921,1,0,0,0,0,0,0,0,0,3922,8,0,0,0,0,0,0,0,0
69,2017-04-18,09:00:32,282,jd1709,XDCE,3922,3919,3926,3858,151268780,174010,174644,4095,3705,3900,3932,0,3920,0,0,0,2017-04-18,32432282,3921,21,0,0,0,0,0,0,0,0,3922,7,0,0,0,0,0,0,0,0
70,2017-04-18,09:00:33,358,jd1709,XDCE,3922,3919,3926,3868,151660920,174008,174644,4095,3705,3900,3932,0,3920,0,0,0,2017-04-18,32433358,3921,20,0,0,0,0,0,0,0,0,3923,13,0,0,0,0,0,0,0,0
71,2017-04-18,09:00:33,870,jd1709,XDCE,3923,3919,3926,3888,152445520,174008,174644,4095,3705,3900,3932,0,3920,0,0,0,2017-04-18,32433870,3922,12,0,0,0,0,0,0,0,0,3923,3,0,0,0,0,0,0,0,0
72,2017-04-18,09:00:34,348,jd1709,XDCE,3922,3919,3926,3928,154014360,173974,174644,4095,3705,3900,3932,0,3920,0,0,0,2017-04-18,32434348,3922,11,0,0,0,0,0,0,0,0,3923,1,0,0,0,0,0,0,0,0
73,2017-04-18,09:00:34,845,jd1709,XDCE,3922,3919,3926,3928,154014360,173974,174644,4095,3705,3900,3932,0,3920,0,0,0,2017-04-18,32434845,3922,31,0,0,0,0,0,0,0,0,3923,1,0,0,0,0,0,0,0,0
74,2017-04-18,09:00:35,281,jd1709,XDCE,3923,3919,3926,3930,154092820,173972,174644,4095,3705,3900,3932,0,3920,0,0,0,2017-04-18,32435281,3923,3,0,0,0,0,0,0,0,0,3924,7,0,0,0,0,0,0,0,0
75,2017-04-18,09:00:35,795,jd1709,XDCE,3923,3919,3926,4032,158093260,173910,174644,4095,3705,3900,3932,0,3920,0,0,0,2017-04-18,32435795,3923,3,0,0,0,0,0,0,0,0,3924,7,0,0,0,0,0,0,0,0
76,2017-04-18,09:00:36,351,jd1709,XDCE,3923,3919,3926,4038,158328680,173906,174644,4095,3705,3900,3932,0,3920,0,0,0,2017-04-18,32436351,3923,7,0,0,0,0,0,0,0,0,3924,7,0,0,0,0,0,0,0,0
77,2017-04-18,09:00:36,711,jd1709,XDCE,3923,3919,3926,4040,158407140,173906,174644,4095,3705,3900,3932,0,3920,0,0,0,2017-04-18,32436711,3923,6,0,0,0,0,0,0,0,0,3924,7,0,0,0,0,0,0,0,0
78,2017-04-18,09:00:37,351,jd1709,XDCE,3923,3919,3926,4046,158642560,173900,174644,4095,3705,3900,3932,0,3920,0,0,0,2017-04-18,32437351,3923,5,0,0,0,0,0,0,0,0,3924,8,0,0,0,0,0,0,0,0
79,2017-04-18,09:00:37,701,jd1709,XDCE,3923,3919,3926,4046,158642560,173900,174644,4095,3705,3900,3932,0,3920,0,0,0,2017-04-18,32437701,3923,11,0,0,0,0,0,0,0,0,3924,8,0,0,0,0,0,0,0,0
80,2017-04-18,09:00:38,345,jd1709,XDCE,3923,3919,3926,4112,161231400,173906,174644,4095,3705,3900,3932,0,3920,0,0,0,2017-04-18,32438345,3922,3,0,0,0,0,0,0,0,0,3924,6,0,0,0,0,0,0,0,0
81,2017-04-18,09:00:38,867,jd1709,XDCE,3924,3919,3926,4130,161937700,173908,174644,4095,3705,3900,3932,0,3920,0,0,0,2017-04-18,32438867,3924,3,0,0,0,0,0,0,0,0,3925,34,0,0,0,0,0,0,0,0
82,2017-04-18,09:00:39,345,jd1709,XDCE,3923,3919,3926,4160,163114860,173908,174644,4095,3705,3900,3932,0,3920,0,0,0,2017-04-18,32439345,3922,7,0,0,0,0,0,0,0,0,3924,33,0,0,0,0,0,0,0,0
83,2017-04-18,09:00:39,847,jd1709,XDCE,3923,3919,3926,4168,163428700,173900,174644,4095,3705,3900,3932,0,3920,0,0,0,2017-04-18,32439847,3922,10,0,0,0,0,0,0,0,0,3923,6,0,0,0,0,0,0,0,0
84,2017-04-18,09:00:40,360,jd1709,XDCE,3923,3919,3926,4196,164527200,173882,174644,4095,3705,3900,3932,0,3920,0,0,0,2017-04-18,32440360,3922,10,0,0,0,0,0,0,0,0,3923,4,0,0,0,0,0,0,0,0
85,2017-04-18,09:00:40,830,jd1709,XDCE,3923,3919,3926,4200,164684120,173882,174644,4095,3705,3900,3932,0,3920,0,0,0,2017-04-18,32440830,3922,10,0,0,0,0,0,0,0,0,3923,2,0,0,0,0,0,0,0,0
86,2017-04-18,09:00:41,334,jd1709,XDCE,3922,3919,3926,4214,165233280,173878,174644,4095,3705,3900,3932,0,3920,0,0,0,2017-04-18,32441334,3922,9,0,0,0,0,0,0,0,0,3924,33,0,0,0,0,0,0,0,0
87,2017-04-18,09:00:41,845,jd1709,XDCE,3922,3919,3926,4258,166959060,173850,174644,4095,3705,3900,3932,0,3920,0,0,0,2017-04-18,32441845,3921,17,0,0,0,0,0,0,0,0,3922,8,0,0,0,0,0,0,0,0
88,2017-04-18,09:00:42,365,jd1709,XDCE,3922,3919,3926,4280,167821940,173844,174644,4095,3705,3900,3932,0,3920,0,0,0,2017-04-18,32442365,3921,17,0,0,0,0,0,0,0,0,3922,18,0,0,0,0,0,0,0,0
89,2017-04-18,09:00:42,862,jd1709,XDCE,3922,3919,3926,4284,167978820,173848,174644,4095,3705,3900,3932,0,3920,0,0,0,2017-04-18,32442862,3921,18,0,0,0,0,0,0,0,0,3922,46,0,0,0,0,0,0,0,0
90,2017-04-18,09:00:43,367,jd1709,XDCE,3922,3919,3926,4310,168998500,173872,174644,4095,3705,3900,3932,0,3920,0,0,0,2017-04-18,32443367,3921,15,0,0,0,0,0,0,0,0,3922,48,0,0,0,0,0,0,0,0
91,2017-04-18,09:00:43,855,jd1709,XDCE,3922,3919,3926,4310,168998500,173872,174644,4095,3705,3900,3932,0,3920,0,0,0,2017-04-18,32443855,3921,15,0,0,0,0,0,0,0,0,3922,45,0,0,0,0,0,0,0,0
92,2017-04-18,09:00:44,254,jd1709,XDCE,3922,3919,3926,4338,170096660,173874,174644,4095,3705,3900,3932,0,3920,0,0,0,2017-04-18,32444254,3921,18,0,0,0,0,0,0,0,0,3922,32,0,0,0,0,0,0,0,0
93,2017-04-18,09:00:44,798,jd1709,XDCE,3922,3919,3926,4340,170175100,173874,174644,4095,3705,3900,3932,0,3920,0,0,0,2017-04-18,32444798,3921,20,0,0,0,0,0,0,0,0,3922,31,0,0,0,0,0,0,0,0
94,2017-04-18,09:00:45,321,jd1709,XDCE,3920,3919,3926,4406,172762820,173888,174644,4095,3705,3900,3932,0,3920,0,0,0,2017-04-18,32445321,3920,29,0,0,0,0,0,0,0,0,3922,28,0,0,0,0,0,0,0,0
95,2017-04-18,09:00:45,797,jd1709,XDCE,3922,3919,3926,4416,173155020,173898,174644,4095,3705,3900,3932,0,3920,0,0,0,2017-04-18,32445797,3920,35,0,0,0,0,0,0,0,0,3922,23,0,0,0,0,0,0,0,0
96,2017-04-18,09:00:46,350,jd1709,XDCE,3922,3919,3926,4446,174331580,173910,174644,4095,3705,3900,3932,0,3920,0,0,0,2017-04-18,32446350,3921,34,0,0,0,0,0,0,0,0,3922,12,0,0,0,0,0,0,0,0
97,2017-04-18,09:00:46,782,jd1709,XDCE,3921,3919,3926,4498,176370500,173874,174644,4095,3705,3900,3932,0,3920,0,0,0,2017-04-18,32446782,3921,8,0,0,0,0,0,0,0,0,3922,12,0,0,0,0,0,0,0,0
98,2017-04-18,09:00:47,249,jd1709,XDCE,3922,3919,3926,4506,176684220,173872,174644,4095,3705,3900,3932,0,3920,0,0,0,2017-04-18,32447249,3921,9,0,0,0,0,0,0,0,0,3922,10,0,0,0,0,0,0,0,0
99,2017-04-18,09:00:48,353,jd1709,XDCE,3922,3919,3926,4506,176684220,173872,174644,4095,3705,3900,3932,0,3920,0,0,0,2017-04-18,32448353,3921,9,0,0,0,0,0,0,0,0,3922,11,0,0,0,0,0,0,0,0
100,2017-04-18,09:00:48,863,jd1709,XDCE,3921,3919,3926,4508,176762640,173874,174644,4095,3705,3900,3932,0,3920,0,0,0,2017-04-18,32448863,3921,9,0,0,0,0,0,0,0,0,3922,12,0,0,0,0,0,0,0,0
101,2017-04-18,09:00:49,357,jd1709,XDCE,3921,3919,3926,4514,176997940,173872,174644,4095,3705,3900,3932,0,3920,0,0,0,2017-04-18,32449357,3921,8,0,0,0,0,0,0,0,0,3922,10,0,0,0,0,0,0,0,0
102,2017-04-18,09:00:49,745,jd1709,XDCE,3921,3919,3926,4518,177154800,173872,174644,4095,3705,3900,3932,0,3920,0,0,0,2017-04-18,32449745,3921,7,0,0,0,0,0,0,0,0,3922,9,0,0,0,0,0,0,0,0
103,2017-04-18,09:00:50,301,jd1709,XDCE,3922,3919,3926,4520,177233240,173872,174644,4095,3705,3900,3932,0,3920,0,0,0,2017-04-18,32450301,3921,7,0,0,0,0,0,0,0,0,3922,10,0,0,0,0,0,0,0,0
104,2017-04-18,09:00:50,844,jd1709,XDCE,3922,3919,3926,4544,178174520,173864,174644,4095,3705,3900,3932,0,3920,0,0,0,2017-04-18,32450844,3922,1,0,0,0,0,0,0,0,0,3923,11,0,0,0,0,0,0,0,0
105,2017-04-18,09:00:51,268,jd1709,XDCE,3922,3919,3926,4554,178566720,173866,174644,4095,3705,3900,3932,0,3920,0,0,0,2017-04-18,32451268,3921,7,0,0,0,0,0,0,0,0,3922,16,0,0,0,0,0,0,0,0
106,2017-04-18,09:00:51,847,jd1709,XDCE,3923,3919,3926,4654,182489380,173804,174644,4095,3705,3900,3932,0,3920,0,0,0,2017-04-18,32451847,3922,6,0,0,0,0,0,0,0,0,3923,2,0,0,0,0,0,0,0,0
107,2017-04-18,09:00:52,239,jd1709,XDCE,3922,3919,3926,4656,182567820,173804,174644,4095,3705,3900,3932,0,3920,0,0,0,2017-04-18,32452239,3922,4,0,0,0,0,0,0,0,0,3923,3,0,0,0,0,0,0,0,0
108,2017-04-18,09:00:52,847,jd1709,XDCE,3923,3919,3926,4662,182803200,173808,174644,4095,3705,3900,3932,0,3920,0,0,0,2017-04-18,32452847,3922,8,0,0,0,0,0,0,0,0,3924,80,0,0,0,0,0,0,0,0
109,2017-04-18,09:00:54,357,jd1709,XDCE,3923,3919,3926,4664,182881660,173810,174644,4095,3705,3900,3932,0,3920,0,0,0,2017-04-18,32454357,3922,25,0,0,0,0,0,0,0,0,3924,80,0,0,0,0,0,0,0,0
110,2017-04-18,09:00:54,845,jd1709,XDCE,3922,3919,3926,4712,184764220,173832,174644,4095,3705,3900,3932,0,3920,0,0,0,2017-04-18,32454845,3922,1,0,0,0,0,0,0,0,0,3923,36,0,0,0,0,0,0,0,0
111,2017-04-18,09:00:55,344,jd1709,XDCE,3922,3919,3926,4726,185313280,173822,174644,4095,3705,3900,3932,0,3920,0,0,0,2017-04-18,32455344,3921,17,0,0,0,0,0,0,0,0,3922,1,0,0,0,0,0,0,0,0
112,2017-04-18,09:00:55,844,jd1709,XDCE,3923,3919,3926,4730,185470180,173820,174644,4095,3705,3900,3932,0,3920,0,0,0,2017-04-18,32455844,3922,4,0,0,0,0,0,0,0,0,3923,37,0,0,0,0,0,0,0,0
113,2017-04-18,09:00:56,300,jd1709,XDCE,3923,3919,3926,4736,185705560,173820,174644,4095,3705,3900,3932,0,3920,0,0,0,2017-04-18,32456300,3922,4,0,0,0,0,0,0,0,0,3923,34,0,0,0,0,0,0,0,0
114,2017-04-18,09:00:56,845,jd1709,XDCE,3922,3919,3926,4738,185784000,173820,174644,4095,3705,3900,3932,0,3920,0,0,0,2017-04-18,32456845,3922,8,0,0,0,0,0,0,0,0,3923,35,0,0,0,0,0,0,0,0
115,2017-04-18,09:00:57,241,jd1709,XDCE,3922,3919,3926,4746,186097820,173816,174644,4095,3705,3900,3932,0,3920,0,0,0,2017-04-18,32457241,3922,7,0,0,0,0,0,0,0,0,3923,32,0,0,0,0,0,0,0,0
116,2017-04-18,09:00:57,666,jd1709,XDCE,3922,3919,3926,4750,186254720,173818,174644,4095,3705,3900,3932,0,3920,0,0,0,2017-04-18,32457666,3922,7,0,0,0,0,0,0,0,0,3923,31,0,0,0,0,0,0,0,0
117,2017-04-18,09:00:58,363,jd1709,XDCE,3923,3919,3926,4752,186333180,173818,174644,4095,3705,3900,3932,0,3920,0,0,0,2017-04-18,32458363,3922,10,0,0,0,0,0,0,0,0,3923,30,0,0,0,0,0,0,0,0
118,2017-04-18,09:00:58,679,jd1709,XDCE,3922,3919,3926,4756,186490080,173818,174644,4095,3705,3900,3932,0,3920,0,0,0,2017-04-18,32458679,3922,9,0,0,0,0,0,0,0,0,3923,30,0,0,0,0,0,0,0,0
119,2017-04-18,09:00:59,855,jd1709,XDCE,3922,3919,3926,4758,186568520,173820,174644,4095,3705,3900,3932,0,3920,0,0,0,2017-04-18,32459855,3922,9,0,0,0,0,0,0,0,0,3923,31,0,0,0,0,0,0,0,0
120,2017-04-18,09:01:00,351,jd1709,XDCE,3922,3919,3926,4760,186646960,173822,174644,4095,3705,3900,3932,0,3920,0,0,0,2017-04-18,32460351,3922,8,0,0,0,0,0,0,0,0,3923,32,0,0,0,0,0,0,0,0
121,2017-04-18,09:01:00,867,jd1709,XDCE,3922,3919,3926,4794,187980640,173804,174644,4095,3705,3900,3932,0,3920,0,0,0,2017-04-18,32460867,3922,15,0,0,0,0,0,0,0,0,3923,26,0,0,0,0,0,0,0,0
122,2017-04-18,09:01:01,366,jd1709,XDCE,3922,3919,3926,4810,188608180,173790,174644,4095,3705,3900,3932,0,3920,0,0,0,2017-04-18,32461366,3922,8,0,0,0,0,0,0,0,0,3923,25,0,0,0,0,0,0,0,0
123,2017-04-18,09:01:01,816,jd1709,XDCE,3922,3919,3926,4816,188843540,173790,174644,4095,3705,3900,3932,0,3920,0,0,0,2017-04-18,32461816,3922,9,0,0,0,0,0,0,0,0,3923,24,0,0,0,0,0,0,0,0
124,2017-04-18,09:01:02,357,jd1709,XDCE,3922,3919,3926,4824,189157340,173784,174644,4095,3705,3900,3932,0,3920,0,0,0,2017-04-18,32462357,3922,7,0,0,0,0,0,0,0,0,3923,23,0,0,0,0,0,0,0,0
125,2017-04-18,09:01:02,835,jd1709,XDCE,3922,3919,3926,4846,190020180,173780,174644,4095,3705,3900,3932,0,3920,0,0,0,2017-04-18,32462835,3922,2,0,0,0,0,0,0,0,0,3923,43,0,0,0,0,0,0,0,0
126,2017-04-18,09:01:03,327,jd1709,XDCE,3922,3919,3926,4846,190020180,173780,174644,4095,3705,3900,3932,0,3920,0,0,0,2017-04-18,32463327,3922,2,0,0,0,0,0,0,0,0,3923,44,0,0,0,0,0,0,0,0
127,2017-04-18,09:01:03,769,jd1709,XDCE,3923,3919,3926,4852,190255560,173776,174644,4095,3705,3900,3932,0,3920,0,0,0,2017-04-18,32463769,3922,2,0,0,0,0,0,0,0,0,3923,41,0,0,0,0,0,0,0,0
128,2017-04-18,09:01:04,278,jd1709,XDCE,3923,3919,3926,4852,190255560,173776,174644,4095,3705,3900,3932,0,3920,0,0,0,2017-04-18,32464278,3922,3,0,0,0,0,0,0,0,0,3923,42,0,0,0,0,0,0,0,0
129,2017-04-18,09:01:04,804,jd1709,XDCE,3923,3919,3926,4858,190490940,173776,174644,4095,3705,3900,3932,0,3920,0,0,0,2017-04-18,32464804,3922,4,0,0,0,0,0,0,0,0,3923,39,0,0,0,0,0,0,0,0
130,2017-04-18,09:01:05,358,jd1709,XDCE,3923,3919,3926,4872,191040160,173762,174644,4095,3705,3900,3932,0,3920,0,0,0,2017-04-18,32465358,3922,3,0,0,0,0,0,0,0,0,3923,34,0,0,0,0,0,0,0,0
131,2017-04-18,09:01:05,857,jd1709,XDCE,3922,3919,3926,4884,191510820,173756,174644,4095,3705,3900,3932,0,3920,0,0,0,2017-04-18,32465857,3922,2,0,0,0,0,0,0,0,0,3923,33,0,0,0,0,0,0,0,0
132,2017-04-18,09:01:06,355,jd1709,XDCE,3922,3919,3926,4894,191903040,173750,174644,4095,3705,3900,3932,0,3920,0,0,0,2017-04-18,32466355,3922,6,0,0,0,0,0,0,0,0,3923,32,0,0,0,0,0,0,0,0
133,2017-04-18,09:01:07,367,jd1709,XDCE,3923,3919,3926,4916,192766080,173736,174644,4095,3705,3900,3932,0,3920,0,0,0,2017-04-18,32467367,3922,14,0,0,0,0,0,0,0,0,3923,27,0,0,0,0,0,0,0,0
134,2017-04-18,09:01:07,858,jd1709,XDCE,3923,3919,3926,4926,193158360,173740,174644,4095,3705,3900,3932,0,3920,0,0,0,2017-04-18,32467858,3922,14,0,0,0,0,0,0,0,0,3923,24,0,0,0,0,0,0,0,0
135,2017-04-18,09:01:08,843,jd1709,XDCE,3923,3919,3926,4976,195119840,173754,174644,4095,3705,3900,3932,0,3920,0,0,0,2017-04-18,32468843,3923,11,0,0,0,0,0,0,0,0,3924,87,0,0,0,0,0,0,0,0
136,2017-04-18,09:01:09,369,jd1709,XDCE,3923,3919,3926,5000,196061400,173776,174644,4095,3705,3900,3932,0,3920,0,0,0,2017-04-18,32469369,3923,10,0,0,0,0,0,0,0,0,3924,80,0,0,0,0,0,0,0,0
137,2017-04-18,09:01:09,833,jd1709,XDCE,3923,3919,3926,5002,196139860,173776,174644,4095,3705,3900,3932,0,3920,0,0,0,2017-04-18,32469833,3923,10,0,0,0,0,0,0,0,0,3924,80,0,0,0,0,0,0,0,0
138,2017-04-18,09:01:10,367,jd1709,XDCE,3923,3919,3926,5006,196296780,173776,174644,4095,3705,3900,3932,0,3920,0,0,0,2017-04-18,32470367,3923,10,0,0,0,0,0,0,0,0,3924,81,0,0,0,0,0,0,0,0
139,2017-04-18,09:01:10,659,jd1709,XDCE,3924,3919,3926,5012,196532220,173776,174644,4095,3705,3900,3932,0,3920,0,0,0,2017-04-18,32470659,3923,11,0,0,0,0,0,0,0,0,3924,78,0,0,0,0,0,0,0,0
140,2017-04-18,09:01:11,345,jd1709,XDCE,3923,3919,3926,5044,197787660,173782,174644,4095,3705,3900,3932,0,3920,0,0,0,2017-04-18,32471345,3923,3,0,0,0,0,0,0,0,0,3924,76,0,0,0,0,0,0,0,0
141,2017-04-18,09:01:11,845,jd1709,XDCE,3924,3919,3926,5070,198807900,173760,174644,4095,3705,3900,3932,0,3920,0,0,0,2017-04-18,32471845,3923,6,0,0,0,0,0,0,0,0,3924,59,0,0,0,0,0,0,0,0
142,2017-04-18,09:01:12,252,jd1709,XDCE,3924,3919,3926,5098,199906520,173778,174644,4095,3705,3900,3932,0,3920,0,0,0,2017-04-18,32472252,3923,20,0,0,0,0,0,0,0,0,3924,50,0,0,0,0,0,0,0,0
143,2017-04-18,09:01:12,847,jd1709,XDCE,3924,3919,3926,5198,203830520,173854,174644,4095,3705,3900,3932,0,3920,0,0,0,2017-04-18,32472847,3924,33,0,0,0,0,0,0,0,0,3925,46,0,0,0,0,0,0,0,0
144,2017-04-18,09:01:13,346,jd1709,XDCE,3924,3919,3926,5206,204144500,173856,174644,4095,3705,3900,3932,0,3920,0,0,0,2017-04-18,32473346,3924,22,0,0,0,0,0,0,0,0,3925,37,0,0,0,0,0,0,0,0
145,2017-04-18,09:01:13,841,jd1709,XDCE,3925,3919,3926,5256,206106900,173902,174644,4095,3705,3900,3932,0,3920,0,0,0,2017-04-18,32473841,3924,20,0,0,0,0,0,0,0,0,3925,14,0,0,0,0,0,0,0,0
146,2017-04-18,09:01:14,358,jd1709,XDCE,3925,3919,3926,5262,206342380,173904,174644,4095,3705,3900,3932,0,3920,0,0,0,2017-04-18,32474358,3924,19,0,0,0,0,0,0,0,0,3925,12,0,0,0,0,0,0,0,0
147,2017-04-18,09:01:14,854,jd1709,XDCE,3925,3919,3926,5286,207284380,173902,174644,4095,3705,3900,3932,0,3920,0,0,0,2017-04-18,32474854,3925,1,0,0,0,0,0,0,0,0,3926,79,0,0,0,0,0,0,0,0
148,2017-04-18,09:01:15,370,jd1709,XDCE,3925,3919,3926,5352,209874180,173928,174644,4095,3705,3900,3932,0,3920,0,0,0,2017-04-18,32475370,3924,8,0,0,0,0,0,0,0,0,3925,13,0,0,0,0,0,0,0,0
149,2017-04-18,09:01:15,844,jd1709,XDCE,3925,3919,3926,5364,210345120,173922,174644,4095,3705,3900,3932,0,3920,0,0,0,2017-04-18,32475844,3924,4,0,0,0,0,0,0,0,0,3925,36,0,0,0,0,0,0,0,0
150,2017-04-18,09:01:16,367,jd1709,XDCE,3925,3919,3926,5380,210973100,173924,174644,4095,3705,3900,3932,0,3920,0,0,0,2017-04-18,32476367,3924,3,0,0,0,0,0,0,0,0,3925,30,0,0,0,0,0,0,0,0
151,2017-04-18,09:01:16,848,jd1709,XDCE,3924,3919,3926,5390,211365500,173922,174644,4095,3705,3900,3932,0,3920,0,0,0,2017-04-18,32476848,3924,3,0,0,0,0,0,0,0,0,3925,27,0,0,0,0,0,0,0,0
152,2017-04-18,09:01:17,336,jd1709,XDCE,3925,3919,3926,5392,211444000,173922,174644,4095,3705,3900,3932,0,3920,0,0,0,2017-04-18,32477336,3924,4,0,0,0,0,0,0,0,0,3925,27,0,0,0,0,0,0,0,0
153,2017-04-18,09:01:17,830,jd1709,XDCE,3925,3919,3926,5396,211600980,173924,174644,4095,3705,3900,3932,0,3920,0,0,0,2017-04-18,32477830,3924,3,0,0,0,0,0,0,0,0,3925,26,0,0,0,0,0,0,0,0
154,2017-04-18,09:01:18,342,jd1709,XDCE,3925,3919,3926,5418,212464420,173920,174644,4095,3705,3900,3932,0,3920,0,0,0,2017-04-18,32478342,3924,8,0,0,0,0,0,0,0,0,3925,13,0,0,0,0,0,0,0,0
155,2017-04-18,09:01:18,823,jd1709,XDCE,3925,3919,3926,5418,212464420,173920,174644,4095,3705,3900,3932,0,3920,0,0,0,2017-04-18,32478823,3924,19,0,0,0,0,0,0,0,0,3925,14,0,0,0,0,0,0,0,0
156,2017-04-18,09:01:19,298,jd1709,XDCE,3925,3919,3926,5436,213170920,173912,174644,4095,3705,3900,3932,0,3920,0,0,0,2017-04-18,32479298,3924,24,0,0,0,0,0,0,0,0,3925,4,0,0,0,0,0,0,0,0
157,2017-04-18,09:01:19,775,jd1709,XDCE,3924,3919,3926,5438,213249400,173912,174644,4095,3705,3900,3932,0,3920,0,0,0,2017-04-18,32479775,3924,25,0,0,0,0,0,0,0,0,3925,4,0,0,0,0,0,0,0,0
158,2017-04-18,09:01:20,343,jd1709,XDCE,3924,3919,3926,5450,213720360,173908,174644,4095,3705,3900,3932,0,3920,0,0,0,2017-04-18,32480343,3924,19,0,0,0,0,0,0,0,0,3926,90,0,0,0,0,0,0,0,0
159,2017-04-18,09:01:20,753,jd1709,XDCE,3924,3919,3926,5470,214505260,173908,174644,4095,3705,3900,3932,0,3920,0,0,0,2017-04-18,32480753,3924,17,0,0,0,0,0,0,0,0,3926,90,0,0,0,0,0,0,0,0
160,2017-04-18,09:01:21,280,jd1709,XDCE,3925,3919,3926,5474,214662260,173908,174644,4095,3705,3900,3932,0,3920,0,0,0,2017-04-18,32481280,3924,17,0,0,0,0,0,0,0,0,3926,90,0,0,0,0,0,0,0,0
161,2017-04-18,09:01:21,829,jd1709,XDCE,3925,3919,3926,5484,215054760,173910,174644,4095,3705,3900,3932,0,3920,0,0,0,2017-04-18,32481829,3925,9,0,0,0,0,0,0,0,0,3926,90,0,0,0,0,0,0,0,0
162,2017-04-18,09:01:22,317,jd1709,XDCE,3926,3919,3926,5486,215133280,173908,174644,4095,3705,3900,3932,0,3920,0,0,0,2017-04-18,32482317,3925,11,0,0,0,0,0,0,0,0,3926,89,0,0,0,0,0,0,0,0
163,2017-04-18,09:01:22,809,jd1709,XDCE,3925,3919,3926,5502,215761340,173902,174644,4095,3705,3900,3932,0,3920,0,0,0,2017-04-18,32482809,3925,7,0,0,0,0,0,0,0,0,3926,86,0,0,0,0,0,0,0,0
164,2017-04-18,09:01:23,340,jd1709,XDCE,3925,3919,3926,5514,216232340,173900,174644,4095,3705,3900,3932,0,3920,0,0,0,2017-04-18,32483340,3925,1,0,0,0,0,0,0,0,0,3926,86,0,0,0,0,0,0,0,0
165,2017-04-18,09:01:24,346,jd1709,XDCE,3925,3919,3926,5682,222826700,173834,174644,4095,3705,3900,3932,0,3920,0,0,0,2017-04-18,32484346,3923,25,0,0,0,0,0,0,0,0,3925,48,0,0,0,0,0,0,0,0
166,2017-04-18,09:01:24,765,jd1709,XDCE,3925,3919,3926,5682,222826700,173834,174644,4095,3705,3900,3932,0,3920,0,0,0,2017-04-18,32484765,3923,25,0,0,0,0,0,0,0,0,3925,54,0,0,0,0,0,0,0,0
167,2017-04-18,09:01:25,229,jd1709,XDCE,3925,3919,3926,5688,223062200,173834,174644,4095,3705,3900,3932,0,3920,0,0,0,2017-04-18,32485229,3923,25,0,0,0,0,0,0,0,0,3925,53,0,0,0,0,0,0,0,0
168,2017-04-18,09:01:25,843,jd1709,XDCE,3925,3919,3926,5688,223062200,173834,174644,4095,3705,3900,3932,0,3920,0,0,0,2017-04-18,32485843,3923,25,0,0,0,0,0,0,0,0,3924,6,0,0,0,0,0,0,0,0
169,2017-04-18,09:01:26,322,jd1709,XDCE,3923,3919,3926,5690,223140660,173832,174644,4095,3705,3900,3932,0,3920,0,0,0,2017-04-18,32486322,3923,25,0,0,0,0,0,0,0,0,3924,6,0,0,0,0,0,0,0,0
170,2017-04-18,09:01:26,834,jd1709,XDCE,3923,3919,3926,5710,223925260,173814,174644,4095,3705,3900,3932,0,3920,0,0,0,2017-04-18,32486834,3923,15,0,0,0,0,0,0,0,0,3924,10,0,0,0,0,0,0,0,0
171,2017-04-18,09:01:27,345,jd1709,XDCE,3925,3919,3926,5770,226280060,173846,174644,4095,3705,3900,3932,0,3920,0,0,0,2017-04-18,32487345,3924,1,0,0,0,0,0,0,0,0,3925,30,0,0,0,0,0,0,0,0
172,2017-04-18,09:01:27,828,jd1709,XDCE,3925,3919,3926,5770,226280060,173846,174644,4095,3705,3900,3932,0,3920,0,0,0,2017-04-18,32487828,3924,1,0,0,0,0,0,0,0,0,3925,36,0,0,0,0,0,0,0,0
173,2017-04-18,09:01:28,298,jd1709,XDCE,3924,3919,3926,5772,226358540,173848,174644,4095,3705,3900,3932,0,3920,0,0,0,2017-04-18,32488298,3923,15,0,0,0,0,0,0,0,0,3924,1,0,0,0,0,0,0,0,0
174,2017-04-18,09:01:28,621,jd1709,XDCE,3925,3919,3926,5776,226515520,173844,174644,4095,3705,3900,3932,0,3920,0,0,0,2017-04-18,32488621,3924,9,0,0,0,0,0,0,0,0,3925,35,0,0,0,0,0,0,0,0
175,2017-04-18,09:01:29,339,jd1709,XDCE,3924,3919,3926,5778,226594000,173844,174644,4095,3705,3900,3932,0,3920,0,0,0,2017-04-18,32489339,3924,9,0,0,0,0,0,0,0,0,3925,36,0,0,0,0,0,0,0,0
176,2017-04-18,09:01:29,851,jd1709,XDCE,3924,3919,3926,5798,227378800,173838,174644,4095,3705,3900,3932,0,3920,0,0,0,2017-04-18,32489851,3923,15,0,0,0,0,0,0,0,0,3924,5,0,0,0,0,0,0,0,0
177,2017-04-18,09:01:30,364,jd1709,XDCE,3923,3919,3926,5802,227535740,173838,174644,4095,3705,3900,3932,0,3920,0,0,0,2017-04-18,32490364,3923,14,0,0,0,0,0,0,0,0,3924,9,0,0,0,0,0,0,0,0
178,2017-04-18,09:01:30,813,jd1709,XDCE,3924,3919,3926,5806,227692680,173840,174644,4095,3705,3900,3932,0,3920,0,0,0,2017-04-18,32490813,3923,13,0,0,0,0,0,0,0,0,3924,10,0,0,0,0,0,0,0,0
179,2017-04-18,09:01:31,272,jd1709,XDCE,3924,3919,3926,5806,227692680,173840,174644,4095,3705,3900,3932,0,3920,0,0,0,2017-04-18,32491272,3923,9,0,0,0,0,0,0,0,0,3924,15,0,0,0,0,0,0,0,0
180,2017-04-18,09:01:31,864,jd1709,XDCE,3924,3919,3926,5814,228006600,173836,174644,4095,3705,3900,3932,0,3920,0,0,0,2017-04-18,32491864,3923,9,0,0,0,0,0,0,0,0,3924,24,0,0,0,0,0,0,0,0
181,2017-04-18,09:01:32,356,jd1709,XDCE,3923,3919,3926,5836,228869680,173830,174644,4095,3705,3900,3932,0,3920,0,0,0,2017-04-18,32492356,3922,16,0,0,0,0,0,0,0,0,3923,9,0,0,0,0,0,0,0,0
182,2017-04-18,09:01:32,862,jd1709,XDCE,3923,3919,3926,5842,229105060,173828,174644,4095,3705,3900,3932,0,3920,0,0,0,2017-04-18,32492862,3922,18,0,0,0,0,0,0,0,0,3923,7,0,0,0,0,0,0,0,0
183,2017-04-18,09:01:33,235,jd1709,XDCE,3923,3919,3926,5844,229183520,173828,174644,4095,3705,3900,3932,0,3920,0,0,0,2017-04-18,32493235,3922,18,0,0,0,0,0,0,0,0,3923,6,0,0,0,0,0,0,0,0
184,2017-04-18,09:01:33,847,jd1709,XDCE,3922,3919,3926,5850,229418880,173828,174644,4095,3705,3900,3932,0,3920,0,0,0,2017-04-18,32493847,3922,17,0,0,0,0,0,0,0,0,3923,5,0,0,0,0,0,0,0,0
185,2017-04-18,09:01:34,167,jd1709,XDCE,3923,3919,3926,5852,229497340,173828,174644,4095,3705,3900,3932,0,3920,0,0,0,2017-04-18,32494167,3922,16,0,0,0,0,0,0,0,0,3923,4,0,0,0,0,0,0,0,0
186,2017-04-18,09:01:34,684,jd1709,XDCE,3923,3919,3926,5854,229575800,173828,174644,4095,3705,3900,3932,0,3920,0,0,0,2017-04-18,32494684,3922,17,0,0,0,0,0,0,0,0,3923,8,0,0,0,0,0,0,0,0
187,2017-04-18,09:01:35,366,jd1709,XDCE,3922,3919,3926,5856,229654240,173828,174644,4095,3705,3900,3932,0,3920,0,0,0,2017-04-18,32495366,3922,16,0,0,0,0,0,0,0,0,3923,9,0,0,0,0,0,0,0,0
188,2017-04-18,09:01:35,844,jd1709,XDCE,3922,3919,3926,5890,230987740,173836,174644,4095,3705,3900,3932,0,3920,0,0,0,2017-04-18,32495844,3921,17,0,0,0,0,0,0,0,0,3923,10,0,0,0,0,0,0,0,0
189,2017-04-18,09:01:36,368,jd1709,XDCE,3922,3919,3926,5890,230987740,173836,174644,4095,3705,3900,3932,0,3920,0,0,0,2017-04-18,32496368,3921,16,0,0,0,0,0,0,0,0,3923,12,0,0,0,0,0,0,0,0
190,2017-04-18,09:01:36,870,jd1709,XDCE,3923,3919,3926,5896,231223120,173834,174644,4095,3705,3900,3932,0,3920,0,0,0,2017-04-18,32496870,3921,17,0,0,0,0,0,0,0,0,3923,9,0,0,0,0,0,0,0,0
191,2017-04-18,09:01:37,345,jd1709,XDCE,3923,3919,3926,5900,231380040,173838,174644,4095,3705,3900,3932,0,3920,0,0,0,2017-04-18,32497345,3921,18,0,0,0,0,0,0,0,0,3923,8,0,0,0,0,0,0,0,0
192,2017-04-18,09:01:37,688,jd1709,XDCE,3923,3919,3926,5904,231536940,173838,174644,4095,3705,3900,3932,0,3920,0,0,0,2017-04-18,32497688,3922,1,0,0,0,0,0,0,0,0,3923,7,0,0,0,0,0,0,0,0
193,2017-04-18,09:01:38,308,jd1709,XDCE,3922,3919,3926,5908,231693840,173842,174644,4095,3705,3900,3932,0,3920,0,0,0,2017-04-18,32498308,3922,3,0,0,0,0,0,0,0,0,3923,6,0,0,0,0,0,0,0,0
194,2017-04-18,09:01:38,850,jd1709,XDCE,3922,3919,3926,5908,231693840,173842,174644,4095,3705,3900,3932,0,3920,0,0,0,2017-04-18,32498850,3922,6,0,0,0,0,0,0,0,0,3923,7,0,0,0,0,0,0,0,0
195,2017-04-18,09:01:39,306,jd1709,XDCE,3922,3919,3926,5908,231693840,173842,174644,4095,3705,3900,3932,0,3920,0,0,0,2017-04-18,32499306,3922,7,0,0,0,0,0,0,0,0,3923,7,0,0,0,0,0,0,0,0
196,2017-04-18,09:01:39,717,jd1709,XDCE,3922,3919,3926,5908,231693840,173842,174644,4095,3705,3900,3932,0,3920,0,0,0,2017-04-18,32499717,3922,7,0,0,0,0,0,0,0,0,3923,8,0,0,0,0,0,0,0,0
197,2017-04-18,09:01:40,354,jd1709,XDCE,3922,3919,3926,5910,231772280,173842,174644,4095,3705,3900,3932,0,3920,0,0,0,2017-04-18,32500354,3922,22,0,0,0,0,0,0,0,0,3923,6,0,0,0,0,0,0,0,0
198,2017-04-18,09:01:40,786,jd1709,XDCE,3922,3919,3926,5910,231772280,173842,174644,4095,3705,3900,3932,0,3920,0,0,0,2017-04-18,32500786,3922,23,0,0,0,0,0,0,0,0,3923,11,0,0,0,0,0,0,0,0
199,2017-04-18,09:01:41,368,jd1709,XDCE,3923,3919,3926,5914,231929200,173838,174644,4095,3705,3900,3932,0,3920,0,0,0,2017-04-18,32501368,3922,23,0,0,0,0,0,0,0,0,3923,11,0,0,0,0,0,0,0,0
200,2017-04-18,09:01:41,844,jd1709,XDCE,3922,3919,3926,5918,232086080,173838,174644,4095,3705,3900,3932,0,3920,0,0,0,2017-04-18,32501844,3922,21,0,0,0,0,0,0,0,0,3923,10,0,0,0,0,0,0,0,0
201,2017-04-18,09:01:42,239,jd1709,XDCE,3922,3919,3926,5932,232635160,173846,174644,4095,3705,3900,3932,0,3920,0,0,0,2017-04-18,32502239,3922,16,0,0,0,0,0,0,0,0,3923,10,0,0,0,0,0,0,0,0
202,2017-04-18,09:01:42,841,jd1709,XDCE,3923,3919,3926,5936,232792060,173844,174644,4095,3705,3900,3932,0,3920,0,0,0,2017-04-18,32502841,3922,25,0,0,0,0,0,0,0,0,3923,9,0,0,0,0,0,0,0,0
203,2017-04-18,09:01:43,220,jd1709,XDCE,3923,3919,3926,5938,232870520,173844,174644,4095,3705,3900,3932,0,3920,0,0,0,2017-04-18,32503220,3922,29,0,0,0,0,0,0,0,0,3923,9,0,0,0,0,0,0,0,0
204,2017-04-18,09:01:43,808,jd1709,XDCE,3922,3919,3926,5940,232948960,173842,174644,4095,3705,3900,3932,0,3920,0,0,0,2017-04-18,32503808,3922,28,0,0,0,0,0,0,0,0,3923,9,0,0,0,0,0,0,0,0
205,2017-04-18,09:01:44,280,jd1709,XDCE,3923,3919,3926,5952,233419700,173842,174644,4095,3705,3900,3932,0,3920,0,0,0,2017-04-18,32504280,3922,27,0,0,0,0,0,0,0,0,3923,9,0,0,0,0,0,0,0,0
206,2017-04-18,09:01:44,765,jd1709,XDCE,3922,3919,3926,5980,234518060,173850,174644,4095,3705,3900,3932,0,3920,0,0,0,2017-04-18,32504765,3922,23,0,0,0,0,0,0,0,0,3924,31,0,0,0,0,0,0,0,0
207,2017-04-18,09:01:45,359,jd1709,XDCE,3922,3919,3926,5980,234518060,173850,174644,4095,3705,3900,3932,0,3920,0,0,0,2017-04-18,32505359,3923,11,0,0,0,0,0,0,0,0,3924,31,0,0,0,0,0,0,0,0
208,2017-04-18,09:01:45,845,jd1709,XDCE,3923,3919,3926,6008,235616500,173844,174644,4095,3705,3900,3932,0,3920,0,0,0,2017-04-18,32505845,3923,1,0,0,0,0,0,0,0,0,3924,31,0,0,0,0,0,0,0,0
209,2017-04-18,09:01:46,370,jd1709,XDCE,3923,3919,3926,6016,235930340,173838,174644,4095,3705,3900,3932,0,3920,0,0,0,2017-04-18,32506370,3923,18,0,0,0,0,0,0,0,0,3924,31,0,0,0,0,0,0,0,0
210,2017-04-18,09:01:46,653,jd1709,XDCE,3924,3919,3926,6018,236008820,173836,174644,4095,3705,3900,3932,0,3920,0,0,0,2017-04-18,32506653,3923,28,0,0,0,0,0,0,0,0,3924,27,0,0,0,0,0,0,0,0
211,2017-04-18,09:01:47,305,jd1709,XDCE,3922,3919,3926,6078,238362580,173858,174644,4095,3705,3900,3932,0,3920,0,0,0,2017-04-18,32507305,3922,23,0,0,0,0,0,0,0,0,3924,32,0,0,0,0,0,0,0,0
212,2017-04-18,09:01:48,360,jd1709,XDCE,3923,3919,3926,6082,238519520,173856,174644,4095,3705,3900,3932,0,3920,0,0,0,2017-04-18,32508360,3922,26,0,0,0,0,0,0,0,0,3923,6,0,0,0,0,0,0,0,0
213,2017-04-18,09:01:48,846,jd1709,XDCE,3923,3919,3926,6082,238519520,173856,174644,4095,3705,3900,3932,0,3920,0,0,0,2017-04-18,32508846,3922,26,0,0,0,0,0,0,0,0,3923,8,0,0,0,0,0,0,0,0
214,2017-04-18,09:01:49,362,jd1709,XDCE,3923,3919,3926,6088,238754900,173856,174644,4095,3705,3900,3932,0,3920,0,0,0,2017-04-18,32509362,3922,26,0,0,0,0,0,0,0,0,3923,6,0,0,0,0,0,0,0,0
215,2017-04-18,09:01:49,845,jd1709,XDCE,3923,3919,3926,6088,238754900,173856,174644,4095,3705,3900,3932,0,3920,0,0,0,2017-04-18,32509845,3922,45,0,0,0,0,0,0,0,0,3923,9,0,0,0,0,0,0,0,0
216,2017-04-18,09:01:50,242,jd1709,XDCE,3923,3919,3926,6088,238754900,173856,174644,4095,3705,3900,3932,0,3920,0,0,0,2017-04-18,32510242,3922,46,0,0,0,0,0,0,0,0,3923,10,0,0,0,0,0,0,0,0
217,2017-04-18,09:01:50,845,jd1709,XDCE,3923,3919,3926,6088,238754900,173856,174644,4095,3705,3900,3932,0,3920,0,0,0,2017-04-18,32510845,3922,48,0,0,0,0,0,0,0,0,3923,10,0,0,0,0,0,0,0,0
218,2017-04-18,09:01:51,346,jd1709,XDCE,3923,3919,3926,6090,238833360,173856,174644,4095,3705,3900,3932,0,3920,0,0,0,2017-04-18,32511346,3922,50,0,0,0,0,0,0,0,0,3923,9,0,0,0,0,0,0,0,0
219,2017-04-18,09:01:51,846,jd1709,XDCE,3923,3919,3926,6092,238911820,173854,174644,4095,3705,3900,3932,0,3920,0,0,0,2017-04-18,32511846,3922,51,0,0,0,0,0,0,0,0,3923,34,0,0,0,0,0,0,0,0
220,2017-04-18,09:01:52,269,jd1709,XDCE,3923,3919,3926,6092,238911820,173854,174644,4095,3705,3900,3932,0,3920,0,0,0,2017-04-18,32512269,3922,51,0,0,0,0,0,0,0,0,3923,35,0,0,0,0,0,0,0,0
221,2017-04-18,09:01:52,862,jd1709,XDCE,3922,3919,3926,6098,239147140,173850,174644,4095,3705,3900,3932,0,3920,0,0,0,2017-04-18,32512862,3922,48,0,0,0,0,0,0,0,0,3923,69,0,0,0,0,0,0,0,0
222,2017-04-18,09:01:53,359,jd1709,XDCE,3922,3919,3926,6192,242833860,173864,174644,4095,3705,3900,3932,0,3920,0,0,0,2017-04-18,32513359,3921,27,0,0,0,0,0,0,0,0,3922,25,0,0,0,0,0,0,0,0
223,2017-04-18,09:01:53,845,jd1709,XDCE,3922,3919,3926,6200,243147580,173862,174644,4095,3705,3900,3932,0,3920,0,0,0,2017-04-18,32513845,3921,20,0,0,0,0,0,0,0,0,3922,28,0,0,0,0,0,0,0,0
224,2017-04-18,09:01:54,353,jd1709,XDCE,3922,3919,3926,6202,243226020,173860,174644,4095,3705,3900,3932,0,3920,0,0,0,2017-04-18,32514353,3921,20,0,0,0,0,0,0,0,0,3922,27,0,0,0,0,0,0,0,0
225,2017-04-18,09:01:55,357,jd1709,XDCE,3921,3919,3926,6242,244794420,173882,174644,4095,3705,3900,3932,0,3920,0,0,0,2017-04-18,32515357,3920,51,0,0,0,0,0,0,0,0,3921,5,0,0,0,0,0,0,0,0
226,2017-04-18,09:01:55,867,jd1709,XDCE,3921,3919,3926,6242,244794420,173882,174644,4095,3705,3900,3932,0,3920,0,0,0,2017-04-18,32515867,3920,51,0,0,0,0,0,0,0,0,3921,6,0,0,0,0,0,0,0,0
227,2017-04-18,09:01:56,369,jd1709,XDCE,3921,3919,3926,6248,245029680,173888,174644,4095,3705,3900,3932,0,3920,0,0,0,2017-04-18,32516369,3920,51,0,0,0,0,0,0,0,0,3921,9,0,0,0,0,0,0,0,0
228,2017-04-18,09:01:56,850,jd1709,XDCE,3920,3919,3926,6250,245108080,173890,174644,4095,3705,3900,3932,0,3920,0,0,0,2017-04-18,32516850,3920,50,0,0,0,0,0,0,0,0,3921,10,0,0,0,0,0,0,0,0
229,2017-04-18,09:01:57,353,jd1709,XDCE,3920,3919,3926,6252,245186480,173892,174644,4095,3705,3900,3932,0,3920,0,0,0,2017-04-18,32517353,3920,48,0,0,0,0,0,0,0,0,3921,10,0,0,0,0,0,0,0,0
230,2017-04-18,09:01:57,812,jd1709,XDCE,3921,3919,3926,6264,245657000,173904,174644,4095,3705,3900,3932,0,3920,0,0,0,2017-04-18,32517812,3920,49,0,0,0,0,0,0,0,0,3921,5,0,0,0,0,0,0,0,0
231,2017-04-18,09:01:58,291,jd1709,XDCE,3920,3919,3926,6276,246127400,173912,174644,4095,3705,3900,3932,0,3920,0,0,0,2017-04-18,32518291,3920,45,0,0,0,0,0,0,0,0,3921,6,0,0,0,0,0,0,0,0
232,2017-04-18,09:01:58,844,jd1709,XDCE,3920,3919,3926,6302,247146600,173904,174644,4095,3705,3900,3932,0,3920,0,0,0,2017-04-18,32518844,3920,32,0,0,0,0,0,0,0,0,3921,6,0,0,0,0,0,0,0,0
233,2017-04-18,09:01:59,363,jd1709,XDCE,3922,3919,3926,6318,247774000,173896,174644,4095,3705,3900,3932,0,3920,0,0,0,2017-04-18,32519363,3920,32,0,0,0,0,0,0,0,0,3921,2,0,0,0,0,0,0,0,0
234,2017-04-18,09:01:59,860,jd1709,XDCE,3920,3919,3926,6330,248244440,173884,174644,4095,3705,3900,3932,0,3920,0,0,0,2017-04-18,32519860,3920,27,0,0,0,0,0,0,0,0,3921,13,0,0,0,0,0,0,0,0
235,2017-04-18,09:02:00,353,jd1709,XDCE,3920,3919,3926,6362,249498840,173902,174644,4095,3705,3900,3932,0,3920,0,0,0,2017-04-18,32520353,3920,11,0,0,0,0,0,0,0,0,3921,13,0,0,0,0,0,0,0,0
236,2017-04-18,09:02:00,868,jd1709,XDCE,3920,3919,3926,6408,251302040,173884,174644,4095,3705,3900,3932,0,3920,0,0,0,2017-04-18,32520868,3919,48,0,0,0,0,0,0,0,0,3920,5,0,0,0,0,0,0,0,0
237,2017-04-18,09:02:01,299,jd1709,XDCE,3919,3919,3926,6432,252242640,173904,174644,4095,3705,3900,3932,0,3920,0,0,0,2017-04-18,32521299,3919,30,0,0,0,0,0,0,0,0,3920,28,0,0,0,0,0,0,0,0
238,2017-04-18,09:02:01,832,jd1709,XDCE,3919,3919,3926,6494,254672440,173902,174644,4095,3705,3900,3932,0,3920,0,0,0,2017-04-18,32521832,3918,85,0,0,0,0,0,0,0,0,3919,5,0,0,0,0,0,0,0,0
239,2017-04-18,09:02:02,341,jd1709,XDCE,3918,3918,3926,6516,255534400,173896,174644,4095,3705,3900,3932,0,3920,0,0,0,2017-04-18,32522341,3918,73,0,0,0,0,0,0,0,0,3919,5,0,0,0,0,0,0,0,0
240,2017-04-18,09:02:02,844,jd1709,XDCE,3919,3918,3926,6530,256083060,173894,174644,4095,3705,3900,3932,0,3920,0,0,0,2017-04-18,32522844,3918,79,0,0,0,0,0,0,0,0,3920,39,0,0,0,0,0,0,0,0
241,2017-04-18,09:02:03,371,jd1709,XDCE,3920,3918,3926,6544,256631800,173896,174644,4095,3705,3900,3932,0,3920,0,0,0,2017-04-18,32523371,3918,80,0,0,0,0,0,0,0,0,3920,35,0,0,0,0,0,0,0,0
242,2017-04-18,09:02:03,868,jd1709,XDCE,3918,3918,3926,6566,257493840,173910,174644,4095,3705,3900,3932,0,3920,0,0,0,2017-04-18,32523868,3918,72,0,0,0,0,0,0,0,0,3920,29,0,0,0,0,0,0,0,0
243,2017-04-18,09:02:04,366,jd1709,XDCE,3918,3918,3926,6588,258355800,173932,174644,4095,3705,3900,3932,0,3920,0,0,0,2017-04-18,32524366,3918,61,0,0,0,0,0,0,0,0,3920,22,0,0,0,0,0,0,0,0
244,2017-04-18,09:02:04,844,jd1709,XDCE,3918,3918,3926,6620,259609560,173934,174644,4095,3705,3900,3932,0,3920,0,0,0,2017-04-18,32524844,3918,45,0,0,0,0,0,0,0,0,3919,35,0,0,0,0,0,0,0,0
245,2017-04-18,09:02:05,359,jd1709,XDCE,3918,3918,3926,6630,260001360,173944,174644,4095,3705,3900,3932,0,3920,0,0,0,2017-04-18,32525359,3918,40,0,0,0,0,0,0,0,0,3919,35,0,0,0,0,0,0,0,0
246,2017-04-18,09:02:05,849,jd1709,XDCE,3918,3918,3926,6640,260393180,173952,174644,4095,3705,3900,3932,0,3920,0,0,0,2017-04-18,32525849,3918,36,0,0,0,0,0,0,0,0,3919,34,0,0,0,0,0,0,0,0
247,2017-04-18,09:02:06,250,jd1709,XDCE,3918,3918,3926,6642,260471540,173954,174644,4095,3705,3900,3932,0,3920,0,0,0,2017-04-18,32526250,3918,35,0,0,0,0,0,0,0,0,3919,37,0,0,0,0,0,0,0,0
248,2017-04-18,09:02:06,829,jd1709,XDCE,3918,3918,3926,6646,260628260,173958,174644,4095,3705,3900,3932,0,3920,0,0,0,2017-04-18,32526829,3918,33,0,0,0,0,0,0,0,0,3919,38,0,0,0,0,0,0,0,0
249,2017-04-18,09:02:07,333,jd1709,XDCE,3918,3918,3926,6650,260784980,173960,174644,4095,3705,3900,3932,0,3920,0,0,0,2017-04-18,32527333,3918,33,0,0,0,0,0,0,0,0,3919,39,0,0,0,0,0,0,0,0
250,2017-04-18,09:02:07,871,jd1709,XDCE,3918,3918,3926,6684,262117120,173978,174644,4095,3705,3900,3932,0,3920,0,0,0,2017-04-18,32527871,3918,17,0,0,0,0,0,0,0,0,3919,38,0,0,0,0,0,0,0,0
251,2017-04-18,09:02:08,353,jd1709,XDCE,3918,3917,3926,6726,263762620,173964,174644,4095,3705,3900,3932,0,3920,0,0,0,2017-04-18,32528353,3917,21,0,0,0,0,0,0,0,0,3918,8,0,0,0,0,0,0,0,0
252,2017-04-18,09:02:08,863,jd1709,XDCE,3918,3917,3926,6726,263762620,173964,174644,4095,3705,3900,3932,0,3920,0,0,0,2017-04-18,32528863,3917,21,0,0,0,0,0,0,0,0,3918,15,0,0,0,0,0,0,0,0
253,2017-04-18,09:02:09,354,jd1709,XDCE,3918,3917,3926,6778,265800160,173978,174644,4095,3705,3900,3932,0,3920,0,0,0,2017-04-18,32529354,3917,21,0,0,0,0,0,0,0,0,3918,6,0,0,0,0,0,0,0,0
254,2017-04-18,09:02:09,851,jd1709,XDCE,3917,3917,3926,6790,266270200,173974,174644,4095,3705,3900,3932,0,3920,0,0,0,2017-04-18,32529851,3917,15,0,0,0,0,0,0,0,0,3918,6,0,0,0,0,0,0,0,0
255,2017-04-18,09:02:10,347,jd1709,XDCE,3917,3917,3926,6800,266661980,173966,174644,4095,3705,3900,3932,0,3920,0,0,0,2017-04-18,32530347,3917,14,0,0,0,0,0,0,0,0,3918,15,0,0,0,0,0,0,0,0
256,2017-04-18,09:02:10,871,jd1709,XDCE,3917,3917,3926,6846,268463980,173970,174644,4095,3705,3900,3932,0,3920,0,0,0,2017-04-18,32530871,3917,12,0,0,0,0,0,0,0,0,3918,6,0,0,0,0,0,0,0,0
257,2017-04-18,09:02:11,340,jd1709,XDCE,3917,3917,3926,6858,268934040,173970,174644,4095,3705,3900,3932,0,3920,0,0,0,2017-04-18,32531340,3917,11,0,0,0,0,0,0,0,0,3918,8,0,0,0,0,0,0,0,0
258,2017-04-18,09:02:11,857,jd1709,XDCE,3917,3917,3926,6882,269874120,173972,174644,4095,3705,3900,3932,0,3920,0,0,0,2017-04-18,32531857,3916,39,0,0,0,0,0,0,0,0,3917,2,0,0,0,0,0,0,0,0
259,2017-04-18,09:02:12,354,jd1709,XDCE,3917,3917,3926,6890,270187500,173970,174644,4095,3705,3900,3932,0,3920,0,0,0,2017-04-18,32532354,3917,1,0,0,0,0,0,0,0,0,3918,12,0,0,0,0,0,0,0,0
260,2017-04-18,09:02:12,861,jd1709,XDCE,3917,3917,3926,6904,270735880,173970,174644,4095,3705,3900,3932,0,3920,0,0,0,2017-04-18,32532861,3916,41,0,0,0,0,0,0,0,0,3917,3,0,0,0,0,0,0,0,0
261,2017-04-18,09:02:13,360,jd1709,XDCE,3917,3917,3926,6912,271049240,173978,174644,4095,3705,3900,3932,0,3920,0,0,0,2017-04-18,32533360,3917,17,0,0,0,0,0,0,0,0,3918,23,0,0,0,0,0,0,0,0
262,2017-04-18,09:02:13,860,jd1709,XDCE,3917,3917,3926,6922,271440940,173986,174644,4095,3705,3900,3932,0,3920,0,0,0,2017-04-18,32533860,3917,12,0,0,0,0,0,0,0,0,3918,22,0,0,0,0,0,0,0,0
263,2017-04-18,09:02:14,278,jd1709,XDCE,3917,3917,3926,6924,271519280,173986,174644,4095,3705,3900,3932,0,3920,0,0,0,2017-04-18,32534278,3917,11,0,0,0,0,0,0,0,0,3918,22,0,0,0,0,0,0,0,0
264,2017-04-18,09:02:14,850,jd1709,XDCE,3917,3916,3926,6958,272851040,174020,174644,4095,3705,3900,3932,0,3920,0,0,0,2017-04-18,32534850,3916,40,0,0,0,0,0,0,0,0,3917,17,0,0,0,0,0,0,0,0
265,2017-04-18,09:02:15,350,jd1709,XDCE,3917,3916,3926,6966,273164400,174020,174644,4095,3705,3900,3932,0,3920,0,0,0,2017-04-18,32535350,3916,56,0,0,0,0,0,0,0,0,3917,16,0,0,0,0,0,0,0,0
266,2017-04-18,09:02:15,845,jd1709,XDCE,3917,3916,3926,6970,273321080,174020,174644,4095,3705,3900,3932,0,3920,0,0,0,2017-04-18,32535845,3916,43,0,0,0,0,0,0,0,0,3917,16,0,0,0,0,0,0,0,0
267,2017-04-18,09:02:16,265,jd1709,XDCE,3916,3916,3926,7002,274574500,174030,174644,4095,3705,3900,3932,0,3920,0,0,0,2017-04-18,32536265,3916,42,0,0,0,0,0,0,0,0,3917,3,0,0,0,0,0,0,0,0
268,2017-04-18,09:02:16,867,jd1709,XDCE,3916,3916,3926,7008,274809500,174028,174644,4095,3705,3900,3932,0,3920,0,0,0,2017-04-18,32536867,3916,41,0,0,0,0,0,0,0,0,3917,7,0,0,0,0,0,0,0,0
269,2017-04-18,09:02:17,334,jd1709,XDCE,3916,3916,3926,7016,275122780,174030,174644,4095,3705,3900,3932,0,3920,0,0,0,2017-04-18,32537334,3916,37,0,0,0,0,0,0,0,0,3917,10,0,0,0,0,0,0,0,0
270,2017-04-18,09:02:17,846,jd1709,XDCE,3916,3916,3926,7018,275201100,174030,174644,4095,3705,3900,3932,0,3920,0,0,0,2017-04-18,32537846,3916,37,0,0,0,0,0,0,0,0,3917,9,0,0,0,0,0,0,0,0
271,2017-04-18,09:02:18,301,jd1709,XDCE,3916,3916,3926,7034,275827740,174036,174644,4095,3705,3900,3932,0,3920,0,0,0,2017-04-18,32538301,3916,33,0,0,0,0,0,0,0,0,3917,6,0,0,0,0,0,0,0,0
272,2017-04-18,09:02:18,855,jd1709,XDCE,3916,3916,3926,7036,275906060,174036,174644,4095,3705,3900,3932,0,3920,0,0,0,2017-04-18,32538855,3916,33,0,0,0,0,0,0,0,0,3917,6,0,0,0,0,0,0,0,0
273,2017-04-18,09:02:19,361,jd1709,XDCE,3917,3916,3926,7040,276062720,174038,174644,4095,3705,3900,3932,0,3920,0,0,0,2017-04-18,32539361,3916,32,0,0,0,0,0,0,0,0,3917,6,0,0,0,0,0,0,0,0
274,2017-04-18,09:02:19,853,jd1709,XDCE,3918,3916,3926,7132,279667120,174010,174644,4095,3705,3900,3932,0,3920,0,0,0,2017-04-18,32539853,3918,92,0,0,0,0,0,0,0,0,3919,25,0,0,0,0,0,0,0,0
275,2017-04-18,09:02:20,313,jd1709,XDCE,3918,3916,3926,7152,280450720,173992,174644,4095,3705,3900,3932,0,3920,0,0,0,2017-04-18,32540313,3918,82,0,0,0,0,0,0,0,0,3919,25,0,0,0,0,0,0,0,0
276,2017-04-18,09:02:20,817,jd1709,XDCE,3918,3916,3926,7190,281939860,173958,174644,4095,3705,3900,3932,0,3920,0,0,0,2017-04-18,32540817,3918,78,0,0,0,0,0,0,0,0,3919,10,0,0,0,0,0,0,0,0
277,2017-04-18,09:02:21,326,jd1709,XDCE,3918,3916,3926,7258,284604420,173936,174644,4095,3705,3900,3932,0,3920,0,0,0,2017-04-18,32541326,3918,60,0,0,0,0,0,0,0,0,3920,33,0,0,0,0,0,0,0,0
278,2017-04-18,09:02:21,607,jd1709,XDCE,3918,3916,3926,7260,284682780,173934,174644,4095,3705,3900,3932,0,3920,0,0,0,2017-04-18,32541607,3919,5,0,0,0,0,0,0,0,0,3920,33,0,0,0,0,0,0,0,0
279,2017-04-18,09:02:22,225,jd1709,XDCE,3918,3916,3926,7260,284682780,173934,174644,4095,3705,3900,3932,0,3920,0,0,0,2017-04-18,32542225,3919,5,0,0,0,0,0,0,0,0,3920,34,0,0,0,0,0,0,0,0
280,2017-04-18,09:02:22,832,jd1709,XDCE,3919,3916,3926,7266,284917880,173934,174644,4095,3705,3900,3932,0,3920,0,0,0,2017-04-18,32542832,3919,2,0,0,0,0,0,0,0,0,3920,33,0,0,0,0,0,0,0,0
281,2017-04-18,09:02:23,152,jd1709,XDCE,3919,3916,3926,7268,284996260,173934,174644,4095,3705,3900,3932,0,3920,0,0,0,2017-04-18,32543152,3919,1,0,0,0,0,0,0,0,0,3920,33,0,0,0,0,0,0,0,0
282,2017-04-18,09:02:23,810,jd1709,XDCE,3919,3916,3926,7270,285074640,173932,174644,4095,3705,3900,3932,0,3920,0,0,0,2017-04-18,32543810,3918,59,0,0,0,0,0,0,0,0,3920,33,0,0,0,0,0,0,0,0
283,2017-04-18,09:02:24,344,jd1709,XDCE,3919,3916,3926,7270,285074640,173932,174644,4095,3705,3900,3932,0,3920,0,0,0,2017-04-18,32544344,3918,64,0,0,0,0,0,0,0,0,3919,3,0,0,0,0,0,0,0,0
284,2017-04-18,09:02:24,864,jd1709,XDCE,3919,3916,3926,7272,285153020,173930,174644,4095,3705,3900,3932,0,3920,0,0,0,2017-04-18,32544864,3918,64,0,0,0,0,0,0,0,0,3919,3,0,0,0,0,0,0,0,0
285,2017-04-18,09:02:25,363,jd1709,XDCE,3919,3916,3926,7274,285231400,173930,174644,4095,3705,3900,3932,0,3920,0,0,0,2017-04-18,32545363,3918,64,0,0,0,0,0,0,0,0,3919,2,0,0,0,0,0,0,0,0
286,2017-04-18,09:02:25,826,jd1709,XDCE,3919,3916,3926,7278,285388160,173930,174644,4095,3705,3900,3932,0,3920,0,0,0,2017-04-18,32545826,3918,64,0,0,0,0,0,0,0,0,3920,38,0,0,0,0,0,0,0,0
287,2017-04-18,09:02:26,300,jd1709,XDCE,3919,3916,3926,7280,285466540,173932,174644,4095,3705,3900,3932,0,3920,0,0,0,2017-04-18,32546300,3918,64,0,0,0,0,0,0,0,0,3920,38,0,0,0,0,0,0,0,0
288,2017-04-18,09:02:26,767,jd1709,XDCE,3918,3916,3926,7282,285544900,173932,174644,4095,3705,3900,3932,0,3920,0,0,0,2017-04-18,32546767,3918,63,0,0,0,0,0,0,0,0,3920,38,0,0,0,0,0,0,0,0
289,2017-04-18,09:02:27,313,jd1709,XDCE,3918,3916,3926,7282,285544900,173932,174644,4095,3705,3900,3932,0,3920,0,0,0,2017-04-18,32547313,3918,64,0,0,0,0,0,0,0,0,3920,38,0,0,0,0,0,0,0,0
290,2017-04-18,09:02:27,844,jd1709,XDCE,3918,3916,3926,7282,285544900,173932,174644,4095,3705,3900,3932,0,3920,0,0,0,2017-04-18,32547844,3918,64,0,0,0,0,0,0,0,0,3920,39,0,0,0,0,0,0,0,0
291,2017-04-18,09:02:28,351,jd1709,XDCE,3918,3916,3926,7352,288287500,173862,174644,4095,3705,3900,3932,0,3920,0,0,0,2017-04-18,32548351,3918,24,0,0,0,0,0,0,0,0,3920,39,0,0,0,0,0,0,0,0
292,2017-04-18,09:02:28,843,jd1709,XDCE,3919,3916,3926,7442,291813920,173816,174644,4095,3705,3900,3932,0,3920,0,0,0,2017-04-18,32548843,3919,1,0,0,0,0,0,0,0,0,3920,38,0,0,0,0,0,0,0,0
293,2017-04-18,09:02:29,343,jd1709,XDCE,3919,3916,3926,7444,291892300,173816,174644,4095,3705,3900,3932,0,3920,0,0,0,2017-04-18,32549343,3918,2,0,0,0,0,0,0,0,0,3919,27,0,0,0,0,0,0,0,0
294,2017-04-18,09:02:29,835,jd1709,XDCE,3918,3916,3926,7452,292205720,173814,174644,4095,3705,3900,3932,0,3920,0,0,0,2017-04-18,32549835,3917,24,0,0,0,0,0,0,0,0,3918,9,0,0,0,0,0,0,0,0
295,2017-04-18,09:02:30,329,jd1709,XDCE,3918,3916,3926,7454,292284080,173814,174644,4095,3705,3900,3932,0,3920,0,0,0,2017-04-18,32550329,3917,24,0,0,0,0,0,0,0,0,3918,8,0,0,0,0,0,0,0,0
296,2017-04-18,09:02:30,848,jd1709,XDCE,3917,3916,3926,7460,292519120,173816,174644,4095,3705,3900,3932,0,3920,0,0,0,2017-04-18,32550848,3917,25,0,0,0,0,0,0,0,0,3918,7,0,0,0,0,0,0,0,0
297,2017-04-18,09:02:31,289,jd1709,XDCE,3917,3916,3926,7464,292675820,173818,174644,4095,3705,3900,3932,0,3920,0,0,0,2017-04-18,32551289,3917,24,0,0,0,0,0,0,0,0,3918,6,0,0,0,0,0,0,0,0
298,2017-04-18,09:02:31,758,jd1709,XDCE,3918,3916,3926,7466,292754180,173818,174644,4095,3705,3900,3932,0,3920,0,0,0,2017-04-18,32551758,3917,24,0,0,0,0,0,0,0,0,3918,25,0,0,0,0,0,0,0,0
299,2017-04-18,09:02:32,279,jd1709,XDCE,3918,3916,3926,7486,293537780,173830,174644,4095,3705,3900,3932,0,3920,0,0,0,2017-04-18,32552279,3917,25,0,0,0,0,0,0,0,0,3918,16,0,0,0,0,0,0,0,0
300,2017-04-18,09:02:32,846,jd1709,XDCE,3918,3916,3926,7490,293694480,173830,174644,4095,3705,3900,3932,0,3920,0,0,0,2017-04-18,32552846,3917,27,0,0,0,0,0,0,0,0,3918,15,0,0,0,0,0,0,0,0
301,2017-04-18,09:02:33,366,jd1709,XDCE,3917,3916,3926,7494,293851160,173834,174644,4095,3705,3900,3932,0,3920,0,0,0,2017-04-18,32553366,3917,25,0,0,0,0,0,0,0,0,3918,16,0,0,0,0,0,0,0,0
302,2017-04-18,09:02:34,330,jd1709,XDCE,3918,3916,3926,7512,294556260,173842,174644,4095,3705,3900,3932,0,3920,0,0,0,2017-04-18,32554330,3917,20,0,0,0,0,0,0,0,0,3918,14,0,0,0,0,0,0,0,0
303,2017-04-18,09:02:34,795,jd1709,XDCE,3918,3916,3926,7512,294556260,173842,174644,4095,3705,3900,3932,0,3920,0,0,0,2017-04-18,32554795,3917,20,0,0,0,0,0,0,0,0,3918,15,0,0,0,0,0,0,0,0
304,2017-04-18,09:02:35,298,jd1709,XDCE,3918,3916,3926,7512,294556260,173842,174644,4095,3705,3900,3932,0,3920,0,0,0,2017-04-18,32555298,3917,21,0,0,0,0,0,0,0,0,3918,15,0,0,0,0,0,0,0,0
305,2017-04-18,09:02:35,853,jd1709,XDCE,3917,3916,3926,7516,294712940,173842,174644,4095,3705,3900,3932,0,3920,0,0,0,2017-04-18,32555853,3917,19,0,0,0,0,0,0,0,0,3918,15,0,0,0,0,0,0,0,0
306,2017-04-18,09:02:36,345,jd1709,XDCE,3917,3916,3926,7544,295809780,173850,174644,4095,3705,3900,3932,0,3920,0,0,0,2017-04-18,32556345,3917,10,0,0,0,0,0,0,0,0,3918,20,0,0,0,0,0,0,0,0
307,2017-04-18,09:02:36,861,jd1709,XDCE,3917,3916,3926,7544,295809780,173850,174644,4095,3705,3900,3932,0,3920,0,0,0,2017-04-18,32556861,3917,11,0,0,0,0,0,0,0,0,3918,22,0,0,0,0,0,0,0,0
308,2017-04-18,09:02:37,326,jd1709,XDCE,3917,3916,3926,7550,296044820,173852,174644,4095,3705,3900,3932,0,3920,0,0,0,2017-04-18,32557326,3917,12,0,0,0,0,0,0,0,0,3918,21,0,0,0,0,0,0,0,0
309,2017-04-18,09:02:37,856,jd1709,XDCE,3918,3916,3926,7574,296985140,173848,174644,4095,3705,3900,3932,0,3920,0,0,0,2017-04-18,32557856,3917,16,0,0,0,0,0,0,0,0,3918,9,0,0,0,0,0,0,0,0
310,2017-04-18,09:02:38,354,jd1709,XDCE,3918,3916,3926,7578,297141860,173848,174644,4095,3705,3900,3932,0,3920,0,0,0,2017-04-18,32558354,3917,20,0,0,0,0,0,0,0,0,3918,4,0,0,0,0,0,0,0,0
311,2017-04-18,09:02:38,825,jd1709,XDCE,3918,3916,3926,7586,297455300,173844,174644,4095,3705,3900,3932,0,3920,0,0,0,2017-04-18,32558825,3918,8,0,0,0,0,0,0,0,0,3919,45,0,0,0,0,0,0,0,0
312,2017-04-18,09:02:39,164,jd1709,XDCE,3918,3916,3926,7588,297533660,173846,174644,4095,3705,3900,3932,0,3920,0,0,0,2017-04-18,32559164,3918,7,0,0,0,0,0,0,0,0,3919,45,0,0,0,0,0,0,0,0
313,2017-04-18,09:02:39,844,jd1709,XDCE,3918,3916,3926,7592,297690400,173844,174644,4095,3705,3900,3932,0,3920,0,0,0,2017-04-18,32559844,3918,22,0,0,0,0,0,0,0,0,3919,44,0,0,0,0,0,0,0,0
314,2017-04-18,09:02:40,339,jd1709,XDCE,3918,3916,3926,7636,299414320,173888,174644,4095,3705,3900,3932,0,3920,0,0,0,2017-04-18,32560339,3917,31,0,0,0,0,0,0,0,0,3918,8,0,0,0,0,0,0,0,0
315,2017-04-18,09:02:40,840,jd1709,XDCE,3917,3916,3926,7662,300432800,173898,174644,4095,3705,3900,3932,0,3920,0,0,0,2017-04-18,32560840,3917,21,0,0,0,0,0,0,0,0,3918,7,0,0,0,0,0,0,0,0
316,2017-04-18,09:02:41,339,jd1709,XDCE,3918,3916,3926,7666,300589520,173900,174644,4095,3705,3900,3932,0,3920,0,0,0,2017-04-18,32561339,3917,22,0,0,0,0,0,0,0,0,3918,6,0,0,0,0,0,0,0,0
317,2017-04-18,09:02:41,794,jd1709,XDCE,3918,3916,3926,7672,300824600,173902,174644,4095,3705,3900,3932,0,3920,0,0,0,2017-04-18,32561794,3917,22,0,0,0,0,0,0,0,0,3918,18,0,0,0,0,0,0,0,0
318,2017-04-18,09:02:42,326,jd1709,XDCE,3917,3916,3926,7688,301451380,173894,174644,4095,3705,3900,3932,0,3920,0,0,0,2017-04-18,32562326,3917,19,0,0,0,0,0,0,0,0,3918,15,0,0,0,0,0,0,0,0
319,2017-04-18,09:02:42,775,jd1709,XDCE,3917,3916,3926,7688,301451380,173894,174644,4095,3705,3900,3932,0,3920,0,0,0,2017-04-18,32562775,3917,19,0,0,0,0,0,0,0,0,3918,30,0,0,0,0,0,0,0,0
320,2017-04-18,09:02:43,208,jd1709,XDCE,3918,3916,3926,7696,301764820,173900,174644,4095,3705,3900,3932,0,3920,0,0,0,2017-04-18,32563208,3917,21,0,0,0,0,0,0,0,0,3918,26,0,0,0,0,0,0,0,0
321,2017-04-18,09:02:43,821,jd1709,XDCE,3917,3916,3926,7700,301921520,173898,174644,4095,3705,3900,3932,0,3920,0,0,0,2017-04-18,32563821,3917,20,0,0,0,0,0,0,0,0,3918,25,0,0,0,0,0,0,0,0
322,2017-04-18,09:02:44,324,jd1709,XDCE,3918,3916,3926,7702,301999880,173898,174644,4095,3705,3900,3932,0,3920,0,0,0,2017-04-18,32564324,3917,20,0,0,0,0,0,0,0,0,3918,24,0,0,0,0,0,0,0,0
323,2017-04-18,09:02:44,709,jd1709,XDCE,3917,3916,3926,7710,302313300,173900,174644,4095,3705,3900,3932,0,3920,0,0,0,2017-04-18,32564709,3917,21,0,0,0,0,0,0,0,0,3918,22,0,0,0,0,0,0,0,0
324,2017-04-18,09:02:45,343,jd1709,XDCE,3917,3916,3926,7714,302469980,173902,174644,4095,3705,3900,3932,0,3920,0,0,0,2017-04-18,32565343,3917,19,0,0,0,0,0,0,0,0,3918,22,0,0,0,0,0,0,0,0
325,2017-04-18,09:02:45,769,jd1709,XDCE,3918,3916,3926,7722,302783400,173906,174644,4095,3705,3900,3932,0,3920,0,0,0,2017-04-18,32565769,3917,30,0,0,0,0,0,0,0,0,3918,20,0,0,0,0,0,0,0,0
326,2017-04-18,09:02:46,340,jd1709,XDCE,3918,3916,3926,7722,302783400,173906,174644,4095,3705,3900,3932,0,3920,0,0,0,2017-04-18,32566340,3917,30,0,0,0,0,0,0,0,0,3918,30,0,0,0,0,0,0,0,0
327,2017-04-18,09:02:46,861,jd1709,XDCE,3917,3916,3926,7724,302861740,173906,174644,4095,3705,3900,3932,0,3920,0,0,0,2017-04-18,32566861,3917,29,0,0,0,0,0,0,0,0,3918,66,0,0,0,0,0,0,0,0
328,2017-04-18,09:02:47,270,jd1709,XDCE,3917,3916,3926,7764,304428540,173898,174644,4095,3705,3900,3932,0,3920,0,0,0,2017-04-18,32567270,3917,12,0,0,0,0,0,0,0,0,3918,66,0,0,0,0,0,0,0,0
329,2017-04-18,09:02:47,663,jd1709,XDCE,3917,3916,3926,7766,304506880,173900,174644,4095,3705,3900,3932,0,3920,0,0,0,2017-04-18,32567663,3917,11,0,0,0,0,0,0,0,0,3918,66,0,0,0,0,0,0,0,0
330,2017-04-18,09:02:48,840,jd1709,XDCE,3917,3916,3926,7790,305446960,173920,174644,4095,3705,3900,3932,0,3920,0,0,0,2017-04-18,32568840,3916,44,0,0,0,0,0,0,0,0,3917,5,0,0,0,0,0,0,0,0
331,2017-04-18,09:02:49,262,jd1709,XDCE,3917,3916,3926,7798,305760320,173918,174644,4095,3705,3900,3932,0,3920,0,0,0,2017-04-18,32569262,3916,46,0,0,0,0,0,0,0,0,3917,2,0,0,0,0,0,0,0,0
332,2017-04-18,09:02:49,478,jd1709,XDCE,3917,3916,3926,7800,305838660,173916,174644,4095,3705,3900,3932,0,3920,0,0,0,2017-04-18,32569478,3916,46,0,0,0,0,0,0,0,0,3917,1,0,0,0,0,0,0,0,0
333,2017-04-18,09:02:50,350,jd1709,XDCE,3917,3916,3926,7804,305995340,173918,174644,4095,3705,3900,3932,0,3920,0,0,0,2017-04-18,32570350,3916,46,0,0,0,0,0,0,0,0,3917,2,0,0,0,0,0,0,0,0
334,2017-04-18,09:02:50,686,jd1709,XDCE,3917,3916,3926,7808,306152020,173916,174644,4095,3705,3900,3932,0,3920,0,0,0,2017-04-18,32570686,3917,2,0,0,0,0,0,0,0,0,3918,81,0,0,0,0,0,0,0,0
335,2017-04-18,09:02:51,343,jd1709,XDCE,3917,3916,3926,7812,306308700,173916,174644,4095,3705,3900,3932,0,3920,0,0,0,2017-04-18,32571343,3916,45,0,0,0,0,0,0,0,0,3918,82,0,0,0,0,0,0,0,0
336,2017-04-18,09:02:51,843,jd1709,XDCE,3917,3916,3926,7818,306543720,173912,174644,4095,3705,3900,3932,0,3920,0,0,0,2017-04-18,32571843,3916,67,0,0,0,0,0,0,0,0,3918,78,0,0,0,0,0,0,0,0
337,2017-04-18,09:02:52,251,jd1709,XDCE,3918,3916,3926,7822,306700400,173914,174644,4095,3705,3900,3932,0,3920,0,0,0,2017-04-18,32572251,3916,66,0,0,0,0,0,0,0,0,3918,77,0,0,0,0,0,0,0,0
338,2017-04-18,09:02:52,858,jd1709,XDCE,3916,3916,3926,7884,309128320,173954,174644,4095,3705,3900,3932,0,3920,0,0,0,2017-04-18,32572858,3916,35,0,0,0,0,0,0,0,0,3918,47,0,0,0,0,0,0,0,0
339,2017-04-18,09:02:53,341,jd1709,XDCE,3917,3916,3926,7886,309206660,173956,174644,4095,3705,3900,3932,0,3920,0,0,0,2017-04-18,32573341,3916,35,0,0,0,0,0,0,0,0,3917,4,0,0,0,0,0,0,0,0
340,2017-04-18,09:02:54,357,jd1709,XDCE,3917,3916,3926,7930,310929720,173976,174644,4095,3705,3900,3932,0,3920,0,0,0,2017-04-18,32574357,3916,26,0,0,0,0,0,0,0,0,3917,11,0,0,0,0,0,0,0,0
341,2017-04-18,09:02:54,839,jd1709,XDCE,3916,3916,3926,7994,313435980,173938,174644,4095,3705,3900,3932,0,3920,0,0,0,2017-04-18,32574839,3916,1,0,0,0,0,0,0,0,0,3917,15,0,0,0,0,0,0,0,0
342,2017-04-18,09:02:55,340,jd1709,XDCE,3917,3916,3926,8000,313671000,173934,174644,4095,3705,3900,3932,0,3920,0,0,0,2017-04-18,32575340,3916,2,0,0,0,0,0,0,0,0,3917,12,0,0,0,0,0,0,0,0
343,2017-04-18,09:02:55,803,jd1709,XDCE,3916,3916,3926,8018,314375980,173940,174644,4095,3705,3900,3932,0,3920,0,0,0,2017-04-18,32575803,3915,119,0,0,0,0,0,0,0,0,3916,36,0,0,0,0,0,0,0,0
344,2017-04-18,09:02:56,344,jd1709,XDCE,3916,3916,3926,8018,314375980,173940,174644,4095,3705,3900,3932,0,3920,0,0,0,2017-04-18,32576344,3915,119,0,0,0,0,0,0,0,0,3916,46,0,0,0,0,0,0,0,0
345,2017-04-18,09:02:56,788,jd1709,XDCE,3916,3916,3926,8022,314532620,173940,174644,4095,3705,3900,3932,0,3920,0,0,0,2017-04-18,32576788,3915,119,0,0,0,0,0,0,0,0,3916,46,0,0,0,0,0,0,0,0
346,2017-04-18,09:02:57,319,jd1709,XDCE,3916,3916,3926,8024,314610940,173940,174644,4095,3705,3900,3932,0,3920,0,0,0,2017-04-18,32577319,3915,119,0,0,0,0,0,0,0,0,3916,45,0,0,0,0,0,0,0,0
347,2017-04-18,09:02:57,785,jd1709,XDCE,3916,3916,3926,8026,314689260,173940,174644,4095,3705,3900,3932,0,3920,0,0,0,2017-04-18,32577785,3915,120,0,0,0,0,0,0,0,0,3916,44,0,0,0,0,0,0,0,0
348,2017-04-18,09:02:58,369,jd1709,XDCE,3915,3915,3926,8046,315472260,173940,174644,4095,3705,3900,3932,0,3920,0,0,0,2017-04-18,32578369,3915,111,0,0,0,0,0,0,0,0,3916,50,0,0,0,0,0,0,0,0
349,2017-04-18,09:02:58,757,jd1709,XDCE,3915,3915,3926,8070,316411900,173946,174644,4095,3705,3900,3932,0,3920,0,0,0,2017-04-18,32578757,3915,102,0,0,0,0,0,0,0,0,3916,48,0,0,0,0,0,0,0,0
350,2017-04-18,09:02:59,316,jd1709,XDCE,3916,3915,3926,8074,316568520,173950,174644,4095,3705,3900,3932,0,3920,0,0,0,2017-04-18,32579316,3915,106,0,0,0,0,0,0,0,0,3916,47,0,0,0,0,0,0,0,0
351,2017-04-18,09:02:59,614,jd1709,XDCE,3916,3915,3926,8076,316646840,173950,174644,4095,3705,3900,3932,0,3920,0,0,0,2017-04-18,32579614,3915,106,0,0,0,0,0,0,0,0,3916,51,0,0,0,0,0,0,0,0
352,2017-04-18,09:03:00,360,jd1709,XDCE,3916,3915,3926,8076,316646840,173950,174644,4095,3705,3900,3932,0,3920,0,0,0,2017-04-18,32580360,3915,108,0,0,0,0,0,0,0,0,3916,51,0,0,0,0,0,0,0,0
353,2017-04-18,09:03:00,849,jd1709,XDCE,3916,3915,3926,8138,319074180,173936,174644,4095,3705,3900,3932,0,3920,0,0,0,2017-04-18,32580849,3915,79,0,0,0,0,0,0,0,0,3916,49,0,0,0,0,0,0,0,0
354,2017-04-18,09:03:01,340,jd1709,XDCE,3915,3915,3926,8178,320640180,173904,174644,4095,3705,3900,3932,0,3920,0,0,0,2017-04-18,32581340,3915,59,0,0,0,0,0,0,0,0,3916,54,0,0,0,0,0,0,0,0
355,2017-04-18,09:03:01,842,jd1709,XDCE,3915,3915,3926,8202,321579940,173920,174644,4095,3705,3900,3932,0,3920,0,0,0,2017-04-18,32581842,3915,56,0,0,0,0,0,0,0,0,3916,52,0,0,0,0,0,0,0,0
356,2017-04-18,09:03:02,346,jd1709,XDCE,3915,3915,3926,8212,321971440,173912,174644,4095,3705,3900,3932,0,3920,0,0,0,2017-04-18,32582346,3915,51,0,0,0,0,0,0,0,0,3916,52,0,0,0,0,0,0,0,0
357,2017-04-18,09:03:02,724,jd1709,XDCE,3915,3915,3926,8216,322128040,173912,174644,4095,3705,3900,3932,0,3920,0,0,0,2017-04-18,32582724,3915,49,0,0,0,0,0,0,0,0,3916,52,0,0,0,0,0,0,0,0
358,2017-04-18,09:03:03,343,jd1709,XDCE,3915,3915,3926,8268,324163860,173902,174644,4095,3705,3900,3932,0,3920,0,0,0,2017-04-18,32583343,3915,28,0,0,0,0,0,0,0,0,3916,52,0,0,0,0,0,0,0,0
359,2017-04-18,09:03:03,871,jd1709,XDCE,3915,3915,3926,8270,324242160,173902,174644,4095,3705,3900,3932,0,3920,0,0,0,2017-04-18,32583871,3915,26,0,0,0,0,0,0,0,0,3916,52,0,0,0,0,0,0,0,0
360,2017-04-18,09:03:04,348,jd1709,XDCE,3915,3915,3926,8316,326043060,173928,174644,4095,3705,3900,3932,0,3920,0,0,0,2017-04-18,32584348,3915,6,0,0,0,0,0,0,0,0,3916,55,0,0,0,0,0,0,0,0
361,2017-04-18,09:03:04,841,jd1709,XDCE,3915,3915,3926,8316,326043060,173928,174644,4095,3705,3900,3932,0,3920,0,0,0,2017-04-18,32584841,3915,26,0,0,0,0,0,0,0,0,3916,56,0,0,0,0,0,0,0,0
362,2017-04-18,09:03:05,228,jd1709,XDCE,3916,3915,3926,8322,326277980,173930,174644,4095,3705,3900,3932,0,3920,0,0,0,2017-04-18,32585228,3915,23,0,0,0,0,0,0,0,0,3916,55,0,0,0,0,0,0,0,0
363,2017-04-18,09:03:05,851,jd1709,XDCE,3916,3915,3926,8330,326591200,173938,174644,4095,3705,3900,3932,0,3920,0,0,0,2017-04-18,32585851,3915,21,0,0,0,0,0,0,0,0,3916,54,0,0,0,0,0,0,0,0
364,2017-04-18,09:03:06,304,jd1709,XDCE,3915,3915,3926,8340,326982700,173948,174644,4095,3705,3900,3932,0,3920,0,0,0,2017-04-18,32586304,3915,15,0,0,0,0,0,0,0,0,3916,56,0,0,0,0,0,0,0,0
365,2017-04-18,09:03:06,714,jd1709,XDCE,3916,3915,3926,8346,327217660,173954,174644,4095,3705,3900,3932,0,3920,0,0,0,2017-04-18,32586714,3915,20,0,0,0,0,0,0,0,0,3916,55,0,0,0,0,0,0,0,0
366,2017-04-18,09:03:07,326,jd1709,XDCE,3915,3915,3926,8348,327295960,173954,174644,4095,3705,3900,3932,0,3920,0,0,0,2017-04-18,32587326,3915,21,0,0,0,0,0,0,0,0,3916,55,0,0,0,0,0,0,0,0
367,2017-04-18,09:03:07,865,jd1709,XDCE,3915,3915,3926,8390,328940260,173956,174644,4095,3705,3900,3932,0,3920,0,0,0,2017-04-18,32587865,3914,78,0,0,0,0,0,0,0,0,3915,4,0,0,0,0,0,0,0,0
368,2017-04-18,09:03:08,237,jd1709,XDCE,3915,3915,3926,8394,329096860,173960,174644,4095,3705,3900,3932,0,3920,0,0,0,2017-04-18,32588237,3914,78,0,0,0,0,0,0,0,0,3915,8,0,0,0,0,0,0,0,0
369,2017-04-18,09:03:08,787,jd1709,XDCE,3915,3915,3926,8412,329801560,173972,174644,4095,3705,3900,3932,0,3920,0,0,0,2017-04-18,32588787,3914,75,0,0,0,0,0,0,0,0,3916,76,0,0,0,0,0,0,0,0
370,2017-04-18,09:03:09,331,jd1709,XDCE,3914,3914,3926,8434,330663040,173994,174644,4095,3705,3900,3932,0,3920,0,0,0,2017-04-18,32589331,3914,74,0,0,0,0,0,0,0,0,3916,66,0,0,0,0,0,0,0,0
371,2017-04-18,09:03:09,853,jd1709,XDCE,3914,3914,3926,8446,331132720,173982,174644,4095,3705,3900,3932,0,3920,0,0,0,2017-04-18,32589853,3914,68,0,0,0,0,0,0,0,0,3915,1,0,0,0,0,0,0,0,0
372,2017-04-18,09:03:10,364,jd1709,XDCE,3915,3914,3926,8482,332542060,173980,174644,4095,3705,3900,3932,0,3920,0,0,0,2017-04-18,32590364,3915,36,0,0,0,0,0,0,0,0,3916,67,0,0,0,0,0,0,0,0
373,2017-04-18,09:03:10,835,jd1709,XDCE,3916,3914,3926,8484,332620380,173982,174644,4095,3705,3900,3932,0,3920,0,0,0,2017-04-18,32590835,3915,36,0,0,0,0,0,0,0,0,3916,66,0,0,0,0,0,0,0,0
374,2017-04-18,09:03:11,307,jd1709,XDCE,3916,3914,3926,8484,332620380,173982,174644,4095,3705,3900,3932,0,3920,0,0,0,2017-04-18,32591307,3915,37,0,0,0,0,0,0,0,0,3916,66,0,0,0,0,0,0,0,0
375,2017-04-18,09:03:11,770,jd1709,XDCE,3916,3914,3926,8488,332777020,173982,174644,4095,3705,3900,3932,0,3920,0,0,0,2017-04-18,32591770,3915,45,0,0,0,0,0,0,0,0,3916,64,0,0,0,0,0,0,0,0
376,2017-04-18,09:03:12,225,jd1709,XDCE,3915,3914,3926,8490,332855320,173982,174644,4095,3705,3900,3932,0,3920,0,0,0,2017-04-18,32592225,3915,47,0,0,0,0,0,0,0,0,3916,64,0,0,0,0,0,0,0,0
377,2017-04-18,09:03:12,712,jd1709,XDCE,3916,3914,3926,8502,333325220,173982,174644,4095,3705,3900,3932,0,3920,0,0,0,2017-04-18,32592712,3915,41,0,0,0,0,0,0,0,0,3916,59,0,0,0,0,0,0,0,0
378,2017-04-18,09:03:13,308,jd1709,XDCE,3915,3914,3926,8510,333638440,173984,174644,4095,3705,3900,3932,0,3920,0,0,0,2017-04-18,32593308,3915,37,0,0,0,0,0,0,0,0,3916,58,0,0,0,0,0,0,0,0
379,2017-04-18,09:03:13,828,jd1709,XDCE,3916,3914,3926,8514,333795060,173984,174644,4095,3705,3900,3932,0,3920,0,0,0,2017-04-18,32593828,3915,36,0,0,0,0,0,0,0,0,3916,59,0,0,0,0,0,0,0,0
380,2017-04-18,09:03:14,260,jd1709,XDCE,3916,3914,3926,8526,334264920,173978,174644,4095,3705,3900,3932,0,3920,0,0,0,2017-04-18,32594260,3915,35,0,0,0,0,0,0,0,0,3916,57,0,0,0,0,0,0,0,0
381,2017-04-18,09:03:14,824,jd1709,XDCE,3915,3914,3926,8530,334421540,173980,174644,4095,3705,3900,3932,0,3920,0,0,0,2017-04-18,32594824,3915,34,0,0,0,0,0,0,0,0,3916,61,0,0,0,0,0,0,0,0
382,2017-04-18,09:03:15,352,jd1709,XDCE,3916,3914,3926,8532,334499860,173982,174644,4095,3705,3900,3932,0,3920,0,0,0,2017-04-18,32595352,3915,36,0,0,0,0,0,0,0,0,3916,60,0,0,0,0,0,0,0,0
383,2017-04-18,09:03:15,701,jd1709,XDCE,3915,3914,3926,8570,335987560,173970,174644,4095,3705,3900,3932,0,3920,0,0,0,2017-04-18,32595701,3915,17,0,0,0,0,0,0,0,0,3916,60,0,0,0,0,0,0,0,0
384,2017-04-18,09:03:16,299,jd1709,XDCE,3915,3914,3926,8592,336848860,173972,174644,4095,3705,3900,3932,0,3920,0,0,0,2017-04-18,32596299,3915,17,0,0,0,0,0,0,0,0,3916,60,0,0,0,0,0,0,0,0
385,2017-04-18,09:03:16,870,jd1709,XDCE,3915,3914,3926,8606,337397000,173978,174644,4095,3705,3900,3932,0,3920,0,0,0,2017-04-18,32596870,3915,13,0,0,0,0,0,0,0,0,3916,55,0,0,0,0,0,0,0,0
386,2017-04-18,09:03:17,312,jd1709,XDCE,3916,3914,3926,8622,338023560,173992,174644,4095,3705,3900,3932,0,3920,0,0,0,2017-04-18,32597312,3915,14,0,0,0,0,0,0,0,0,3916,49,0,0,0,0,0,0,0,0
387,2017-04-18,09:03:17,749,jd1709,XDCE,3915,3914,3926,8628,338258480,173994,174644,4095,3705,3900,3932,0,3920,0,0,0,2017-04-18,32597749,3915,12,0,0,0,0,0,0,0,0,3916,48,0,0,0,0,0,0,0,0
388,2017-04-18,09:03:18,280,jd1709,XDCE,3915,3914,3926,8640,338728300,173992,174644,4095,3705,3900,3932,0,3920,0,0,0,2017-04-18,32598280,3915,7,0,0,0,0,0,0,0,0,3916,47,0,0,0,0,0,0,0,0
389,2017-04-18,09:03:18,801,jd1709,XDCE,3915,3914,3926,8656,339354740,174002,174644,4095,3705,3900,3932,0,3920,0,0,0,2017-04-18,32598801,3915,2,0,0,0,0,0,0,0,0,3916,44,0,0,0,0,0,0,0,0
390,2017-04-18,09:03:19,348,jd1709,XDCE,3916,3914,3926,8664,339667980,174000,174644,4095,3705,3900,3932,0,3920,0,0,0,2017-04-18,32599348,3915,3,0,0,0,0,0,0,0,0,3916,43,0,0,0,0,0,0,0,0
391,2017-04-18,09:03:19,837,jd1709,XDCE,3916,3914,3926,8666,339746300,173998,174644,4095,3705,3900,3932,0,3920,0,0,0,2017-04-18,32599837,3915,4,0,0,0,0,0,0,0,0,3916,42,0,0,0,0,0,0,0,0
392,2017-04-18,09:03:20,343,jd1709,XDCE,3915,3914,3926,8678,340216100,174006,174644,4095,3705,3900,3932,0,3920,0,0,0,2017-04-18,32600343,3915,5,0,0,0,0,0,0,0,0,3916,42,0,0,0,0,0,0,0,0
393,2017-04-18,09:03:20,775,jd1709,XDCE,3916,3914,3926,8680,340294420,174004,174644,4095,3705,3900,3932,0,3920,0,0,0,2017-04-18,32600775,3915,5,0,0,0,0,0,0,0,0,3916,41,0,0,0,0,0,0,0,0
394,2017-04-18,09:03:21,348,jd1709,XDCE,3916,3914,3926,8694,340842540,173992,174644,4095,3705,3900,3932,0,3920,0,0,0,2017-04-18,32601348,3915,4,0,0,0,0,0,0,0,0,3916,37,0,0,0,0,0,0,0,0
395,2017-04-18,09:03:22,345,jd1709,XDCE,3915,3914,3926,8704,341234120,173988,174644,4095,3705,3900,3932,0,3920,0,0,0,2017-04-18,32602345,3915,5,0,0,0,0,0,0,0,0,3916,34,0,0,0,0,0,0,0,0
396,2017-04-18,09:03:22,868,jd1709,XDCE,3915,3914,3926,8704,341234120,173988,174644,4095,3705,3900,3932,0,3920,0,0,0,2017-04-18,32602868,3915,6,0,0,0,0,0,0,0,0,3916,35,0,0,0,0,0,0,0,0
397,2017-04-18,09:03:23,271,jd1709,XDCE,3915,3914,3926,8704,341234120,173988,174644,4095,3705,3900,3932,0,3920,0,0,0,2017-04-18,32603271,3915,9,0,0,0,0,0,0,0,0,3916,36,0,0,0,0,0,0,0,0
398,2017-04-18,09:03:23,802,jd1709,XDCE,3915,3914,3926,8704,341234120,173988,174644,4095,3705,3900,3932,0,3920,0,0,0,2017-04-18,32603802,3915,10,0,0,0,0,0,0,0,0,3916,39,0,0,0,0,0,0,0,0
399,2017-04-18,09:03:24,299,jd1709,XDCE,3915,3914,3926,8724,342017120,173994,174644,4095,3705,3900,3932,0,3920,0,0,0,2017-04-18,32604299,3915,3,0,0,0,0,0,0,0,0,3916,39,0,0,0,0,0,0,0,0
400,2017-04-18,09:03:24,843,jd1709,XDCE,3916,3914,3926,8728,342173740,173992,174644,4095,3705,3900,3932,0,3920,0,0,0,2017-04-18,32604843,3915,9,0,0,0,0,0,0,0,0,3916,38,0,0,0,0,0,0,0,0
401,2017-04-18,09:03:25,311,jd1709,XDCE,3916,3914,3926,8732,342330360,173990,174644,4095,3705,3900,3932,0,3920,0,0,0,2017-04-18,32605311,3915,8,0,0,0,0,0,0,0,0,3916,37,0,0,0,0,0,0,0,0
402,2017-04-18,09:03:25,721,jd1709,XDCE,3916,3914,3926,8732,342330360,173990,174644,4095,3705,3900,3932,0,3920,0,0,0,2017-04-18,32605721,3915,11,0,0,0,0,0,0,0,0,3916,37,0,0,0,0,0,0,0,0
403,2017-04-18,09:03:26,363,jd1709,XDCE,3916,3914,3926,8734,342408680,173990,174644,4095,3705,3900,3932,0,3920,0,0,0,2017-04-18,32606363,3915,15,0,0,0,0,0,0,0,0,3916,36,0,0,0,0,0,0,0,0
404,2017-04-18,09:03:26,820,jd1709,XDCE,3916,3914,3926,8734,342408680,173990,174644,4095,3705,3900,3932,0,3920,0,0,0,2017-04-18,32606820,3915,19,0,0,0,0,0,0,0,0,3916,37,0,0,0,0,0,0,0,0
405,2017-04-18,09:03:27,318,jd1709,XDCE,3915,3914,3926,8736,342486980,173990,174644,4095,3705,3900,3932,0,3920,0,0,0,2017-04-18,32607318,3915,19,0,0,0,0,0,0,0,0,3916,37,0,0,0,0,0,0,0,0
406,2017-04-18,09:03:27,865,jd1709,XDCE,3916,3914,3926,8810,345384820,173944,174644,4095,3705,3900,3932,0,3920,0,0,0,2017-04-18,32607865,3916,17,0,0,0,0,0,0,0,0,3917,32,0,0,0,0,0,0,0,0
407,2017-04-18,09:03:28,347,jd1709,XDCE,3916,3914,3926,8832,346246360,173936,174644,4095,3705,3900,3932,0,3920,0,0,0,2017-04-18,32608347,3916,8,0,0,0,0,0,0,0,0,3917,27,0,0,0,0,0,0,0,0
408,2017-04-18,09:03:28,804,jd1709,XDCE,3917,3914,3926,8834,346324700,173934,174644,4095,3705,3900,3932,0,3920,0,0,0,2017-04-18,32608804,3916,10,0,0,0,0,0,0,0,0,3917,26,0,0,0,0,0,0,0,0
409,2017-04-18,09:03:29,834,jd1709,XDCE,3916,3914,3926,8838,346481340,173938,174644,4095,3705,3900,3932,0,3920,0,0,0,2017-04-18,32609834,3916,12,0,0,0,0,0,0,0,0,3917,26,0,0,0,0,0,0,0,0
410,2017-04-18,09:03:30,344,jd1709,XDCE,3916,3914,3926,8842,346637980,173942,174644,4095,3705,3900,3932,0,3920,0,0,0,2017-04-18,32610344,3916,10,0,0,0,0,0,0,0,0,3917,26,0,0,0,0,0,0,0,0
411,2017-04-18,09:03:32,366,jd1709,XDCE,3917,3914,3926,8846,346794660,173940,174644,4095,3705,3900,3932,0,3920,0,0,0,2017-04-18,32612366,3916,20,0,0,0,0,0,0,0,0,3917,24,0,0,0,0,0,0,0,0
412,2017-04-18,09:03:32,862,jd1709,XDCE,3917,3914,3926,8846,346794660,173940,174644,4095,3705,3900,3932,0,3920,0,0,0,2017-04-18,32612862,3916,22,0,0,0,0,0,0,0,0,3917,24,0,0,0,0,0,0,0,0
413,2017-04-18,09:03:33,332,jd1709,XDCE,3917,3914,3926,8846,346794660,173940,174644,4095,3705,3900,3932,0,3920,0,0,0,2017-04-18,32613332,3916,23,0,0,0,0,0,0,0,0,3917,24,0,0,0,0,0,0,0,0
414,2017-04-18,09:03:33,870,jd1709,XDCE,3917,3914,3926,8856,347186340,173944,174644,4095,3705,3900,3932,0,3920,0,0,0,2017-04-18,32613870,3916,22,0,0,0,0,0,0,0,0,3917,50,0,0,0,0,0,0,0,0
415,2017-04-18,09:03:34,206,jd1709,XDCE,3916,3914,3926,8878,348047860,173956,174644,4095,3705,3900,3932,0,3920,0,0,0,2017-04-18,32614206,3916,11,0,0,0,0,0,0,0,0,3917,50,0,0,0,0,0,0,0,0
416,2017-04-18,09:03:34,845,jd1709,XDCE,3916,3914,3926,8912,349379300,173970,174644,4095,3705,3900,3932,0,3920,0,0,0,2017-04-18,32614845,3915,94,0,0,0,0,0,0,0,0,3916,55,0,0,0,0,0,0,0,0
417,2017-04-18,09:03:35,829,jd1709,XDCE,3916,3914,3926,8914,349457620,173970,174644,4095,3705,3900,3932,0,3920,0,0,0,2017-04-18,32615829,3915,95,0,0,0,0,0,0,0,0,3916,54,0,0,0,0,0,0,0,0
418,2017-04-18,09:03:36,343,jd1709,XDCE,3915,3914,3926,8956,351102320,173996,174644,4095,3705,3900,3932,0,3920,0,0,0,2017-04-18,32616343,3915,97,0,0,0,0,0,0,0,0,3916,34,0,0,0,0,0,0,0,0
419,2017-04-18,09:03:36,798,jd1709,XDCE,3916,3914,3926,8958,351180640,173998,174644,4095,3705,3900,3932,0,3920,0,0,0,2017-04-18,32616798,3915,99,0,0,0,0,0,0,0,0,3916,33,0,0,0,0,0,0,0,0
420,2017-04-18,09:03:37,329,jd1709,XDCE,3916,3914,3926,8958,351180640,173998,174644,4095,3705,3900,3932,0,3920,0,0,0,2017-04-18,32617329,3915,100,0,0,0,0,0,0,0,0,3916,33,0,0,0,0,0,0,0,0
421,2017-04-18,09:03:37,855,jd1709,XDCE,3916,3914,3926,8962,351337280,173998,174644,4095,3705,3900,3932,0,3920,0,0,0,2017-04-18,32617855,3915,100,0,0,0,0,0,0,0,0,3916,31,0,0,0,0,0,0,0,0
422,2017-04-18,09:03:38,355,jd1709,XDCE,3916,3914,3926,8968,351572220,174002,174644,4095,3705,3900,3932,0,3920,0,0,0,2017-04-18,32618355,3915,102,0,0,0,0,0,0,0,0,3916,29,0,0,0,0,0,0,0,0
423,2017-04-18,09:03:38,854,jd1709,XDCE,3916,3914,3926,9086,356192500,174068,174644,4095,3705,3900,3932,0,3920,0,0,0,2017-04-18,32618854,3915,69,0,0,0,0,0,0,0,0,3917,25,0,0,0,0,0,0,0,0
424,2017-04-18,09:03:39,343,jd1709,XDCE,3916,3914,3926,9086,356192500,174068,174644,4095,3705,3900,3932,0,3920,0,0,0,2017-04-18,32619343,3916,5,0,0,0,0,0,0,0,0,3917,35,0,0,0,0,0,0,0,0
425,2017-04-18,09:03:39,677,jd1709,XDCE,3916,3914,3926,9096,356584100,174078,174644,4095,3705,3900,3932,0,3920,0,0,0,2017-04-18,32619677,3916,13,0,0,0,0,0,0,0,0,3917,35,0,0,0,0,0,0,0,0
426,2017-04-18,09:03:40,232,jd1709,XDCE,3917,3914,3926,9098,356662440,174078,174644,4095,3705,3900,3932,0,3920,0,0,0,2017-04-18,32620232,3916,13,0,0,0,0,0,0,0,0,3917,34,0,0,0,0,0,0,0,0
427,2017-04-18,09:03:40,861,jd1709,XDCE,3917,3914,3926,9102,356819120,174080,174644,4095,3705,3900,3932,0,3920,0,0,0,2017-04-18,32620861,3916,14,0,0,0,0,0,0,0,0,3917,32,0,0,0,0,0,0,0,0
428,2017-04-18,09:03:41,304,jd1709,XDCE,3916,3914,3926,9110,357132400,174080,174644,4095,3705,3900,3932,0,3920,0,0,0,2017-04-18,32621304,3916,15,0,0,0,0,0,0,0,0,3917,32,0,0,0,0,0,0,0,0
429,2017-04-18,09:03:41,686,jd1709,XDCE,3915,3914,3926,9150,358698700,174104,174644,4095,3705,3900,3932,0,3920,0,0,0,2017-04-18,32621686,3915,67,0,0,0,0,0,0,0,0,3917,27,0,0,0,0,0,0,0,0
430,2017-04-18,09:03:42,257,jd1709,XDCE,3916,3914,3926,9154,358855360,174106,174644,4095,3705,3900,3932,0,3920,0,0,0,2017-04-18,32622257,3915,69,0,0,0,0,0,0,0,0,3916,9,0,0,0,0,0,0,0,0
431,2017-04-18,09:03:42,694,jd1709,XDCE,3916,3914,3926,9156,358933680,174108,174644,4095,3705,3900,3932,0,3920,0,0,0,2017-04-18,32622694,3915,69,0,0,0,0,0,0,0,0,3916,8,0,0,0,0,0,0,0,0
432,2017-04-18,09:03:43,871,jd1709,XDCE,3915,3914,3926,9168,359403520,174102,174644,4095,3705,3900,3932,0,3920,0,0,0,2017-04-18,32623871,3915,66,0,0,0,0,0,0,0,0,3916,7,0,0,0,0,0,0,0,0
433,2017-04-18,09:03:44,368,jd1709,XDCE,3916,3914,3926,9174,359638480,174102,174644,4095,3705,3900,3932,0,3920,0,0,0,2017-04-18,32624368,3915,66,0,0,0,0,0,0,0,0,3916,4,0,0,0,0,0,0,0,0
434,2017-04-18,09:03:44,820,jd1709,XDCE,3915,3914,3926,9178,359795100,174102,174644,4095,3705,3900,3932,0,3920,0,0,0,2017-04-18,32624820,3915,67,0,0,0,0,0,0,0,0,3916,3,0,0,0,0,0,0,0,0
435,2017-04-18,09:03:45,365,jd1709,XDCE,3916,3914,3926,9200,360656520,174112,174644,4095,3705,3900,3932,0,3920,0,0,0,2017-04-18,32625365,3915,62,0,0,0,0,0,0,0,0,3916,3,0,0,0,0,0,0,0,0
436,2017-04-18,09:03:45,863,jd1709,XDCE,3916,3914,3926,9202,360734840,174110,174644,4095,3705,3900,3932,0,3920,0,0,0,2017-04-18,32625863,3915,62,0,0,0,0,0,0,0,0,3916,2,0,0,0,0,0,0,0,0
437,2017-04-18,09:03:46,177,jd1709,XDCE,3916,3914,3926,9204,360813160,174110,174644,4095,3705,3900,3932,0,3920,0,0,0,2017-04-18,32626177,3915,62,0,0,0,0,0,0,0,0,3916,2,0,0,0,0,0,0,0,0
438,2017-04-18,09:03:46,865,jd1709,XDCE,3916,3914,3926,9204,360813160,174110,174644,4095,3705,3900,3932,0,3920,0,0,0,2017-04-18,32626865,3915,62,0,0,0,0,0,0,0,0,3916,4,0,0,0,0,0,0,0,0
439,2017-04-18,09:03:47,371,jd1709,XDCE,3916,3914,3926,9212,361126440,174116,174644,4095,3705,3900,3932,0,3920,0,0,0,2017-04-18,32627371,3915,62,0,0,0,0,0,0,0,0,3917,34,0,0,0,0,0,0,0,0
440,2017-04-18,09:03:47,858,jd1709,XDCE,3916,3914,3926,9214,361204760,174118,174644,4095,3705,3900,3932,0,3920,0,0,0,2017-04-18,32627858,3915,63,0,0,0,0,0,0,0,0,3916,29,0,0,0,0,0,0,0,0
441,2017-04-18,09:03:48,257,jd1709,XDCE,3915,3914,3926,9234,361987760,174138,174644,4095,3705,3900,3932,0,3920,0,0,0,2017-04-18,32628257,3915,53,0,0,0,0,0,0,0,0,3916,29,0,0,0,0,0,0,0,0
442,2017-04-18,09:03:48,863,jd1709,XDCE,3916,3914,3926,9240,362222720,174140,174644,4095,3705,3900,3932,0,3920,0,0,0,2017-04-18,32628863,3915,53,0,0,0,0,0,0,0,0,3916,28,0,0,0,0,0,0,0,0
443,2017-04-18,09:03:49,865,jd1709,XDCE,3916,3914,3926,9246,362457660,174146,174644,4095,3705,3900,3932,0,3920,0,0,0,2017-04-18,32629865,3915,52,0,0,0,0,0,0,0,0,3916,26,0,0,0,0,0,0,0,0
444,2017-04-18,09:03:50,318,jd1709,XDCE,3916,3914,3926,9258,362927580,174158,174644,4095,3705,3900,3932,0,3920,0,0,0,2017-04-18,32630318,3915,53,0,0,0,0,0,0,0,0,3916,20,0,0,0,0,0,0,0,0
445,2017-04-18,09:03:50,851,jd1709,XDCE,3916,3914,3926,9262,363084220,174158,174644,4095,3705,3900,3932,0,3920,0,0,0,2017-04-18,32630851,3915,55,0,0,0,0,0,0,0,0,3916,18,0,0,0,0,0,0,0,0
446,2017-04-18,09:03:51,843,jd1709,XDCE,3916,3914,3926,9300,364572300,174154,174644,4095,3705,3900,3932,0,3920,0,0,0,2017-04-18,32631843,3915,57,0,0,0,0,0,0,0,0,3917,39,0,0,0,0,0,0,0,0
447,2017-04-18,09:03:52,348,jd1709,XDCE,3916,3914,3926,9300,364572300,174154,174644,4095,3705,3900,3932,0,3920,0,0,0,2017-04-18,32632348,3915,63,0,0,0,0,0,0,0,0,3917,39,0,0,0,0,0,0,0,0
448,2017-04-18,09:03:52,844,jd1709,XDCE,3916,3914,3926,9306,364807280,174150,174644,4095,3705,3900,3932,0,3920,0,0,0,2017-04-18,32632844,3916,29,0,0,0,0,0,0,0,0,3917,38,0,0,0,0,0,0,0,0
449,2017-04-18,09:03:53,328,jd1709,XDCE,3917,3914,3926,9312,365042300,174150,174644,4095,3705,3900,3932,0,3920,0,0,0,2017-04-18,32633328,3916,29,0,0,0,0,0,0,0,0,3917,35,0,0,0,0,0,0,0,0
450,2017-04-18,09:03:53,813,jd1709,XDCE,3918,3914,3926,9392,368176000,174188,174644,4095,3705,3900,3932,0,3920,0,0,0,2017-04-18,32633813,3917,5,0,0,0,0,0,0,0,0,3918,58,0,0,0,0,0,0,0,0
451,2017-04-18,09:03:55,344,jd1709,XDCE,3917,3914,3926,9404,368646040,174190,174644,4095,3705,3900,3932,0,3920,0,0,0,2017-04-18,32635344,3916,34,0,0,0,0,0,0,0,0,3917,14,0,0,0,0,0,0,0,0
452,2017-04-18,09:03:55,837,jd1709,XDCE,3917,3914,3926,9406,368724380,174192,174644,4095,3705,3900,3932,0,3920,0,0,0,2017-04-18,32635837,3916,34,0,0,0,0,0,0,0,0,3917,13,0,0,0,0,0,0,0,0
453,2017-04-18,09:03:56,367,jd1709,XDCE,3917,3914,3926,9412,368959360,174190,174644,4095,3705,3900,3932,0,3920,0,0,0,2017-04-18,32636367,3916,32,0,0,0,0,0,0,0,0,3917,12,0,0,0,0,0,0,0,0
454,2017-04-18,09:03:57,371,jd1709,XDCE,3917,3914,3926,9416,369116040,174194,174644,4095,3705,3900,3932,0,3920,0,0,0,2017-04-18,32637371,3916,32,0,0,0,0,0,0,0,0,3917,11,0,0,0,0,0,0,0,0
455,2017-04-18,09:03:57,797,jd1709,XDCE,3917,3914,3926,9416,369116040,174194,174644,4095,3705,3900,3932,0,3920,0,0,0,2017-04-18,32637797,3916,35,0,0,0,0,0,0,0,0,3917,11,0,0,0,0,0,0,0,0
456,2017-04-18,09:03:58,739,jd1709,XDCE,3917,3914,3926,9418,369194380,174196,174644,4095,3705,3900,3932,0,3920,0,0,0,2017-04-18,32638739,3916,35,0,0,0,0,0,0,0,0,3917,10,0,0,0,0,0,0,0,0
457,2017-04-18,09:03:59,334,jd1709,XDCE,3916,3914,3926,9430,369664300,174184,174644,4095,3705,3900,3932,0,3920,0,0,0,2017-04-18,32639334,3916,29,0,0,0,0,0,0,0,0,3917,10,0,0,0,0,0,0,0,0
458,2017-04-18,09:03:59,798,jd1709,XDCE,3917,3914,3926,9434,369820980,174186,174644,4095,3705,3900,3932,0,3920,0,0,0,2017-04-18,32639798,3916,31,0,0,0,0,0,0,0,0,3917,8,0,0,0,0,0,0,0,0
459,2017-04-18,09:04:00,350,jd1709,XDCE,3917,3914,3926,9440,370056000,174192,174644,4095,3705,3900,3932,0,3920,0,0,0,2017-04-18,32640350,3916,30,0,0,0,0,0,0,0,0,3917,5,0,0,0,0,0,0,0,0
460,2017-04-18,09:04:00,761,jd1709,XDCE,3917,3914,3926,9442,370134340,174194,174644,4095,3705,3900,3932,0,3920,0,0,0,2017-04-18,32640761,3916,30,0,0,0,0,0,0,0,0,3917,34,0,0,0,0,0,0,0,0
461,2017-04-18,09:04:01,343,jd1709,XDCE,3917,3914,3926,9444,370212680,174196,174644,4095,3705,3900,3932,0,3920,0,0,0,2017-04-18,32641343,3916,31,0,0,0,0,0,0,0,0,3917,41,0,0,0,0,0,0,0,0
462,2017-04-18,09:04:01,674,jd1709,XDCE,3917,3914,3926,9446,370291020,174198,174644,4095,3705,3900,3932,0,3920,0,0,0,2017-04-18,32641674,3916,31,0,0,0,0,0,0,0,0,3917,40,0,0,0,0,0,0,0,0
463,2017-04-18,09:04:02,303,jd1709,XDCE,3917,3914,3926,9448,370369360,174198,174644,4095,3705,3900,3932,0,3920,0,0,0,2017-04-18,32642303,3916,31,0,0,0,0,0,0,0,0,3917,39,0,0,0,0,0,0,0,0
464,2017-04-18,09:04:02,859,jd1709,XDCE,3917,3914,3926,9452,370526040,174200,174644,4095,3705,3900,3932,0,3920,0,0,0,2017-04-18,32642859,3916,31,0,0,0,0,0,0,0,0,3917,38,0,0,0,0,0,0,0,0
465,2017-04-18,09:04:03,241,jd1709,XDCE,3916,3914,3926,9454,370604360,174200,174644,4095,3705,3900,3932,0,3920,0,0,0,2017-04-18,32643241,3916,30,0,0,0,0,0,0,0,0,3917,38,0,0,0,0,0,0,0,0
466,2017-04-18,09:04:03,717,jd1709,XDCE,3916,3914,3926,9456,370682680,174198,174644,4095,3705,3900,3932,0,3920,0,0,0,2017-04-18,32643717,3916,29,0,0,0,0,0,0,0,0,3917,38,0,0,0,0,0,0,0,0
467,2017-04-18,09:04:04,234,jd1709,XDCE,3917,3914,3926,9458,370761020,174200,174644,4095,3705,3900,3932,0,3920,0,0,0,2017-04-18,32644234,3916,29,0,0,0,0,0,0,0,0,3917,37,0,0,0,0,0,0,0,0
468,2017-04-18,09:04:05,858,jd1709,XDCE,3916,3914,3926,9460,370839340,174198,174644,4095,3705,3900,3932,0,3920,0,0,0,2017-04-18,32645858,3916,28,0,0,0,0,0,0,0,0,3917,37,0,0,0,0,0,0,0,0
469,2017-04-18,09:04:06,840,jd1709,XDCE,3916,3914,3926,9496,372249100,174200,174644,4095,3705,3900,3932,0,3920,0,0,0,2017-04-18,32646840,3916,13,0,0,0,0,0,0,0,0,3917,32,0,0,0,0,0,0,0,0
470,2017-04-18,09:04:07,353,jd1709,XDCE,3916,3914,3926,9500,372405760,174202,174644,4095,3705,3900,3932,0,3920,0,0,0,2017-04-18,32647353,3916,10,0,0,0,0,0,0,0,0,3917,31,0,0,0,0,0,0,0,0
471,2017-04-18,09:04:07,845,jd1709,XDCE,3916,3914,3926,9524,373345640,174208,174644,4095,3705,3900,3932,0,3920,0,0,0,2017-04-18,32647845,3915,105,0,0,0,0,0,0,0,0,3916,1,0,0,0,0,0,0,0,0
472,2017-04-18,09:04:08,172,jd1709,XDCE,3916,3914,3926,9524,373345640,174208,174644,4095,3705,3900,3932,0,3920,0,0,0,2017-04-18,32648172,3915,106,0,0,0,0,0,0,0,0,3916,1,0,0,0,0,0,0,0,0
473,2017-04-18,09:04:08,764,jd1709,XDCE,3915,3914,3926,9526,373423940,174210,174644,4095,3705,3900,3932,0,3920,0,0,0,2017-04-18,32648764,3915,104,0,0,0,0,0,0,0,0,3916,1,0,0,0,0,0,0,0,0
474,2017-04-18,09:04:09,344,jd1709,XDCE,3916,3914,3926,9528,373502260,174208,174644,4095,3705,3900,3932,0,3920,0,0,0,2017-04-18,32649344,3915,105,0,0,0,0,0,0,0,0,3917,29,0,0,0,0,0,0,0,0
475,2017-04-18,09:04:09,500,jd1709,XDCE,3917,3914,3926,9530,373580600,174208,174644,4095,3705,3900,3932,0,3920,0,0,0,2017-04-18,32649500,3915,105,0,0,0,0,0,0,0,0,3917,28,0,0,0,0,0,0,0,0
476,2017-04-18,09:04:10,368,jd1709,XDCE,3915,3914,3926,9554,374520240,174228,174644,4095,3705,3900,3932,0,3920,0,0,0,2017-04-18,32650368,3915,95,0,0,0,0,0,0,0,0,3917,27,0,0,0,0,0,0,0,0
477,2017-04-18,09:04:10,846,jd1709,XDCE,3916,3914,3926,9556,374598560,174228,174644,4095,3705,3900,3932,0,3920,0,0,0,2017-04-18,32650846,3915,95,0,0,0,0,0,0,0,0,3916,1,0,0,0,0,0,0,0,0
478,2017-04-18,09:04:11,350,jd1709,XDCE,3916,3914,3926,9556,374598560,174228,174644,4095,3705,3900,3932,0,3920,0,0,0,2017-04-18,32651350,3915,95,0,0,0,0,0,0,0,0,3916,2,0,0,0,0,0,0,0,0
479,2017-04-18,09:04:11,418,jd1709,XDCE,3916,3914,3926,9556,374598560,174228,174644,4095,3705,3900,3932,0,3920,0,0,0,2017-04-18,32651418,3915,95,0,0,0,0,0,0,0,0,3916,3,0,0,0,0,0,0,0,0
480,2017-04-18,09:04:12,353,jd1709,XDCE,3916,3914,3926,9564,374911840,174222,174644,4095,3705,3900,3932,0,3920,0,0,0,2017-04-18,32652353,3915,94,0,0,0,0,0,0,0,0,3916,5,0,0,0,0,0,0,0,0
481,2017-04-18,09:04:12,801,jd1709,XDCE,3916,3914,3926,9564,374911840,174222,174644,4095,3705,3900,3932,0,3920,0,0,0,2017-04-18,32652801,3915,96,0,0,0,0,0,0,0,0,3916,5,0,0,0,0,0,0,0,0
482,2017-04-18,09:04:13,286,jd1709,XDCE,3915,3914,3926,9576,375381680,174226,174644,4095,3705,3900,3932,0,3920,0,0,0,2017-04-18,32653286,3915,87,0,0,0,0,0,0,0,0,3916,3,0,0,0,0,0,0,0,0
483,2017-04-18,09:04:13,851,jd1709,XDCE,3915,3914,3926,9576,375381680,174226,174644,4095,3705,3900,3932,0,3920,0,0,0,2017-04-18,32653851,3915,86,0,0,0,0,0,0,0,0,3916,3,0,0,0,0,0,0,0,0
484,2017-04-18,09:04:14,357,jd1709,XDCE,3916,3914,3926,9578,375460000,174226,174644,4095,3705,3900,3932,0,3920,0,0,0,2017-04-18,32654357,3915,85,0,0,0,0,0,0,0,0,3916,7,0,0,0,0,0,0,0,0
485,2017-04-18,09:04:14,700,jd1709,XDCE,3916,3914,3926,9580,375538320,174224,174644,4095,3705,3900,3932,0,3920,0,0,0,2017-04-18,32654700,3915,85,0,0,0,0,0,0,0,0,3916,6,0,0,0,0,0,0,0,0
486,2017-04-18,09:04:15,301,jd1709,XDCE,3915,3914,3926,9582,375616620,174226,174644,4095,3705,3900,3932,0,3920,0,0,0,2017-04-18,32655301,3915,98,0,0,0,0,0,0,0,0,3916,6,0,0,0,0,0,0,0,0
487,2017-04-18,09:04:15,823,jd1709,XDCE,3916,3914,3926,9586,375773240,174226,174644,4095,3705,3900,3932,0,3920,0,0,0,2017-04-18,32655823,3915,94,0,0,0,0,0,0,0,0,3916,5,0,0,0,0,0,0,0,0
488,2017-04-18,09:04:16,345,jd1709,XDCE,3915,3914,3926,9722,381097660,174302,174644,4095,3705,3900,3932,0,3920,0,0,0,2017-04-18,32656345,3915,22,0,0,0,0,0,0,0,0,3916,22,0,0,0,0,0,0,0,0
489,2017-04-18,09:04:16,811,jd1709,XDCE,3915,3914,3926,9768,382898560,174292,174644,4095,3705,3900,3932,0,3920,0,0,0,2017-04-18,32656811,3914,81,0,0,0,0,0,0,0,0,3915,27,0,0,0,0,0,0,0,0
490,2017-04-18,09:04:17,344,jd1709,XDCE,3915,3914,3926,9794,383916460,174268,174644,4095,3705,3900,3932,0,3920,0,0,0,2017-04-18,32657344,3914,78,0,0,0,0,0,0,0,0,3915,14,0,0,0,0,0,0,0,0
491,2017-04-18,09:04:17,844,jd1709,XDCE,3915,3914,3926,9806,384386260,174262,174644,4095,3705,3900,3932,0,3920,0,0,0,2017-04-18,32657844,3914,78,0,0,0,0,0,0,0,0,3915,8,0,0,0,0,0,0,0,0
492,2017-04-18,09:04:18,351,jd1709,XDCE,3915,3914,3926,9830,385325860,174264,174644,4095,3705,3900,3932,0,3920,0,0,0,2017-04-18,32658351,3915,6,0,0,0,0,0,0,0,0,3916,28,0,0,0,0,0,0,0,0
493,2017-04-18,09:04:18,824,jd1709,XDCE,3915,3914,3926,9844,385873960,174264,174644,4095,3705,3900,3932,0,3920,0,0,0,2017-04-18,32658824,3914,83,0,0,0,0,0,0,0,0,3915,10,0,0,0,0,0,0,0,0
494,2017-04-18,09:04:19,301,jd1709,XDCE,3914,3914,3926,9848,386030540,174264,174644,4095,3705,3900,3932,0,3920,0,0,0,2017-04-18,32659301,3914,82,0,0,0,0,0,0,0,0,3915,9,0,0,0,0,0,0,0,0
495,2017-04-18,09:04:19,790,jd1709,XDCE,3915,3914,3926,9862,386578620,174264,174644,4095,3705,3900,3932,0,3920,0,0,0,2017-04-18,32659790,3914,81,0,0,0,0,0,0,0,0,3915,8,0,0,0,0,0,0,0,0
496,2017-04-18,09:04:20,279,jd1709,XDCE,3915,3914,3926,9864,386656920,174264,174644,4095,3705,3900,3932,0,3920,0,0,0,2017-04-18,32660279,3914,81,0,0,0,0,0,0,0,0,3915,8,0,0,0,0,0,0,0,0
497,2017-04-18,09:04:20,866,jd1709,XDCE,3914,3914,3926,9886,387518020,174284,174644,4095,3705,3900,3932,0,3920,0,0,0,2017-04-18,32660866,3914,68,0,0,0,0,0,0,0,0,3915,7,0,0,0,0,0,0,0,0
498,2017-04-18,09:04:21,134,jd1709,XDCE,3914,3914,3926,9886,387518020,174284,174644,4095,3705,3900,3932,0,3920,0,0,0,2017-04-18,32661134,3914,66,0,0,0,0,0,0,0,0,3915,7,0,0,0,0,0,0,0,0
499,2017-04-18,09:04:21,785,jd1709,XDCE,3914,3914,3926,9892,387752880,174286,174644,4095,3705,3900,3932,0,3920,0,0,0,2017-04-18,32661785,3914,64,0,0,0,0,0,0,0,0,3915,6,0,0,0,0,0,0,0,0
500,2017-04-18,09:04:22,344,jd1709,XDCE,3915,3914,3926,9896,387909460,174284,174644,4095,3705,3900,3932,0,3920,0,0,0,2017-04-18,32662344,3914,63,0,0,0,0,0,0,0,0,3915,5,0,0,0,0,0,0,0,0
501,2017-04-18,09:04:22,844,jd1709,XDCE,3915,3914,3926,9900,388066060,174282,174644,4095,3705,3900,3932,0,3920,0,0,0,2017-04-18,32662844,3914,63,0,0,0,0,0,0,0,0,3915,7,0,0,0,0,0,0,0,0
502,2017-04-18,09:04:23,346,jd1709,XDCE,3915,3914,3926,9928,389162180,174288,174644,4095,3705,3900,3932,0,3920,0,0,0,2017-04-18,32663346,3914,59,0,0,0,0,0,0,0,0,3915,1,0,0,0,0,0,0,0,0
503,2017-04-18,09:04:23,843,jd1709,XDCE,3915,3914,3926,9930,389240480,174290,174644,4095,3705,3900,3932,0,3920,0,0,0,2017-04-18,32663843,3914,56,0,0,0,0,0,0,0,0,3916,31,0,0,0,0,0,0,0,0
504,2017-04-18,09:04:24,326,jd1709,XDCE,3915,3914,3926,9930,389240480,174290,174644,4095,3705,3900,3932,0,3920,0,0,0,2017-04-18,32664326,3914,56,0,0,0,0,0,0,0,0,3915,1,0,0,0,0,0,0,0,0
505,2017-04-18,09:04:24,783,jd1709,XDCE,3914,3914,3926,9934,389397040,174292,174644,4095,3705,3900,3932,0,3920,0,0,0,2017-04-18,32664783,3914,54,0,0,0,0,0,0,0,0,3915,3,0,0,0,0,0,0,0,0
506,2017-04-18,09:04:25,357,jd1709,XDCE,3914,3914,3926,9964,390571240,174288,174644,4095,3705,3900,3932,0,3920,0,0,0,2017-04-18,32665357,3914,39,0,0,0,0,0,0,0,0,3915,4,0,0,0,0,0,0,0,0
507,2017-04-18,09:04:25,850,jd1709,XDCE,3913,3913,3926,10044,393702380,174260,174644,4095,3705,3900,3932,0,3920,0,0,0,2017-04-18,32665850,3913,11,0,0,0,0,0,0,0,0,3914,34,0,0,0,0,0,0,0,0
508,2017-04-18,09:04:26,364,jd1709,XDCE,3913,3913,3926,10082,395189320,174236,174644,4095,3705,3900,3932,0,3920,0,0,0,2017-04-18,32666364,3913,17,0,0,0,0,0,0,0,0,3914,36,0,0,0,0,0,0,0,0
509,2017-04-18,09:04:26,866,jd1709,XDCE,3913,3913,3926,10088,395424100,174230,174644,4095,3705,3900,3932,0,3920,0,0,0,2017-04-18,32666866,3913,14,0,0,0,0,0,0,0,0,3914,36,0,0,0,0,0,0,0,0
510,2017-04-18,09:04:27,266,jd1709,XDCE,3913,3913,3926,10088,395424100,174230,174644,4095,3705,3900,3932,0,3920,0,0,0,2017-04-18,32667266,3913,14,0,0,0,0,0,0,0,0,3914,37,0,0,0,0,0,0,0,0
511,2017-04-18,09:04:27,840,jd1709,XDCE,3914,3913,3926,10100,395893680,174218,174644,4095,3705,3900,3932,0,3920,0,0,0,2017-04-18,32667840,3913,9,0,0,0,0,0,0,0,0,3914,42,0,0,0,0,0,0,0,0
512,2017-04-18,09:04:28,342,jd1709,XDCE,3913,3913,3926,10118,396598020,174224,174644,4095,3705,3900,3932,0,3920,0,0,0,2017-04-18,32668342,3912,114,0,0,0,0,0,0,0,0,3913,11,0,0,0,0,0,0,0,0
513,2017-04-18,09:04:28,843,jd1709,XDCE,3913,3913,3926,10144,397615400,174246,174644,4095,3705,3900,3932,0,3920,0,0,0,2017-04-18,32668843,3912,105,0,0,0,0,0,0,0,0,3913,3,0,0,0,0,0,0,0,0
514,2017-04-18,09:04:29,844,jd1709,XDCE,3913,3912,3926,10206,400040860,174300,174644,4095,3705,3900,3932,0,3920,0,0,0,2017-04-18,32669844,3912,67,0,0,0,0,0,0,0,0,3913,5,0,0,0,0,0,0,0,0
515,2017-04-18,09:04:30,498,jd1709,XDCE,3913,3912,3926,10206,400040860,174300,174644,4095,3705,3900,3932,0,3920,0,0,0,2017-04-18,32670498,3912,67,0,0,0,0,0,0,0,0,3913,6,0,0,0,0,0,0,0,0
516,2017-04-18,09:04:31,342,jd1709,XDCE,3913,3912,3926,10206,400040860,174300,174644,4095,3705,3900,3932,0,3920,0,0,0,2017-04-18,32671342,3912,67,0,0,0,0,0,0,0,0,3913,30,0,0,0,0,0,0,0,0
517,2017-04-18,09:04:31,855,jd1709,XDCE,3913,3912,3926,10220,400588660,174296,174644,4095,3705,3900,3932,0,3920,0,0,0,2017-04-18,32671855,3912,66,0,0,0,0,0,0,0,0,3913,24,0,0,0,0,0,0,0,0
518,2017-04-18,09:04:32,367,jd1709,XDCE,3912,3912,3926,10234,401136460,174296,174644,4095,3705,3900,3932,0,3920,0,0,0,2017-04-18,32672367,3912,65,0,0,0,0,0,0,0,0,3913,31,0,0,0,0,0,0,0,0
519,2017-04-18,09:04:32,805,jd1709,XDCE,3913,3912,3926,10250,401762520,174300,174644,4095,3705,3900,3932,0,3920,0,0,0,2017-04-18,32672805,3912,66,0,0,0,0,0,0,0,0,3913,24,0,0,0,0,0,0,0,0
520,2017-04-18,09:04:33,360,jd1709,XDCE,3912,3912,3926,10354,405831020,174380,174644,4095,3705,3900,3932,0,3920,0,0,0,2017-04-18,32673360,3912,15,0,0,0,0,0,0,0,0,3913,23,0,0,0,0,0,0,0,0
521,2017-04-18,09:04:33,844,jd1709,XDCE,3912,3912,3926,10394,407395860,174416,174644,4095,3705,3900,3932,0,3920,0,0,0,2017-04-18,32673844,3911,106,0,0,0,0,0,0,0,0,3912,8,0,0,0,0,0,0,0,0
522,2017-04-18,09:04:34,354,jd1709,XDCE,3912,3912,3926,10396,407474100,174416,174644,4095,3705,3900,3932,0,3920,0,0,0,2017-04-18,32674354,3911,107,0,0,0,0,0,0,0,0,3912,7,0,0,0,0,0,0,0,0
523,2017-04-18,09:04:34,681,jd1709,XDCE,3912,3912,3926,10398,407552340,174418,174644,4095,3705,3900,3932,0,3920,0,0,0,2017-04-18,32674681,3911,107,0,0,0,0,0,0,0,0,3912,7,0,0,0,0,0,0,0,0
524,2017-04-18,09:04:35,344,jd1709,XDCE,3911,3911,3926,10418,408334540,174416,174644,4095,3705,3900,3932,0,3920,0,0,0,2017-04-18,32675344,3911,103,0,0,0,0,0,0,0,0,3912,7,0,0,0,0,0,0,0,0
525,2017-04-18,09:04:35,843,jd1709,XDCE,3911,3911,3926,10438,409116860,174424,174644,4095,3705,3900,3932,0,3920,0,0,0,2017-04-18,32675843,3911,95,0,0,0,0,0,0,0,0,3912,48,0,0,0,0,0,0,0,0
526,2017-04-18,09:04:36,350,jd1709,XDCE,3911,3911,3926,10458,409899160,174428,174644,4095,3705,3900,3932,0,3920,0,0,0,2017-04-18,32676350,3911,69,0,0,0,0,0,0,0,0,3912,43,0,0,0,0,0,0,0,0
527,2017-04-18,09:04:36,829,jd1709,XDCE,3911,3911,3926,10458,409899160,174428,174644,4095,3705,3900,3932,0,3920,0,0,0,2017-04-18,32676829,3911,68,0,0,0,0,0,0,0,0,3912,49,0,0,0,0,0,0,0,0
528,2017-04-18,09:04:37,359,jd1709,XDCE,3911,3911,3926,10460,409977380,174430,174644,4095,3705,3900,3932,0,3920,0,0,0,2017-04-18,32677359,3911,80,0,0,0,0,0,0,0,0,3912,49,0,0,0,0,0,0,0,0
529,2017-04-18,09:04:37,789,jd1709,XDCE,3912,3911,3926,10466,410212080,174430,174644,4095,3705,3900,3932,0,3920,0,0,0,2017-04-18,32677789,3911,79,0,0,0,0,0,0,0,0,3912,54,0,0,0,0,0,0,0,0
530,2017-04-18,09:04:38,357,jd1709,XDCE,3911,3911,3926,10472,410446760,174432,174644,4095,3705,3900,3932,0,3920,0,0,0,2017-04-18,32678357,3911,83,0,0,0,0,0,0,0,0,3912,53,0,0,0,0,0,0,0,0
531,2017-04-18,09:04:38,868,jd1709,XDCE,3911,3911,3926,10496,411385420,174454,174644,4095,3705,3900,3932,0,3920,0,0,0,2017-04-18,32678868,3911,75,0,0,0,0,0,0,0,0,3912,47,0,0,0,0,0,0,0,0
532,2017-04-18,09:04:39,288,jd1709,XDCE,3911,3911,3926,10570,414279700,174508,174644,4095,3705,3900,3932,0,3920,0,0,0,2017-04-18,32679288,3911,45,0,0,0,0,0,0,0,0,3912,41,0,0,0,0,0,0,0,0
533,2017-04-18,09:04:39,847,jd1709,XDCE,3912,3911,3926,10574,414436160,174508,174644,4095,3705,3900,3932,0,3920,0,0,0,2017-04-18,32679847,3911,44,0,0,0,0,0,0,0,0,3912,45,0,0,0,0,0,0,0,0
534,2017-04-18,09:04:40,336,jd1709,XDCE,3911,3911,3926,10584,414827280,174514,174644,4095,3705,3900,3932,0,3920,0,0,0,2017-04-18,32680336,3911,41,0,0,0,0,0,0,0,0,3912,45,0,0,0,0,0,0,0,0
535,2017-04-18,09:04:40,827,jd1709,XDCE,3912,3911,3926,10596,415296680,174512,174644,4095,3705,3900,3932,0,3920,0,0,0,2017-04-18,32680827,3911,40,0,0,0,0,0,0,0,0,3912,41,0,0,0,0,0,0,0,0
536,2017-04-18,09:04:41,353,jd1709,XDCE,3911,3911,3926,10604,415609580,174516,174644,4095,3705,3900,3932,0,3920,0,0,0,2017-04-18,32681353,3911,38,0,0,0,0,0,0,0,0,3912,40,0,0,0,0,0,0,0,0
537,2017-04-18,09:04:41,863,jd1709,XDCE,3911,3911,3926,10608,415766040,174516,174644,4095,3705,3900,3932,0,3920,0,0,0,2017-04-18,32681863,3911,37,0,0,0,0,0,0,0,0,3912,39,0,0,0,0,0,0,0,0
538,2017-04-18,09:04:42,333,jd1709,XDCE,3911,3911,3926,10648,417330700,174506,174644,4095,3705,3900,3932,0,3920,0,0,0,2017-04-18,32682333,3911,40,0,0,0,0,0,0,0,0,3912,26,0,0,0,0,0,0,0,0
