,dataDate,dataTime,dataMillisec,instrumentID,exchangeCD,lastPrice,lowPrice,highPrice,volume,value,openInterest,preOpenInterest,upperLimitPrice,lowerLimitPrice,preSettlementPrice,prevClosePrice,settlementPrice,openPrice,closePrice,preDelta,currDelta,clearingDay,milliSecOffset,bidPrice1,bidVolume1,bidPrice2,bidVolume2,bidPrice3,bidVolume3,bidPrice4,bidVolume4,bidPrice5,bidVolume5,askPrice1,askVolume1,askPrice2,askVolume2,askPrice3,askVolume3,askPrice4,askVolume4,askPrice5,askVolume5
0,2017-04-18,08:59:00,91,pp1709,XDCE,7670,7670,7670,452,17334200,513138,513174,8135,7361,7748,7670,0,7670,0,0,0,2017-04-18,32340091,7670,4,0,0,0,0,0,0,0,0,7678,1,0,0,0,0,0,0,0,0
1,2017-04-18,08:59:00,91,pp1709,XDCE,7670,7670,7670,452,17334200,513138,513174,8135,7361,7748,7670,0,7670,0,0,0,2017-04-18,32340091,7670,4,0,0,0,0,0,0,0,0,7678,1,0,0,0,0,0,0,0,0
2,2017-04-18,09:00:00,587,pp1709,XDCE,7671,7669,7680,580,22246260,513108,513174,8135,7361,7748,7670,0,7670,0,0,0,2017-04-18,32400587,7672,1,0,0,0,0,0,0,0,0,7679,1,0,0,0,0,0,0,0,0
3,2017-04-18,09:00:00,587,pp1709,XDCE,7671,7669,7680,580,22246260,513108,513174,8135,7361,7748,7670,0,7670,0,0,0,2017-04-18,32400587,7672,1,0,0,0,0,0,0,0,0,7679,1,0,0,0,0,0,0,0,0
4,2017-04-18,09:00:01,97,pp1709,XDCE,7674,7669,7680,820,31457540,513086,513174,8135,7361,7748,7670,0,7670,0,0,0,2017-04-18,32401097,7674,5,0,0,0,0,0,0,0,0,7677,3,0,0,0,0,0,0,0,0
5,2017-04-18,09:00:01,97,pp1709,XDCE,7674,7669,7680,820,31457540,513086,513174,8135,7361,7748,7670,0,7670,0,0,0,2017-04-18,32401097,7674,5,0,0,0,0,0,0,0,0,7677,3,0,0,0,0,0,0,0,0
6,2017-04-18,09:00:01,580,pp1709,XDCE,7677,7669,7680,920,35295740,513088,513174,8135,7361,7748,7670,0,7670,0,0,0,2017-04-18,32401580,7672,2,0,0,0,0,0,0,0,0,7677,2,0,0,0,0,0,0,0,0
7,2017-04-18,09:00:01,580,pp1709,XDCE,7677,7669,7680,920,35295740,513088,513174,8135,7361,7748,7670,0,7670,0,0,0,2017-04-18,32401580,7672,2,0,0,0,0,0,0,0,0,7677,2,0,0,0,0,0,0,0,0
8,2017-04-18,09:00:02,98,pp1709,XDCE,7677,7669,7680,1006,38597010,513042,513174,8135,7361,7748,7670,0,7670,0,0,0,2017-04-18,32402098,7675,16,0,0,0,0,0,0,0,0,7678,26,0,0,0,0,0,0,0,0
9,2017-04-18,09:00:02,98,pp1709,XDCE,7677,7669,7680,1006,38597010,513042,513174,8135,7361,7748,7670,0,7670,0,0,0,2017-04-18,32402098,7675,16,0,0,0,0,0,0,0,0,7678,26,0,0,0,0,0,0,0,0
10,2017-04-18,09:00:02,596,pp1709,XDCE,7677,7669,7680,1078,41360830,512986,513174,8135,7361,7748,7670,0,7670,0,0,0,2017-04-18,32402596,7676,2,0,0,0,0,0,0,0,0,7678,20,0,0,0,0,0,0,0,0
11,2017-04-18,09:00:02,596,pp1709,XDCE,7677,7669,7680,1078,41360830,512986,513174,8135,7361,7748,7670,0,7670,0,0,0,2017-04-18,32402596,7676,2,0,0,0,0,0,0,0,0,7678,20,0,0,0,0,0,0,0,0
12,2017-04-18,09:00:03,82,pp1709,XDCE,7673,7669,7680,1270,48726380,512842,513174,8135,7361,7748,7670,0,7670,0,0,0,2017-04-18,32403082,7670,1,0,0,0,0,0,0,0,0,7673,16,0,0,0,0,0,0,0,0
13,2017-04-18,09:00:03,588,pp1709,XDCE,7673,7669,7680,1292,49570320,512846,513174,8135,7361,7748,7670,0,7670,0,0,0,2017-04-18,32403588,7667,20,0,0,0,0,0,0,0,0,7673,18,0,0,0,0,0,0,0,0
14,2017-04-18,09:00:04,66,pp1709,XDCE,7671,7668,7680,1300,49877170,512844,513174,8135,7361,7748,7670,0,7670,0,0,0,2017-04-18,32404066,7668,2,0,0,0,0,0,0,0,0,7671,5,0,0,0,0,0,0,0,0
15,2017-04-18,09:00:04,595,pp1709,XDCE,7672,7668,7680,1316,50490840,512836,513174,8135,7361,7748,7670,0,7670,0,0,0,2017-04-18,32404595,7670,1,0,0,0,0,0,0,0,0,7672,3,0,0,0,0,0,0,0,0
16,2017-04-18,09:00:05,73,pp1709,XDCE,7673,7668,7680,1334,51181180,512840,513174,8135,7361,7748,7670,0,7670,0,0,0,2017-04-18,32405073,7667,20,0,0,0,0,0,0,0,0,7671,1,0,0,0,0,0,0,0,0
17,2017-04-18,09:00:05,573,pp1709,XDCE,7668,7668,7680,1338,51334540,512836,513174,8135,7361,7748,7670,0,7670,0,0,0,2017-04-18,32405573,7668,6,0,0,0,0,0,0,0,0,7671,8,0,0,0,0,0,0,0,0
18,2017-04-18,09:00:06,95,pp1709,XDCE,7667,7667,7680,1420,54478400,512830,513174,8135,7361,7748,7670,0,7670,0,0,0,2017-04-18,32406095,7667,1,0,0,0,0,0,0,0,0,7669,24,0,0,0,0,0,0,0,0
19,2017-04-18,09:00:06,554,pp1709,XDCE,7669,7666,7680,1432,54938460,512832,513174,8135,7361,7748,7670,0,7670,0,0,0,2017-04-18,32406554,7665,9,0,0,0,0,0,0,0,0,7668,6,0,0,0,0,0,0,0,0
20,2017-04-18,09:00:07,93,pp1709,XDCE,7668,7666,7680,1452,55705260,512814,513174,8135,7361,7748,7670,0,7670,0,0,0,2017-04-18,32407093,7667,1,0,0,0,0,0,0,0,0,7669,21,0,0,0,0,0,0,0,0
21,2017-04-18,09:00:07,592,pp1709,XDCE,7668,7666,7680,1460,56011980,512818,513174,8135,7361,7748,7670,0,7670,0,0,0,2017-04-18,32407592,7666,8,0,0,0,0,0,0,0,0,7667,3,0,0,0,0,0,0,0,0
22,2017-04-18,09:00:08,53,pp1709,XDCE,7669,7666,7680,1474,56548710,512808,513174,8135,7361,7748,7670,0,7670,0,0,0,2017-04-18,32408053,7666,8,0,0,0,0,0,0,0,0,7669,18,0,0,0,0,0,0,0,0
23,2017-04-18,09:00:08,578,pp1709,XDCE,7666,7666,7680,1500,57545290,512810,513174,8135,7361,7748,7670,0,7670,0,0,0,2017-04-18,32408578,7665,9,0,0,0,0,0,0,0,0,7668,5,0,0,0,0,0,0,0,0
24,2017-04-18,09:00:09,65,pp1709,XDCE,7665,7665,7680,1508,57851980,512812,513174,8135,7361,7748,7670,0,7670,0,0,0,2017-04-18,32409065,7665,11,0,0,0,0,0,0,0,0,7666,2,0,0,0,0,0,0,0,0
25,2017-04-18,09:00:09,568,pp1709,XDCE,7666,7665,7680,1522,58388660,512810,513174,8135,7361,7748,7670,0,7670,0,0,0,2017-04-18,32409568,7666,2,0,0,0,0,0,0,0,0,7669,21,0,0,0,0,0,0,0,0
26,2017-04-18,09:00:10,95,pp1709,XDCE,7666,7665,7680,1546,59308600,512816,513174,8135,7361,7748,7670,0,7670,0,0,0,2017-04-18,32410095,7665,7,0,0,0,0,0,0,0,0,7666,8,0,0,0,0,0,0,0,0
27,2017-04-18,09:00:10,554,pp1709,XDCE,7665,7665,7680,1566,60075120,512834,513174,8135,7361,7748,7670,0,7670,0,0,0,2017-04-18,32410554,7664,2,0,0,0,0,0,0,0,0,7665,4,0,0,0,0,0,0,0,0
28,2017-04-18,09:00:11,93,pp1709,XDCE,7665,7665,7680,1622,62221480,512814,513174,8135,7361,7748,7670,0,7670,0,0,0,2017-04-18,32411093,7664,3,0,0,0,0,0,0,0,0,7665,3,0,0,0,0,0,0,0,0
29,2017-04-18,09:00:11,554,pp1709,XDCE,7664,7664,7680,1652,63371160,512818,513174,8135,7361,7748,7670,0,7670,0,0,0,2017-04-18,32411554,7663,2,0,0,0,0,0,0,0,0,7664,4,0,0,0,0,0,0,0,0
30,2017-04-18,09:00:12,92,pp1709,XDCE,7662,7662,7680,1680,64444020,512816,513174,8135,7361,7748,7670,0,7670,0,0,0,2017-04-18,32412092,7662,27,0,0,0,0,0,0,0,0,7665,1,0,0,0,0,0,0,0,0
31,2017-04-18,09:00:12,588,pp1709,XDCE,7662,7662,7680,1700,65210250,512804,513174,8135,7361,7748,7670,0,7670,0,0,0,2017-04-18,32412588,7662,20,0,0,0,0,0,0,0,0,7664,12,0,0,0,0,0,0,0,0
32,2017-04-18,09:00:13,54,pp1709,XDCE,7664,7662,7680,1708,65516760,512808,513174,8135,7361,7748,7670,0,7670,0,0,0,2017-04-18,32413054,7663,8,0,0,0,0,0,0,0,0,7664,11,0,0,0,0,0,0,0,0
33,2017-04-18,09:00:13,597,pp1709,XDCE,7664,7662,7680,1710,65593400,512806,513174,8135,7361,7748,7670,0,7670,0,0,0,2017-04-18,32413597,7663,20,0,0,0,0,0,0,0,0,7664,10,0,0,0,0,0,0,0,0
34,2017-04-18,09:00:14,565,pp1709,XDCE,7664,7662,7680,1746,66972870,512796,513174,8135,7361,7748,7670,0,7670,0,0,0,2017-04-18,32414565,7664,19,0,0,0,0,0,0,0,0,7665,1,0,0,0,0,0,0,0,0
35,2017-04-18,09:00:15,54,pp1709,XDCE,7663,7662,7680,1800,69042090,512762,513174,8135,7361,7748,7670,0,7670,0,0,0,2017-04-18,32415054,7664,10,0,0,0,0,0,0,0,0,7665,1,0,0,0,0,0,0,0,0
36,2017-04-18,09:00:15,572,pp1709,XDCE,7664,7662,7680,1828,70115040,512764,513174,8135,7361,7748,7670,0,7670,0,0,0,2017-04-18,32415572,7663,10,0,0,0,0,0,0,0,0,7666,70,0,0,0,0,0,0,0,0
37,2017-04-18,09:00:16,47,pp1709,XDCE,7666,7662,7680,1830,70191700,512764,513174,8135,7361,7748,7670,0,7670,0,0,0,2017-04-18,32416047,7663,12,0,0,0,0,0,0,0,0,7666,69,0,0,0,0,0,0,0,0
38,2017-04-18,09:00:16,556,pp1709,XDCE,7664,7662,7680,1836,70421640,512766,513174,8135,7361,7748,7670,0,7670,0,0,0,2017-04-18,32416556,7663,13,0,0,0,0,0,0,0,0,7664,6,0,0,0,0,0,0,0,0
39,2017-04-18,09:00:17,65,pp1709,XDCE,7666,7662,7680,1894,72644470,512766,513174,8135,7361,7748,7670,0,7670,0,0,0,2017-04-18,32417065,7663,10,0,0,0,0,0,0,0,0,7666,53,0,0,0,0,0,0,0,0
40,2017-04-18,09:00:17,553,pp1709,XDCE,7663,7662,7680,1908,73181040,512768,513174,8135,7361,7748,7670,0,7670,0,0,0,2017-04-18,32417553,7663,29,0,0,0,0,0,0,0,0,7666,48,0,0,0,0,0,0,0,0
41,2017-04-18,09:00:18,72,pp1709,XDCE,7663,7662,7680,2020,77472440,512816,513174,8135,7361,7748,7670,0,7670,0,0,0,2017-04-18,32418072,7663,7,0,0,0,0,0,0,0,0,7666,48,0,0,0,0,0,0,0,0
42,2017-04-18,09:00:18,580,pp1709,XDCE,7663,7662,7680,2026,77702330,512818,513174,8135,7361,7748,7670,0,7670,0,0,0,2017-04-18,32418580,7662,21,0,0,0,0,0,0,0,0,7663,47,0,0,0,0,0,0,0,0
43,2017-04-18,09:00:19,61,pp1709,XDCE,7663,7662,7680,2132,81763700,512838,513174,8135,7361,7748,7670,0,7670,0,0,0,2017-04-18,32419061,7663,2,0,0,0,0,0,0,0,0,7664,1,0,0,0,0,0,0,0,0
44,2017-04-18,09:00:19,594,pp1709,XDCE,7663,7662,7680,2158,82759870,512854,513174,8135,7361,7748,7670,0,7670,0,0,0,2017-04-18,32419594,7663,5,0,0,0,0,0,0,0,0,7666,48,0,0,0,0,0,0,0,0
45,2017-04-18,09:00:20,54,pp1709,XDCE,7663,7662,7680,2178,83526250,512840,513174,8135,7361,7748,7670,0,7670,0,0,0,2017-04-18,32420054,7662,15,0,0,0,0,0,0,0,0,7663,4,0,0,0,0,0,0,0,0
46,2017-04-18,09:00:20,596,pp1709,XDCE,7662,7662,7680,2200,84369200,512848,513174,8135,7361,7748,7670,0,7670,0,0,0,2017-04-18,32420596,7662,13,0,0,0,0,0,0,0,0,7665,5,0,0,0,0,0,0,0,0
47,2017-04-18,09:00:21,70,pp1709,XDCE,7665,7662,7680,2206,84599120,512850,513174,8135,7361,7748,7670,0,7670,0,0,0,2017-04-18,32421070,7662,13,0,0,0,0,0,0,0,0,7665,3,0,0,0,0,0,0,0,0
48,2017-04-18,09:00:21,499,pp1709,XDCE,7662,7662,7680,2208,84675740,512850,513174,8135,7361,7748,7670,0,7670,0,0,0,2017-04-18,32421499,7663,1,0,0,0,0,0,0,0,0,7664,1,0,0,0,0,0,0,0,0
49,2017-04-18,09:00:21,887,pp1709,XDCE,7664,7662,7680,2210,84752380,512848,513174,8135,7361,7748,7670,0,7670,0,0,0,2017-04-18,32421887,7663,21,0,0,0,0,0,0,0,0,7665,4,0,0,0,0,0,0,0,0
50,2017-04-18,09:00:22,566,pp1709,XDCE,7665,7662,7680,2214,84905680,512848,513174,8135,7361,7748,7670,0,7670,0,0,0,2017-04-18,32422566,7664,2,0,0,0,0,0,0,0,0,7665,2,0,0,0,0,0,0,0,0
51,2017-04-18,09:00:22,958,pp1709,XDCE,7666,7662,7680,2274,87204840,512838,513174,8135,7361,7748,7670,0,7670,0,0,0,2017-04-18,32422958,7664,1,0,0,0,0,0,0,0,0,7666,43,0,0,0,0,0,0,0,0
52,2017-04-18,09:00:23,568,pp1709,XDCE,7663,7662,7680,2288,87741340,512830,513174,8135,7361,7748,7670,0,7670,0,0,0,2017-04-18,32423568,7663,2,0,0,0,0,0,0,0,0,7665,2,0,0,0,0,0,0,0,0
53,2017-04-18,09:00:24,68,pp1709,XDCE,7663,7662,7680,2310,88584520,512824,513174,8135,7361,7748,7670,0,7670,0,0,0,2017-04-18,32424068,7663,10,0,0,0,0,0,0,0,0,7666,38,0,0,0,0,0,0,0,0
54,2017-04-18,09:00:24,555,pp1709,XDCE,7666,7662,7680,2390,91650930,512846,513174,8135,7361,7748,7670,0,7670,0,0,0,2017-04-18,32424555,7666,2,0,0,0,0,0,0,0,0,7667,1,0,0,0,0,0,0,0,0
55,2017-04-18,09:00:25,66,pp1709,XDCE,7666,7662,7680,2398,91957580,512844,513174,8135,7361,7748,7670,0,7670,0,0,0,2017-04-18,32425066,7667,8,0,0,0,0,0,0,0,0,7668,4,0,0,0,0,0,0,0,0
56,2017-04-18,09:00:25,593,pp1709,XDCE,7667,7662,7680,2414,92570950,512830,513174,8135,7361,7748,7670,0,7670,0,0,0,2017-04-18,32425593,7667,3,0,0,0,0,0,0,0,0,7668,3,0,0,0,0,0,0,0,0
57,2017-04-18,09:00:26,81,pp1709,XDCE,7668,7662,7680,2420,92800990,512834,513174,8135,7361,7748,7670,0,7670,0,0,0,2017-04-18,32426081,7668,9,0,0,0,0,0,0,0,0,7669,16,0,0,0,0,0,0,0,0
58,2017-04-18,09:00:26,583,pp1709,XDCE,7668,7662,7680,2420,92800990,512834,513174,8135,7361,7748,7670,0,7670,0,0,0,2017-04-18,32426583,7668,11,0,0,0,0,0,0,0,0,7669,16,0,0,0,0,0,0,0,0
59,2017-04-18,09:00:27,64,pp1709,XDCE,7669,7662,7680,2450,93951220,512840,513174,8135,7361,7748,7670,0,7670,0,0,0,2017-04-18,32427064,7668,1,0,0,0,0,0,0,0,0,7669,13,0,0,0,0,0,0,0,0
60,2017-04-18,09:00:27,577,pp1709,XDCE,7668,7662,7680,2510,96251730,512840,513174,8135,7361,7748,7670,0,7670,0,0,0,2017-04-18,32427577,7667,8,0,0,0,0,0,0,0,0,7668,33,0,0,0,0,0,0,0,0
61,2017-04-18,09:00:28,98,pp1709,XDCE,7668,7662,7680,2538,97325250,512840,513174,8135,7361,7748,7670,0,7670,0,0,0,2017-04-18,32428098,7667,8,0,0,0,0,0,0,0,0,7668,22,0,0,0,0,0,0,0,0
62,2017-04-18,09:00:28,487,pp1709,XDCE,7664,7662,7680,2582,99011630,512834,513174,8135,7361,7748,7670,0,7670,0,0,0,2017-04-18,32428487,7665,7,0,0,0,0,0,0,0,0,7667,1,0,0,0,0,0,0,0,0
63,2017-04-18,09:00:29,99,pp1709,XDCE,7665,7662,7680,2670,102385380,512838,513174,8135,7361,7748,7670,0,7670,0,0,0,2017-04-18,32429099,7667,1,0,0,0,0,0,0,0,0,7669,24,0,0,0,0,0,0,0,0
64,2017-04-18,09:00:29,583,pp1709,XDCE,7664,7662,7680,2710,103918480,512848,513174,8135,7361,7748,7670,0,7670,0,0,0,2017-04-18,32429583,7664,15,0,0,0,0,0,0,0,0,7669,24,0,0,0,0,0,0,0,0
65,2017-04-18,09:00:30,93,pp1709,XDCE,7669,7662,7680,2732,104762010,512860,513174,8135,7361,7748,7670,0,7670,0,0,0,2017-04-18,32430093,7667,20,0,0,0,0,0,0,0,0,7669,19,0,0,0,0,0,0,0,0
66,2017-04-18,09:00:30,592,pp1709,XDCE,7667,7662,7680,2770,106218780,512826,513174,8135,7361,7748,7670,0,7670,0,0,0,2017-04-18,32430592,7667,5,0,0,0,0,0,0,0,0,7668,5,0,0,0,0,0,0,0,0
67,2017-04-18,09:00:31,92,pp1709,XDCE,7668,7662,7680,2786,106832160,512812,513174,8135,7361,7748,7670,0,7670,0,0,0,2017-04-18,32431092,7665,4,0,0,0,0,0,0,0,0,7668,2,0,0,0,0,0,0,0,0
68,2017-04-18,09:00:31,596,pp1709,XDCE,7668,7662,7680,2814,107905620,512798,513174,8135,7361,7748,7670,0,7670,0,0,0,2017-04-18,32431596,7668,4,0,0,0,0,0,0,0,0,7669,19,0,0,0,0,0,0,0,0
69,2017-04-18,09:00:32,19,pp1709,XDCE,7667,7662,7680,2826,108365660,512798,513174,8135,7361,7748,7670,0,7670,0,0,0,2017-04-18,32432019,7665,8,0,0,0,0,0,0,0,0,7667,3,0,0,0,0,0,0,0,0
70,2017-04-18,09:00:32,539,pp1709,XDCE,7667,7662,7680,2828,108442330,512796,513174,8135,7361,7748,7670,0,7670,0,0,0,2017-04-18,32432539,7665,1,0,0,0,0,0,0,0,0,7667,2,0,0,0,0,0,0,0,0
71,2017-04-18,09:00:32,959,pp1709,XDCE,7665,7662,7680,2858,109592420,512794,513174,8135,7361,7748,7670,0,7670,0,0,0,2017-04-18,32432959,7665,2,0,0,0,0,0,0,0,0,7667,2,0,0,0,0,0,0,0,0
72,2017-04-18,09:00:33,414,pp1709,XDCE,7667,7662,7680,2866,109899100,512798,513174,8135,7361,7748,7670,0,7670,0,0,0,2017-04-18,32433414,7667,7,0,0,0,0,0,0,0,0,7668,11,0,0,0,0,0,0,0,0
73,2017-04-18,09:00:34,39,pp1709,XDCE,7666,7662,7680,2884,110589110,512802,513174,8135,7361,7748,7670,0,7670,0,0,0,2017-04-18,32434039,7666,2,0,0,0,0,0,0,0,0,7667,20,0,0,0,0,0,0,0,0
74,2017-04-18,09:00:34,567,pp1709,XDCE,7667,7662,7680,2886,110665780,512804,513174,8135,7361,7748,7670,0,7670,0,0,0,2017-04-18,32434567,7666,4,0,0,0,0,0,0,0,0,7667,20,0,0,0,0,0,0,0,0
75,2017-04-18,09:00:35,64,pp1709,XDCE,7667,7662,7680,2904,111355770,512802,513174,8135,7361,7748,7670,0,7670,0,0,0,2017-04-18,32435064,7665,4,0,0,0,0,0,0,0,0,7667,15,0,0,0,0,0,0,0,0
76,2017-04-18,09:00:35,509,pp1709,XDCE,7667,7662,7680,2912,111662450,512802,513174,8135,7361,7748,7670,0,7670,0,0,0,2017-04-18,32435509,7665,5,0,0,0,0,0,0,0,0,7667,11,0,0,0,0,0,0,0,0
77,2017-04-18,09:00:36,538,pp1709,XDCE,7665,7662,7680,2920,111969070,512800,513174,8135,7361,7748,7670,0,7670,0,0,0,2017-04-18,32436538,7665,4,0,0,0,0,0,0,0,0,7667,12,0,0,0,0,0,0,0,0
78,2017-04-18,09:00:37,481,pp1709,XDCE,7665,7662,7680,2946,112965600,512790,513174,8135,7361,7748,7670,0,7670,0,0,0,2017-04-18,32437481,7664,15,0,0,0,0,0,0,0,0,7667,12,0,0,0,0,0,0,0,0
79,2017-04-18,09:00:38,488,pp1709,XDCE,7664,7662,7680,2992,114728530,512806,513174,8135,7361,7748,7670,0,7670,0,0,0,2017-04-18,32438488,7664,7,0,0,0,0,0,0,0,0,7665,32,0,0,0,0,0,0,0,0
80,2017-04-18,09:00:38,993,pp1709,XDCE,7665,7662,7680,3034,116338110,512814,513174,8135,7361,7748,7670,0,7670,0,0,0,2017-04-18,32438993,7663,107,0,0,0,0,0,0,0,0,7665,18,0,0,0,0,0,0,0,0
81,2017-04-18,09:00:39,542,pp1709,XDCE,7664,7662,7680,3082,118177730,512808,513174,8135,7361,7748,7670,0,7670,0,0,0,2017-04-18,32439542,7664,56,0,0,0,0,0,0,0,0,7665,8,0,0,0,0,0,0,0,0
82,2017-04-18,09:00:40,36,pp1709,XDCE,7665,7662,7680,3108,119174210,512786,513174,8135,7361,7748,7670,0,7670,0,0,0,2017-04-18,32440036,7665,3,0,0,0,0,0,0,0,0,7667,9,0,0,0,0,0,0,0,0
83,2017-04-18,09:00:40,550,pp1709,XDCE,7667,7662,7680,3244,124386120,512776,513174,8135,7361,7748,7670,0,7670,0,0,0,2017-04-18,32440550,7666,3,0,0,0,0,0,0,0,0,7668,19,0,0,0,0,0,0,0,0
84,2017-04-18,09:00:41,51,pp1709,XDCE,7667,7662,7680,3254,124769440,512774,513174,8135,7361,7748,7670,0,7670,0,0,0,2017-04-18,32441051,7665,5,0,0,0,0,0,0,0,0,7668,19,0,0,0,0,0,0,0,0
85,2017-04-18,09:00:41,560,pp1709,XDCE,7668,7662,7680,3260,124999440,512774,513174,8135,7361,7748,7670,0,7670,0,0,0,2017-04-18,32441560,7665,4,0,0,0,0,0,0,0,0,7668,18,0,0,0,0,0,0,0,0
86,2017-04-18,09:00:42,50,pp1709,XDCE,7665,7662,7680,3298,126455720,512760,513174,8135,7361,7748,7670,0,7670,0,0,0,2017-04-18,32442050,7665,5,0,0,0,0,0,0,0,0,7668,18,0,0,0,0,0,0,0,0
87,2017-04-18,09:00:42,574,pp1709,XDCE,7667,7662,7680,3314,127069000,512752,513174,8135,7361,7748,7670,0,7670,0,0,0,2017-04-18,32442574,7666,8,0,0,0,0,0,0,0,0,7668,18,0,0,0,0,0,0,0,0
88,2017-04-18,09:00:43,352,pp1709,XDCE,7666,7662,7680,3320,127298980,512746,513174,8135,7361,7748,7670,0,7670,0,0,0,2017-04-18,32443352,7666,5,0,0,0,0,0,0,0,0,7668,18,0,0,0,0,0,0,0,0
89,2017-04-18,09:00:44,435,pp1709,XDCE,7666,7662,7680,3332,127758940,512746,513174,8135,7361,7748,7670,0,7670,0,0,0,2017-04-18,32444435,7665,5,0,0,0,0,0,0,0,0,7668,18,0,0,0,0,0,0,0,0
90,2017-04-18,09:00:45,98,pp1709,XDCE,7666,7662,7680,3348,128372180,512740,513174,8135,7361,7748,7670,0,7670,0,0,0,2017-04-18,32445098,7664,4,0,0,0,0,0,0,0,0,7668,18,0,0,0,0,0,0,0,0
91,2017-04-18,09:00:45,596,pp1709,XDCE,7665,7662,7680,3398,130288430,512692,513174,8135,7361,7748,7670,0,7670,0,0,0,2017-04-18,32445596,7665,18,0,0,0,0,0,0,0,0,7667,8,0,0,0,0,0,0,0,0
92,2017-04-18,09:00:46,82,pp1709,XDCE,7667,7662,7680,3406,130595100,512686,513174,8135,7361,7748,7670,0,7670,0,0,0,2017-04-18,32446082,7666,1,0,0,0,0,0,0,0,0,7667,8,0,0,0,0,0,0,0,0
93,2017-04-18,09:00:46,550,pp1709,XDCE,7667,7662,7680,3426,131361770,512676,513174,8135,7361,7748,7670,0,7670,0,0,0,2017-04-18,32446550,7666,4,0,0,0,0,0,0,0,0,7668,18,0,0,0,0,0,0,0,0
94,2017-04-18,09:00:46,896,pp1709,XDCE,7669,7662,7680,3512,134659160,512694,513174,8135,7361,7748,7670,0,7670,0,0,0,2017-04-18,32446896,7667,2,0,0,0,0,0,0,0,0,7669,6,0,0,0,0,0,0,0,0
95,2017-04-18,09:00:47,581,pp1709,XDCE,7669,7662,7680,3536,135579440,512694,513174,8135,7361,7748,7670,0,7670,0,0,0,2017-04-18,32447581,7669,18,0,0,0,0,0,0,0,0,7670,17,0,0,0,0,0,0,0,0
96,2017-04-18,09:00:48,3,pp1709,XDCE,7669,7662,7680,3602,138110430,512688,513174,8135,7361,7748,7670,0,7670,0,0,0,2017-04-18,32448003,7669,7,0,0,0,0,0,0,0,0,7672,2,0,0,0,0,0,0,0,0
97,2017-04-18,09:00:48,577,pp1709,XDCE,7669,7662,7680,3646,139797850,512666,513174,8135,7361,7748,7670,0,7670,0,0,0,2017-04-18,32448577,7672,2,0,0,0,0,0,0,0,0,7674,6,0,0,0,0,0,0,0,0
98,2017-04-18,09:00:48,994,pp1709,XDCE,7669,7662,7680,3672,140795160,512656,513174,8135,7361,7748,7670,0,7670,0,0,0,2017-04-18,32448994,7669,7,0,0,0,0,0,0,0,0,7672,1,0,0,0,0,0,0,0,0
99,2017-04-18,09:00:49,489,pp1709,XDCE,7669,7662,7680,3700,141868820,512656,513174,8135,7361,7748,7670,0,7670,0,0,0,2017-04-18,32449489,7669,1,0,0,0,0,0,0,0,0,7673,4,0,0,0,0,0,0,0,0
100,2017-04-18,09:00:50,89,pp1709,XDCE,7672,7662,7680,3718,142559180,512638,513174,8135,7361,7748,7670,0,7670,0,0,0,2017-04-18,32450089,7669,12,0,0,0,0,0,0,0,0,7672,4,0,0,0,0,0,0,0,0
101,2017-04-18,09:00:50,589,pp1709,XDCE,7669,7662,7680,3846,147468640,512656,513174,8135,7361,7748,7670,0,7670,0,0,0,2017-04-18,32450589,7669,3,0,0,0,0,0,0,0,0,7677,30,0,0,0,0,0,0,0,0
102,2017-04-18,09:00:51,89,pp1709,XDCE,7672,7662,7680,3878,148696150,512642,513174,8135,7361,7748,7670,0,7670,0,0,0,2017-04-18,32451089,7670,14,0,0,0,0,0,0,0,0,7672,5,0,0,0,0,0,0,0,0
103,2017-04-18,09:00:51,597,pp1709,XDCE,7672,7662,7680,3902,149616790,512622,513174,8135,7361,7748,7670,0,7670,0,0,0,2017-04-18,32451597,7672,1,0,0,0,0,0,0,0,0,7673,1,0,0,0,0,0,0,0,0
104,2017-04-18,09:00:52,46,pp1709,XDCE,7673,7662,7680,3934,150844300,512606,513174,8135,7361,7748,7670,0,7670,0,0,0,2017-04-18,32452046,7673,1,0,0,0,0,0,0,0,0,7675,4,0,0,0,0,0,0,0,0
105,2017-04-18,09:00:52,501,pp1709,XDCE,7673,7662,7680,3940,151074490,512602,513174,8135,7361,7748,7670,0,7670,0,0,0,2017-04-18,32452501,7673,1,0,0,0,0,0,0,0,0,7674,4,0,0,0,0,0,0,0,0
106,2017-04-18,09:00:53,92,pp1709,XDCE,7674,7662,7680,3972,152302080,512608,513174,8135,7361,7748,7670,0,7670,0,0,0,2017-04-18,32453092,7670,25,0,0,0,0,0,0,0,0,7674,5,0,0,0,0,0,0,0,0
107,2017-04-18,09:00:53,570,pp1709,XDCE,7674,7662,7680,4058,155601880,512600,513174,8135,7361,7748,7670,0,7670,0,0,0,2017-04-18,32453570,7673,2,0,0,0,0,0,0,0,0,7678,17,0,0,0,0,0,0,0,0
108,2017-04-18,09:00:54,96,pp1709,XDCE,7676,7662,7680,4082,156522760,512596,513174,8135,7361,7748,7670,0,7670,0,0,0,2017-04-18,32454096,7672,5,0,0,0,0,0,0,0,0,7676,3,0,0,0,0,0,0,0,0
109,2017-04-18,09:00:54,565,pp1709,XDCE,7672,7662,7680,4126,158210890,512600,513174,8135,7361,7748,7670,0,7670,0,0,0,2017-04-18,32454565,7673,8,0,0,0,0,0,0,0,0,7676,3,0,0,0,0,0,0,0,0
110,2017-04-18,09:00:55,31,pp1709,XDCE,7674,7662,7680,4154,159285180,512602,513174,8135,7361,7748,7670,0,7670,0,0,0,2017-04-18,32455031,7674,16,0,0,0,0,0,0,0,0,7675,4,0,0,0,0,0,0,0,0
111,2017-04-18,09:00:55,519,pp1709,XDCE,7674,7662,7680,4184,160436300,512610,513174,8135,7361,7748,7670,0,7670,0,0,0,2017-04-18,32455519,7674,6,0,0,0,0,0,0,0,0,7675,2,0,0,0,0,0,0,0,0
112,2017-04-18,09:00:56,54,pp1709,XDCE,7671,7662,7680,4210,161433890,512612,513174,8135,7361,7748,7670,0,7670,0,0,0,2017-04-18,32456054,7671,7,0,0,0,0,0,0,0,0,7674,26,0,0,0,0,0,0,0,0
113,2017-04-18,09:00:56,591,pp1709,XDCE,7673,7662,7680,4250,162968550,512612,513174,8135,7361,7748,7670,0,7670,0,0,0,2017-04-18,32456591,7673,5,0,0,0,0,0,0,0,0,7674,12,0,0,0,0,0,0,0,0
114,2017-04-18,09:00:57,97,pp1709,XDCE,7673,7662,7680,4262,163428840,512616,513174,8135,7361,7748,7670,0,7670,0,0,0,2017-04-18,32457097,7671,22,0,0,0,0,0,0,0,0,7673,1,0,0,0,0,0,0,0,0
115,2017-04-18,09:00:57,586,pp1709,XDCE,7674,7662,7680,4280,164119460,512608,513174,8135,7361,7748,7670,0,7670,0,0,0,2017-04-18,32457586,7675,12,0,0,0,0,0,0,0,0,7676,3,0,0,0,0,0,0,0,0
116,2017-04-18,09:00:58,74,pp1709,XDCE,7676,7662,7680,4348,166729370,512582,513174,8135,7361,7748,7670,0,7670,0,0,0,2017-04-18,32458074,7674,7,0,0,0,0,0,0,0,0,7678,7,0,0,0,0,0,0,0,0
117,2017-04-18,09:00:58,330,pp1709,XDCE,7676,7662,7680,4348,166729370,512582,513174,8135,7361,7748,7670,0,7670,0,0,0,2017-04-18,32458330,7674,7,0,0,0,0,0,0,0,0,7677,6,0,0,0,0,0,0,0,0
118,2017-04-18,09:00:59,81,pp1709,XDCE,7674,7662,7680,4358,167113070,512590,513174,8135,7361,7748,7670,0,7670,0,0,0,2017-04-18,32459081,7675,12,0,0,0,0,0,0,0,0,7677,6,0,0,0,0,0,0,0,0
119,2017-04-18,09:00:59,551,pp1709,XDCE,7677,7662,7680,4376,167803920,512590,513174,8135,7361,7748,7670,0,7670,0,0,0,2017-04-18,32459551,7675,8,0,0,0,0,0,0,0,0,7677,1,0,0,0,0,0,0,0,0
120,2017-04-18,09:01:00,61,pp1709,XDCE,7675,7662,7680,4382,168034220,512592,513174,8135,7361,7748,7670,0,7670,0,0,0,2017-04-18,32460061,7675,7,0,0,0,0,0,0,0,0,7678,6,0,0,0,0,0,0,0,0
121,2017-04-18,09:01:00,599,pp1709,XDCE,7678,7662,7680,4408,169032270,512594,513174,8135,7361,7748,7670,0,7670,0,0,0,2017-04-18,32460599,7675,7,0,0,0,0,0,0,0,0,7678,2,0,0,0,0,0,0,0,0
122,2017-04-18,09:01:01,77,pp1709,XDCE,7676,7662,7680,4420,169492930,512600,513174,8135,7361,7748,7670,0,7670,0,0,0,2017-04-18,32461077,7676,7,0,0,0,0,0,0,0,0,7679,18,0,0,0,0,0,0,0,0
123,2017-04-18,09:01:01,548,pp1709,XDCE,7675,7662,7680,4452,170721030,512584,513174,8135,7361,7748,7670,0,7670,0,0,0,2017-04-18,32461548,7674,3,0,0,0,0,0,0,0,0,7676,5,0,0,0,0,0,0,0,0
124,2017-04-18,09:01:01,855,pp1709,XDCE,7675,7662,7680,4452,170721030,512584,513174,8135,7361,7748,7670,0,7670,0,0,0,2017-04-18,32461855,7674,3,0,0,0,0,0,0,0,0,7676,6,0,0,0,0,0,0,0,0
125,2017-04-18,09:01:02,563,pp1709,XDCE,7676,7662,7680,4472,171488550,512594,513174,8135,7361,7748,7670,0,7670,0,0,0,2017-04-18,32462563,7673,3,0,0,0,0,0,0,0,0,7677,4,0,0,0,0,0,0,0,0
126,2017-04-18,09:01:03,91,pp1709,XDCE,7675,7662,7680,4494,172332810,512594,513174,8135,7361,7748,7670,0,7670,0,0,0,2017-04-18,32463091,7675,3,0,0,0,0,0,0,0,0,7676,7,0,0,0,0,0,0,0,0
127,2017-04-18,09:01:03,562,pp1709,XDCE,7675,7662,7680,4542,174174850,512552,513174,8135,7361,7748,7670,0,7670,0,0,0,2017-04-18,32463562,7674,5,0,0,0,0,0,0,0,0,7676,4,0,0,0,0,0,0,0,0
128,2017-04-18,09:01:04,83,pp1709,XDCE,7675,7662,7680,4542,174174850,512552,513174,8135,7361,7748,7670,0,7670,0,0,0,2017-04-18,32464083,7675,1,0,0,0,0,0,0,0,0,7676,4,0,0,0,0,0,0,0,0
129,2017-04-18,09:01:04,507,pp1709,XDCE,7675,7662,7680,4552,174558640,512556,513174,8135,7361,7748,7670,0,7670,0,0,0,2017-04-18,32464507,7675,2,0,0,0,0,0,0,0,0,7677,10,0,0,0,0,0,0,0,0
130,2017-04-18,09:01:04,953,pp1709,XDCE,7675,7662,7680,4560,174865640,512554,513174,8135,7361,7748,7670,0,7670,0,0,0,2017-04-18,32464953,7675,1,0,0,0,0,0,0,0,0,7676,1,0,0,0,0,0,0,0,0
131,2017-04-18,09:01:05,559,pp1709,XDCE,7675,7662,7680,4570,175249420,512552,513174,8135,7361,7748,7670,0,7670,0,0,0,2017-04-18,32465559,7674,2,0,0,0,0,0,0,0,0,7675,1,0,0,0,0,0,0,0,0
132,2017-04-18,09:01:06,84,pp1709,XDCE,7674,7662,7680,4580,175633130,512552,513174,8135,7361,7748,7670,0,7670,0,0,0,2017-04-18,32466084,7674,1,0,0,0,0,0,0,0,0,7675,4,0,0,0,0,0,0,0,0
133,2017-04-18,09:01:06,526,pp1709,XDCE,7675,7662,7680,4632,177628610,512540,513174,8135,7361,7748,7670,0,7670,0,0,0,2017-04-18,32466526,7673,6,0,0,0,0,0,0,0,0,7676,1,0,0,0,0,0,0,0,0
134,2017-04-18,09:01:07,98,pp1709,XDCE,7675,7662,7680,4644,178089030,512542,513174,8135,7361,7748,7670,0,7670,0,0,0,2017-04-18,32467098,7673,5,0,0,0,0,0,0,0,0,7675,9,0,0,0,0,0,0,0,0
135,2017-04-18,09:01:07,593,pp1709,XDCE,7675,7662,7680,4696,180084370,512532,513174,8135,7361,7748,7670,0,7670,0,0,0,2017-04-18,32467593,7675,2,0,0,0,0,0,0,0,0,7676,3,0,0,0,0,0,0,0,0
136,2017-04-18,09:01:08,15,pp1709,XDCE,7677,7662,7680,4726,181235780,512516,513174,8135,7361,7748,7670,0,7670,0,0,0,2017-04-18,32468015,7675,1,0,0,0,0,0,0,0,0,7676,2,0,0,0,0,0,0,0,0
137,2017-04-18,09:01:08,599,pp1709,XDCE,7676,7662,7680,4738,181696320,512512,513174,8135,7361,7748,7670,0,7670,0,0,0,2017-04-18,32468599,7675,5,0,0,0,0,0,0,0,0,7677,11,0,0,0,0,0,0,0,0
138,2017-04-18,09:01:09,89,pp1709,XDCE,7676,7662,7680,4748,182080080,512514,513174,8135,7361,7748,7670,0,7670,0,0,0,2017-04-18,32469089,7675,1,0,0,0,0,0,0,0,0,7677,11,0,0,0,0,0,0,0,0
139,2017-04-18,09:01:09,598,pp1709,XDCE,7676,7662,7680,4778,183231550,512486,513174,8135,7361,7748,7670,0,7670,0,0,0,2017-04-18,32469598,7676,15,0,0,0,0,0,0,0,0,7677,3,0,0,0,0,0,0,0,0
140,2017-04-18,09:01:10,96,pp1709,XDCE,7678,7662,7680,4830,185227540,512442,513174,8135,7361,7748,7670,0,7670,0,0,0,2017-04-18,32470096,7677,5,0,0,0,0,0,0,0,0,7678,53,0,0,0,0,0,0,0,0
141,2017-04-18,09:01:10,598,pp1709,XDCE,7678,7662,7680,4890,187530880,512386,513174,8135,7361,7748,7670,0,7670,0,0,0,2017-04-18,32470598,7677,1,0,0,0,0,0,0,0,0,7678,29,0,0,0,0,0,0,0,0
142,2017-04-18,09:01:11,2,pp1709,XDCE,7679,7662,7680,4952,189911060,512366,513174,8135,7361,7748,7670,0,7670,0,0,0,2017-04-18,32471002,7678,19,0,0,0,0,0,0,0,0,7680,11,0,0,0,0,0,0,0,0
143,2017-04-18,09:01:11,569,pp1709,XDCE,7680,7662,7680,4966,190448650,512358,513174,8135,7361,7748,7670,0,7670,0,0,0,2017-04-18,32471569,7679,4,0,0,0,0,0,0,0,0,7680,5,0,0,0,0,0,0,0,0
144,2017-04-18,09:01:12,99,pp1709,XDCE,7680,7662,7682,4984,191139870,512358,513174,8135,7361,7748,7670,0,7670,0,0,0,2017-04-18,32472099,7680,4,0,0,0,0,0,0,0,0,7682,22,0,0,0,0,0,0,0,0
145,2017-04-18,09:01:12,588,pp1709,XDCE,7682,7662,7682,5006,191984790,512358,513174,8135,7361,7748,7670,0,7670,0,0,0,2017-04-18,32472588,7681,1,0,0,0,0,0,0,0,0,7682,16,0,0,0,0,0,0,0,0
146,2017-04-18,09:01:13,51,pp1709,XDCE,7681,7662,7682,5008,192061600,512356,513174,8135,7361,7748,7670,0,7670,0,0,0,2017-04-18,32473051,7681,1,0,0,0,0,0,0,0,0,7682,16,0,0,0,0,0,0,0,0
147,2017-04-18,09:01:13,416,pp1709,XDCE,7683,7662,7683,5044,193444380,512384,513174,8135,7361,7748,7670,0,7670,0,0,0,2017-04-18,32473416,7681,3,0,0,0,0,0,0,0,0,7684,3,0,0,0,0,0,0,0,0
148,2017-04-18,09:01:13,957,pp1709,XDCE,7684,7662,7684,5050,193674880,512382,513174,8135,7361,7748,7670,0,7670,0,0,0,2017-04-18,32473957,7682,2,0,0,0,0,0,0,0,0,7684,1,0,0,0,0,0,0,0,0
149,2017-04-18,09:01:14,514,pp1709,XDCE,7681,7662,7684,5056,193905330,512386,513174,8135,7361,7748,7670,0,7670,0,0,0,2017-04-18,32474514,7681,3,0,0,0,0,0,0,0,0,7684,1,0,0,0,0,0,0,0,0
150,2017-04-18,09:01:15,39,pp1709,XDCE,7684,7662,7684,5092,195287810,512362,513174,8135,7361,7748,7670,0,7670,0,0,0,2017-04-18,32475039,7682,5,0,0,0,0,0,0,0,0,7685,2,0,0,0,0,0,0,0,0
151,2017-04-18,09:01:15,599,pp1709,XDCE,7683,7662,7684,5104,195748840,512356,513174,8135,7361,7748,7670,0,7670,0,0,0,2017-04-18,32475599,7683,15,0,0,0,0,0,0,0,0,7684,17,0,0,0,0,0,0,0,0
152,2017-04-18,09:01:15,928,pp1709,XDCE,7683,7662,7684,5104,195748840,512356,513174,8135,7361,7748,7670,0,7670,0,0,0,2017-04-18,32475928,7683,15,0,0,0,0,0,0,0,0,7684,7,0,0,0,0,0,0,0,0
153,2017-04-18,09:01:16,483,pp1709,XDCE,7684,7662,7684,5114,196133010,512350,513174,8135,7361,7748,7670,0,7670,0,0,0,2017-04-18,32476483,7684,10,0,0,0,0,0,0,0,0,7685,2,0,0,0,0,0,0,0,0
154,2017-04-18,09:01:17,4,pp1709,XDCE,7685,7662,7685,5130,196747750,512350,513174,8135,7361,7748,7670,0,7670,0,0,0,2017-04-18,32477004,7684,6,0,0,0,0,0,0,0,0,7686,3,0,0,0,0,0,0,0,0
155,2017-04-18,09:01:17,594,pp1709,XDCE,7684,7662,7685,5192,199129800,512344,513174,8135,7361,7748,7670,0,7670,0,0,0,2017-04-18,32477594,7682,8,0,0,0,0,0,0,0,0,7684,51,0,0,0,0,0,0,0,0
156,2017-04-18,09:01:17,988,pp1709,XDCE,7682,7662,7685,5252,201434920,512318,513174,8135,7361,7748,7670,0,7670,0,0,0,2017-04-18,32477988,7682,2,0,0,0,0,0,0,0,0,7684,28,0,0,0,0,0,0,0,0
157,2017-04-18,09:01:18,588,pp1709,XDCE,7686,7662,7686,5312,203740160,512300,513174,8135,7361,7748,7670,0,7670,0,0,0,2017-04-18,32478588,7681,13,0,0,0,0,0,0,0,0,7686,1,0,0,0,0,0,0,0,0
158,2017-04-18,09:01:19,96,pp1709,XDCE,7686,7662,7686,5322,204124460,512300,513174,8135,7361,7748,7670,0,7670,0,0,0,2017-04-18,32479096,7682,16,0,0,0,0,0,0,0,0,7684,10,0,0,0,0,0,0,0,0
159,2017-04-18,09:01:19,599,pp1709,XDCE,7684,7662,7686,5346,205046640,512280,513174,8135,7361,7748,7670,0,7670,0,0,0,2017-04-18,32479599,7682,8,0,0,0,0,0,0,0,0,7685,1,0,0,0,0,0,0,0,0
160,2017-04-18,09:01:20,92,pp1709,XDCE,7684,7662,7686,5372,206045630,512280,513174,8135,7361,7748,7670,0,7670,0,0,0,2017-04-18,32480092,7682,7,0,0,0,0,0,0,0,0,7684,5,0,0,0,0,0,0,0,0
161,2017-04-18,09:01:20,592,pp1709,XDCE,7681,7662,7686,5398,207044300,512264,513174,8135,7361,7748,7670,0,7670,0,0,0,2017-04-18,32480592,7681,9,0,0,0,0,0,0,0,0,7683,18,0,0,0,0,0,0,0,0
162,2017-04-18,09:01:21,34,pp1709,XDCE,7681,7662,7686,5418,207812400,512246,513174,8135,7361,7748,7670,0,7670,0,0,0,2017-04-18,32481034,7678,9,0,0,0,0,0,0,0,0,7681,4,0,0,0,0,0,0,0,0
163,2017-04-18,09:01:21,597,pp1709,XDCE,7684,7662,7686,5540,212499180,512270,513174,8135,7361,7748,7670,0,7670,0,0,0,2017-04-18,32481597,7684,29,0,0,0,0,0,0,0,0,7685,6,0,0,0,0,0,0,0,0
164,2017-04-18,09:01:22,83,pp1709,XDCE,7684,7662,7686,5634,216110490,512236,513174,8135,7361,7748,7670,0,7670,0,0,0,2017-04-18,32482083,7680,4,0,0,0,0,0,0,0,0,7684,15,0,0,0,0,0,0,0,0
165,2017-04-18,09:01:22,509,pp1709,XDCE,7683,7662,7686,5648,216648200,512236,513174,8135,7361,7748,7670,0,7670,0,0,0,2017-04-18,32482509,7681,4,0,0,0,0,0,0,0,0,7683,1,0,0,0,0,0,0,0,0
166,2017-04-18,09:01:23,59,pp1709,XDCE,7682,7662,7686,5658,217032310,512236,513174,8135,7361,7748,7670,0,7670,0,0,0,2017-04-18,32483059,7680,1,0,0,0,0,0,0,0,0,7683,2,0,0,0,0,0,0,0,0
167,2017-04-18,09:01:23,599,pp1709,XDCE,7683,7662,7686,5688,218184710,512246,513174,8135,7361,7748,7670,0,7670,0,0,0,2017-04-18,32483599,7681,2,0,0,0,0,0,0,0,0,7684,11,0,0,0,0,0,0,0,0
168,2017-04-18,09:01:24,55,pp1709,XDCE,7681,7662,7686,5692,218338330,512250,513174,8135,7361,7748,7670,0,7670,0,0,0,2017-04-18,32484055,7680,1,0,0,0,0,0,0,0,0,7683,3,0,0,0,0,0,0,0,0
169,2017-04-18,09:01:24,559,pp1709,XDCE,7683,7662,7686,5694,218415160,512250,513174,8135,7361,7748,7670,0,7670,0,0,0,2017-04-18,32484559,7680,2,0,0,0,0,0,0,0,0,7683,5,0,0,0,0,0,0,0,0
170,2017-04-18,09:01:24,926,pp1709,XDCE,7683,7662,7686,5696,218491990,512250,513174,8135,7361,7748,7670,0,7670,0,0,0,2017-04-18,32484926,7680,4,0,0,0,0,0,0,0,0,7683,5,0,0,0,0,0,0,0,0
171,2017-04-18,09:01:25,563,pp1709,XDCE,7683,7662,7686,5700,218645650,512246,513174,8135,7361,7748,7670,0,7670,0,0,0,2017-04-18,32485563,7683,2,0,0,0,0,0,0,0,0,7684,17,0,0,0,0,0,0,0,0
172,2017-04-18,09:01:26,96,pp1709,XDCE,7681,7662,7686,5716,219260150,512236,513174,8135,7361,7748,7670,0,7670,0,0,0,2017-04-18,32486096,7681,5,0,0,0,0,0,0,0,0,7683,9,0,0,0,0,0,0,0,0
173,2017-04-18,09:01:26,401,pp1709,XDCE,7681,7662,7686,5724,219567390,512228,513174,8135,7361,7748,7670,0,7670,0,0,0,2017-04-18,32486401,7681,1,0,0,0,0,0,0,0,0,7683,9,0,0,0,0,0,0,0,0
174,2017-04-18,09:01:27,85,pp1709,XDCE,7681,7662,7686,5728,219721030,512226,513174,8135,7361,7748,7670,0,7670,0,0,0,2017-04-18,32487085,7680,3,0,0,0,0,0,0,0,0,7683,8,0,0,0,0,0,0,0,0
175,2017-04-18,09:01:27,487,pp1709,XDCE,7683,7662,7686,5732,219874690,512226,513174,8135,7361,7748,7670,0,7670,0,0,0,2017-04-18,32487487,7680,4,0,0,0,0,0,0,0,0,7683,7,0,0,0,0,0,0,0,0
176,2017-04-18,09:01:27,928,pp1709,XDCE,7683,7662,7686,5740,220181970,512224,513174,8135,7361,7748,7670,0,7670,0,0,0,2017-04-18,32487928,7681,15,0,0,0,0,0,0,0,0,7683,2,0,0,0,0,0,0,0,0
177,2017-04-18,09:01:28,496,pp1709,XDCE,7683,7662,7686,5752,220642950,512218,513174,8135,7361,7748,7670,0,7670,0,0,0,2017-04-18,32488496,7681,15,0,0,0,0,0,0,0,0,7683,6,0,0,0,0,0,0,0,0
178,2017-04-18,09:01:29,70,pp1709,XDCE,7682,7662,7686,5778,221641500,512200,513174,8135,7361,7748,7670,0,7670,0,0,0,2017-04-18,32489070,7681,4,0,0,0,0,0,0,0,0,7682,8,0,0,0,0,0,0,0,0
179,2017-04-18,09:01:29,585,pp1709,XDCE,7682,7662,7686,5800,222486380,512188,513174,8135,7361,7748,7670,0,7670,0,0,0,2017-04-18,32489585,7680,5,0,0,0,0,0,0,0,0,7681,5,0,0,0,0,0,0,0,0
180,2017-04-18,09:01:30,71,pp1709,XDCE,7679,7662,7686,5816,223100800,512192,513174,8135,7361,7748,7670,0,7670,0,0,0,2017-04-18,32490071,7679,1,0,0,0,0,0,0,0,0,7680,6,0,0,0,0,0,0,0,0
181,2017-04-18,09:01:30,599,pp1709,XDCE,7679,7662,7686,5834,223791990,512180,513174,8135,7361,7748,7670,0,7670,0,0,0,2017-04-18,32490599,7678,7,0,0,0,0,0,0,0,0,7681,12,0,0,0,0,0,0,0,0
182,2017-04-18,09:01:31,93,pp1709,XDCE,7678,7662,7686,5842,224099110,512176,513174,8135,7361,7748,7670,0,7670,0,0,0,2017-04-18,32491093,7678,3,0,0,0,0,0,0,0,0,7681,16,0,0,0,0,0,0,0,0
183,2017-04-18,09:01:31,598,pp1709,XDCE,7678,7662,7686,5852,224483050,512176,513174,8135,7361,7748,7670,0,7670,0,0,0,2017-04-18,32491598,7677,5,0,0,0,0,0,0,0,0,7678,1,0,0,0,0,0,0,0,0
184,2017-04-18,09:01:32,72,pp1709,XDCE,7677,7662,7686,5862,224866900,512166,513174,8135,7361,7748,7670,0,7670,0,0,0,2017-04-18,32492072,7676,7,0,0,0,0,0,0,0,0,7679,10,0,0,0,0,0,0,0,0
185,2017-04-18,09:01:32,595,pp1709,XDCE,7679,7662,7686,5876,225404410,512154,513174,8135,7361,7748,7670,0,7670,0,0,0,2017-04-18,32492595,7676,7,0,0,0,0,0,0,0,0,7679,5,0,0,0,0,0,0,0,0
186,2017-04-18,09:01:33,51,pp1709,XDCE,7679,7662,7686,5878,225481200,512154,513174,8135,7361,7748,7670,0,7670,0,0,0,2017-04-18,32493051,7676,7,0,0,0,0,0,0,0,0,7679,4,0,0,0,0,0,0,0,0
187,2017-04-18,09:01:33,599,pp1709,XDCE,7679,7662,7686,5902,226402620,512142,513174,8135,7361,7748,7670,0,7670,0,0,0,2017-04-18,32493599,7676,5,0,0,0,0,0,0,0,0,7679,3,0,0,0,0,0,0,0,0
188,2017-04-18,09:01:34,99,pp1709,XDCE,7679,7662,7686,5902,226402620,512142,513174,8135,7361,7748,7670,0,7670,0,0,0,2017-04-18,32494099,7677,16,0,0,0,0,0,0,0,0,7679,5,0,0,0,0,0,0,0,0
189,2017-04-18,09:01:34,535,pp1709,XDCE,7679,7662,7686,5904,226479410,512142,513174,8135,7361,7748,7670,0,7670,0,0,0,2017-04-18,32494535,7677,25,0,0,0,0,0,0,0,0,7679,4,0,0,0,0,0,0,0,0
190,2017-04-18,09:01:34,890,pp1709,XDCE,7679,7662,7686,5914,226863360,512136,513174,8135,7361,7748,7670,0,7670,0,0,0,2017-04-18,32494890,7677,25,0,0,0,0,0,0,0,0,7680,9,0,0,0,0,0,0,0,0
191,2017-04-18,09:01:35,596,pp1709,XDCE,7678,7662,7686,5920,227093720,512134,513174,8135,7361,7748,7670,0,7670,0,0,0,2017-04-18,32495596,7678,2,0,0,0,0,0,0,0,0,7679,4,0,0,0,0,0,0,0,0
192,2017-04-18,09:01:36,99,pp1709,XDCE,7681,7662,7686,5956,228476050,512114,513174,8135,7361,7748,7670,0,7670,0,0,0,2017-04-18,32496099,7677,10,0,0,0,0,0,0,0,0,7680,1,0,0,0,0,0,0,0,0
193,2017-04-18,09:01:36,597,pp1709,XDCE,7678,7662,7686,5960,228629610,512110,513174,8135,7361,7748,7670,0,7670,0,0,0,2017-04-18,32496597,7677,7,0,0,0,0,0,0,0,0,7679,26,0,0,0,0,0,0,0,0
194,2017-04-18,09:01:37,98,pp1709,XDCE,7677,7662,7686,5984,229550850,512104,513174,8135,7361,7748,7670,0,7670,0,0,0,2017-04-18,32497098,7675,32,0,0,0,0,0,0,0,0,7679,6,0,0,0,0,0,0,0,0
195,2017-04-18,09:01:37,596,pp1709,XDCE,7676,7662,7686,5990,229781190,512106,513174,8135,7361,7748,7670,0,7670,0,0,0,2017-04-18,32497596,7676,9,0,0,0,0,0,0,0,0,7679,1,0,0,0,0,0,0,0,0
196,2017-04-18,09:01:38,63,pp1709,XDCE,7676,7662,7686,5990,229781190,512106,513174,8135,7361,7748,7670,0,7670,0,0,0,2017-04-18,32498063,7677,3,0,0,0,0,0,0,0,0,7679,1,0,0,0,0,0,0,0,0
197,2017-04-18,09:01:39,84,pp1709,XDCE,7678,7662,7686,5996,230011530,512100,513174,8135,7361,7748,7670,0,7670,0,0,0,2017-04-18,32499084,7676,7,0,0,0,0,0,0,0,0,7677,9,0,0,0,0,0,0,0,0
198,2017-04-18,09:01:39,595,pp1709,XDCE,7679,7662,7686,6034,231470110,512090,513174,8135,7361,7748,7670,0,7670,0,0,0,2017-04-18,32499595,7679,8,0,0,0,0,0,0,0,0,7680,9,0,0,0,0,0,0,0,0
199,2017-04-18,09:01:40,83,pp1709,XDCE,7679,7662,7686,6082,233313070,512060,513174,8135,7361,7748,7670,0,7670,0,0,0,2017-04-18,32500083,7676,1,0,0,0,0,0,0,0,0,7679,30,0,0,0,0,0,0,0,0
200,2017-04-18,09:01:40,561,pp1709,XDCE,7677,7662,7686,6094,233773740,512058,513174,8135,7361,7748,7670,0,7670,0,0,0,2017-04-18,32500561,7677,1,0,0,0,0,0,0,0,0,7678,2,0,0,0,0,0,0,0,0
201,2017-04-18,09:01:40,915,pp1709,XDCE,7677,7662,7686,6096,233850510,512056,513174,8135,7361,7748,7670,0,7670,0,0,0,2017-04-18,32500915,7676,2,0,0,0,0,0,0,0,0,7677,1,0,0,0,0,0,0,0,0
202,2017-04-18,09:01:41,583,pp1709,XDCE,7679,7662,7686,6108,234311230,512050,513174,8135,7361,7748,7670,0,7670,0,0,0,2017-04-18,32501583,7676,3,0,0,0,0,0,0,0,0,7677,1,0,0,0,0,0,0,0,0
203,2017-04-18,09:01:42,96,pp1709,XDCE,7677,7662,7686,6120,234771820,512048,513174,8135,7361,7748,7670,0,7670,0,0,0,2017-04-18,32502096,7677,2,0,0,0,0,0,0,0,0,7678,2,0,0,0,0,0,0,0,0
204,2017-04-18,09:01:42,594,pp1709,XDCE,7677,7662,7686,6124,234925360,512048,513174,8135,7361,7748,7670,0,7670,0,0,0,2017-04-18,32502594,7675,34,0,0,0,0,0,0,0,0,7676,1,0,0,0,0,0,0,0,0
205,2017-04-18,09:01:43,61,pp1709,XDCE,7673,7662,7686,6206,238072090,512030,513174,8135,7361,7748,7670,0,7670,0,0,0,2017-04-18,32503061,7672,7,0,0,0,0,0,0,0,0,7674,4,0,0,0,0,0,0,0,0
206,2017-04-18,09:01:43,483,pp1709,XDCE,7674,7662,7686,6208,238148830,512030,513174,8135,7361,7748,7670,0,7670,0,0,0,2017-04-18,32503483,7672,14,0,0,0,0,0,0,0,0,7673,1,0,0,0,0,0,0,0,0
207,2017-04-18,09:01:44,93,pp1709,XDCE,7672,7662,7686,6252,239836740,512056,513174,8135,7361,7748,7670,0,7670,0,0,0,2017-04-18,32504093,7671,41,0,0,0,0,0,0,0,0,7674,4,0,0,0,0,0,0,0,0
208,2017-04-18,09:01:44,596,pp1709,XDCE,7671,7662,7686,6310,242061350,512014,513174,8135,7361,7748,7670,0,7670,0,0,0,2017-04-18,32504596,7671,14,0,0,0,0,0,0,0,0,7672,45,0,0,0,0,0,0,0,0
209,2017-04-18,09:01:45,95,pp1709,XDCE,7672,7662,7686,6406,245743570,511948,513174,8135,7361,7748,7670,0,7670,0,0,0,2017-04-18,32505095,7668,3,0,0,0,0,0,0,0,0,7671,5,0,0,0,0,0,0,0,0
210,2017-04-18,09:01:45,468,pp1709,XDCE,7671,7662,7686,6408,245820280,511948,513174,8135,7361,7748,7670,0,7670,0,0,0,2017-04-18,32505468,7669,4,0,0,0,0,0,0,0,0,7670,3,0,0,0,0,0,0,0,0
211,2017-04-18,09:01:46,94,pp1709,XDCE,7671,7662,7686,6418,246203780,511940,513174,8135,7361,7748,7670,0,7670,0,0,0,2017-04-18,32506094,7669,3,0,0,0,0,0,0,0,0,7671,7,0,0,0,0,0,0,0,0
212,2017-04-18,09:01:46,584,pp1709,XDCE,7670,7662,7686,6422,246357180,511940,513174,8135,7361,7748,7670,0,7670,0,0,0,2017-04-18,32506584,7670,1,0,0,0,0,0,0,0,0,7671,7,0,0,0,0,0,0,0,0
213,2017-04-18,09:01:47,55,pp1709,XDCE,7668,7662,7686,6438,246970670,511930,513174,8135,7361,7748,7670,0,7670,0,0,0,2017-04-18,32507055,7669,1,0,0,0,0,0,0,0,0,7671,7,0,0,0,0,0,0,0,0
214,2017-04-18,09:01:47,590,pp1709,XDCE,7669,7662,7686,6458,247737630,511914,513174,8135,7361,7748,7670,0,7670,0,0,0,2017-04-18,32507590,7670,1,0,0,0,0,0,0,0,0,7671,5,0,0,0,0,0,0,0,0
215,2017-04-18,09:01:48,74,pp1709,XDCE,7671,7662,7686,6522,250191750,511876,513174,8135,7361,7748,7670,0,7670,0,0,0,2017-04-18,32508074,7667,11,0,0,0,0,0,0,0,0,7672,28,0,0,0,0,0,0,0,0
216,2017-04-18,09:01:48,554,pp1709,XDCE,7671,7662,7686,6552,251342370,511882,513174,8135,7361,7748,7670,0,7670,0,0,0,2017-04-18,32508554,7671,56,0,0,0,0,0,0,0,0,7672,28,0,0,0,0,0,0,0,0
217,2017-04-18,09:01:49,62,pp1709,XDCE,7672,7662,7686,6672,255945200,511898,513174,8135,7361,7748,7670,0,7670,0,0,0,2017-04-18,32509062,7671,19,0,0,0,0,0,0,0,0,7672,5,0,0,0,0,0,0,0,0
218,2017-04-18,09:01:49,598,pp1709,XDCE,7669,7662,7686,6714,257556060,511926,513174,8135,7361,7748,7670,0,7670,0,0,0,2017-04-18,32509598,7668,2,0,0,0,0,0,0,0,0,7670,20,0,0,0,0,0,0,0,0
219,2017-04-18,09:01:49,981,pp1709,XDCE,7670,7662,7686,6716,257632760,511926,513174,8135,7361,7748,7670,0,7670,0,0,0,2017-04-18,32509981,7668,4,0,0,0,0,0,0,0,0,7670,25,0,0,0,0,0,0,0,0
220,2017-04-18,09:01:50,467,pp1709,XDCE,7670,7662,7686,6720,257786150,511922,513174,8135,7361,7748,7670,0,7670,0,0,0,2017-04-18,32510467,7669,3,0,0,0,0,0,0,0,0,7670,24,0,0,0,0,0,0,0,0
221,2017-04-18,09:01:51,93,pp1709,XDCE,7669,7662,7686,6740,258553100,511912,513174,8135,7361,7748,7670,0,7670,0,0,0,2017-04-18,32511093,7669,5,0,0,0,0,0,0,0,0,7670,19,0,0,0,0,0,0,0,0
222,2017-04-18,09:01:51,592,pp1709,XDCE,7669,7662,7686,6746,258783180,511910,513174,8135,7361,7748,7670,0,7670,0,0,0,2017-04-18,32511592,7669,2,0,0,0,0,0,0,0,0,7670,18,0,0,0,0,0,0,0,0
223,2017-04-18,09:01:51,988,pp1709,XDCE,7670,7662,7686,6750,258936580,511908,513174,8135,7361,7748,7670,0,7670,0,0,0,2017-04-18,32511988,7668,8,0,0,0,0,0,0,0,0,7670,16,0,0,0,0,0,0,0,0
224,2017-04-18,09:01:52,597,pp1709,XDCE,7669,7662,7686,6790,260470370,511896,513174,8135,7361,7748,7670,0,7670,0,0,0,2017-04-18,32512597,7669,2,0,0,0,0,0,0,0,0,7670,7,0,0,0,0,0,0,0,0
225,2017-04-18,09:01:52,951,pp1709,XDCE,7670,7662,7686,6808,261160670,511912,513174,8135,7361,7748,7670,0,7670,0,0,0,2017-04-18,32512951,7668,6,0,0,0,0,0,0,0,0,7670,47,0,0,0,0,0,0,0,0
226,2017-04-18,09:01:53,599,pp1709,XDCE,7669,7662,7686,6820,261620860,511912,513174,8135,7361,7748,7670,0,7670,0,0,0,2017-04-18,32513599,7669,1,0,0,0,0,0,0,0,0,7670,43,0,0,0,0,0,0,0,0
227,2017-04-18,09:01:54,82,pp1709,XDCE,7669,7662,7686,6836,262234400,511920,513174,8135,7361,7748,7670,0,7670,0,0,0,2017-04-18,32514082,7669,18,0,0,0,0,0,0,0,0,7670,41,0,0,0,0,0,0,0,0
228,2017-04-18,09:01:54,593,pp1709,XDCE,7669,7662,7686,6900,264688540,511954,513174,8135,7361,7748,7670,0,7670,0,0,0,2017-04-18,32514593,7669,2,0,0,0,0,0,0,0,0,7670,35,0,0,0,0,0,0,0,0
229,2017-04-18,09:01:55,92,pp1709,XDCE,7669,7662,7686,6902,264765230,511954,513174,8135,7361,7748,7670,0,7670,0,0,0,2017-04-18,32515092,7669,1,0,0,0,0,0,0,0,0,7670,36,0,0,0,0,0,0,0,0
230,2017-04-18,09:01:55,393,pp1709,XDCE,7670,7662,7686,6912,265148720,511954,513174,8135,7361,7748,7670,0,7670,0,0,0,2017-04-18,32515393,7669,1,0,0,0,0,0,0,0,0,7670,32,0,0,0,0,0,0,0,0
231,2017-04-18,09:01:56,92,pp1709,XDCE,7669,7662,7686,6914,265225410,511954,513174,8135,7361,7748,7670,0,7670,0,0,0,2017-04-18,32516092,7668,2,0,0,0,0,0,0,0,0,7669,4,0,0,0,0,0,0,0,0
232,2017-04-18,09:01:56,598,pp1709,XDCE,7669,7662,7686,6922,265532170,511954,513174,8135,7361,7748,7670,0,7670,0,0,0,2017-04-18,32516598,7668,2,0,0,0,0,0,0,0,0,7670,32,0,0,0,0,0,0,0,0
233,2017-04-18,09:01:57,61,pp1709,XDCE,7668,7662,7686,6926,265685530,511954,513174,8135,7361,7748,7670,0,7670,0,0,0,2017-04-18,32517061,7667,41,0,0,0,0,0,0,0,0,7668,23,0,0,0,0,0,0,0,0
234,2017-04-18,09:01:57,599,pp1709,XDCE,7667,7662,7686,6940,266222220,511954,513174,8135,7361,7748,7670,0,7670,0,0,0,2017-04-18,32517599,7667,34,0,0,0,0,0,0,0,0,7668,23,0,0,0,0,0,0,0,0
235,2017-04-18,09:01:58,99,pp1709,XDCE,7667,7662,7686,6946,266452230,511954,513174,8135,7361,7748,7670,0,7670,0,0,0,2017-04-18,32518099,7667,31,0,0,0,0,0,0,0,0,7668,26,0,0,0,0,0,0,0,0
236,2017-04-18,09:01:58,553,pp1709,XDCE,7667,7662,7686,6964,267142270,511946,513174,8135,7361,7748,7670,0,7670,0,0,0,2017-04-18,32518553,7667,23,0,0,0,0,0,0,0,0,7668,26,0,0,0,0,0,0,0,0
237,2017-04-18,09:01:59,75,pp1709,XDCE,7667,7662,7686,6976,267602290,511946,513174,8135,7361,7748,7670,0,7670,0,0,0,2017-04-18,32519075,7667,17,0,0,0,0,0,0,0,0,7668,26,0,0,0,0,0,0,0,0
238,2017-04-18,09:01:59,592,pp1709,XDCE,7667,7662,7686,7018,269212400,511916,513174,8135,7361,7748,7670,0,7670,0,0,0,2017-04-18,32519592,7666,3,0,0,0,0,0,0,0,0,7667,5,0,0,0,0,0,0,0,0
239,2017-04-18,09:02:00,96,pp1709,XDCE,7668,7662,7686,7032,269749150,511920,513174,8135,7361,7748,7670,0,7670,0,0,0,2017-04-18,32520096,7667,5,0,0,0,0,0,0,0,0,7668,16,0,0,0,0,0,0,0,0
240,2017-04-18,09:02:00,538,pp1709,XDCE,7670,7662,7686,7078,271512910,511928,513174,8135,7361,7748,7670,0,7670,0,0,0,2017-04-18,32520538,7669,4,0,0,0,0,0,0,0,0,7670,27,0,0,0,0,0,0,0,0
241,2017-04-18,09:02:01,66,pp1709,XDCE,7670,7662,7686,7174,275194720,511922,513174,8135,7361,7748,7670,0,7670,0,0,0,2017-04-18,32521066,7672,4,0,0,0,0,0,0,0,0,7674,1,0,0,0,0,0,0,0,0
242,2017-04-18,09:02:01,598,pp1709,XDCE,7672,7662,7686,7192,275885190,511922,513174,8135,7361,7748,7670,0,7670,0,0,0,2017-04-18,32521598,7671,9,0,0,0,0,0,0,0,0,7672,2,0,0,0,0,0,0,0,0
243,2017-04-18,09:02:01,924,pp1709,XDCE,7672,7662,7686,7220,276959300,511920,513174,8135,7361,7748,7670,0,7670,0,0,0,2017-04-18,32521924,7672,13,0,0,0,0,0,0,0,0,7674,1,0,0,0,0,0,0,0,0
244,2017-04-18,09:02:02,597,pp1709,XDCE,7677,7662,7686,7246,277957150,511902,513174,8135,7361,7748,7670,0,7670,0,0,0,2017-04-18,32522597,7674,1,0,0,0,0,0,0,0,0,7677,7,0,0,0,0,0,0,0,0
245,2017-04-18,09:02:03,95,pp1709,XDCE,7674,7662,7686,7262,278571100,511886,513174,8135,7361,7748,7670,0,7670,0,0,0,2017-04-18,32523095,7673,2,0,0,0,0,0,0,0,0,7674,2,0,0,0,0,0,0,0,0
246,2017-04-18,09:02:03,538,pp1709,XDCE,7672,7662,7686,7270,278878010,511884,513174,8135,7361,7748,7670,0,7670,0,0,0,2017-04-18,32523538,7672,5,0,0,0,0,0,0,0,0,7674,3,0,0,0,0,0,0,0,0
247,2017-04-18,09:02:04,72,pp1709,XDCE,7676,7662,7686,7294,279799030,511888,513174,8135,7361,7748,7670,0,7670,0,0,0,2017-04-18,32524072,7672,6,0,0,0,0,0,0,0,0,7676,10,0,0,0,0,0,0,0,0
248,2017-04-18,09:02:04,575,pp1709,XDCE,7672,7662,7686,7308,280336160,511888,513174,8135,7361,7748,7670,0,7670,0,0,0,2017-04-18,32524575,7672,2,0,0,0,0,0,0,0,0,7675,6,0,0,0,0,0,0,0,0
249,2017-04-18,09:02:05,22,pp1709,XDCE,7672,7662,7686,7308,280336160,511888,513174,8135,7361,7748,7670,0,7670,0,0,0,2017-04-18,32525022,7672,6,0,0,0,0,0,0,0,0,7674,3,0,0,0,0,0,0,0,0
250,2017-04-18,09:02:05,569,pp1709,XDCE,7672,7662,7686,7308,280336160,511888,513174,8135,7361,7748,7670,0,7670,0,0,0,2017-04-18,32525569,7672,10,0,0,0,0,0,0,0,0,7674,3,0,0,0,0,0,0,0,0
251,2017-04-18,09:02:06,98,pp1709,XDCE,7674,7662,7686,7318,280719860,511892,513174,8135,7361,7748,7670,0,7670,0,0,0,2017-04-18,32526098,7672,6,0,0,0,0,0,0,0,0,7675,3,0,0,0,0,0,0,0,0
252,2017-04-18,09:02:06,522,pp1709,XDCE,7674,7662,7686,7318,280719860,511892,513174,8135,7361,7748,7670,0,7670,0,0,0,2017-04-18,32526522,7673,1,0,0,0,0,0,0,0,0,7675,3,0,0,0,0,0,0,0,0
253,2017-04-18,09:02:07,55,pp1709,XDCE,7673,7662,7686,7326,281026780,511892,513174,8135,7361,7748,7670,0,7670,0,0,0,2017-04-18,32527055,7672,6,0,0,0,0,0,0,0,0,7673,1,0,0,0,0,0,0,0,0
254,2017-04-18,09:02:07,540,pp1709,XDCE,7672,7662,7686,7328,281103500,511892,513174,8135,7361,7748,7670,0,7670,0,0,0,2017-04-18,32527540,7672,5,0,0,0,0,0,0,0,0,7673,1,0,0,0,0,0,0,0,0
255,2017-04-18,09:02:08,54,pp1709,XDCE,7675,7662,7686,7332,281256980,511894,513174,8135,7361,7748,7670,0,7670,0,0,0,2017-04-18,32528054,7672,5,0,0,0,0,0,0,0,0,7675,7,0,0,0,0,0,0,0,0
256,2017-04-18,09:02:08,395,pp1709,XDCE,7672,7662,7686,7346,281794040,511902,513174,8135,7361,7748,7670,0,7670,0,0,0,2017-04-18,32528395,7673,1,0,0,0,0,0,0,0,0,7675,7,0,0,0,0,0,0,0,0
257,2017-04-18,09:02:09,92,pp1709,XDCE,7673,7662,7686,7354,282100980,511902,513174,8135,7361,7748,7670,0,7670,0,0,0,2017-04-18,32529092,7672,2,0,0,0,0,0,0,0,0,7673,3,0,0,0,0,0,0,0,0
258,2017-04-18,09:02:09,535,pp1709,XDCE,7673,7662,7686,7356,282177710,511902,513174,8135,7361,7748,7670,0,7670,0,0,0,2017-04-18,32529535,7671,4,0,0,0,0,0,0,0,0,7673,22,0,0,0,0,0,0,0,0
259,2017-04-18,09:02:10,98,pp1709,XDCE,7672,7662,7686,7364,282484580,511908,513174,8135,7361,7748,7670,0,7670,0,0,0,2017-04-18,32530098,7670,4,0,0,0,0,0,0,0,0,7673,22,0,0,0,0,0,0,0,0
260,2017-04-18,09:02:10,595,pp1709,XDCE,7673,7662,7686,7392,283558780,511908,513174,8135,7361,7748,7670,0,7670,0,0,0,2017-04-18,32530595,7671,4,0,0,0,0,0,0,0,0,7673,10,0,0,0,0,0,0,0,0
261,2017-04-18,09:02:11,96,pp1709,XDCE,7671,7662,7686,7400,283865660,511908,513174,8135,7361,7748,7670,0,7670,0,0,0,2017-04-18,32531096,7671,4,0,0,0,0,0,0,0,0,7673,9,0,0,0,0,0,0,0,0
262,2017-04-18,09:02:11,594,pp1709,XDCE,7674,7662,7686,7420,284632970,511892,513174,8135,7361,7748,7670,0,7670,0,0,0,2017-04-18,32531594,7674,10,0,0,0,0,0,0,0,0,7675,5,0,0,0,0,0,0,0,0
263,2017-04-18,09:02:11,912,pp1709,XDCE,7675,7662,7686,7434,285170170,511888,513174,8135,7361,7748,7670,0,7670,0,0,0,2017-04-18,32531912,7674,2,0,0,0,0,0,0,0,0,7675,4,0,0,0,0,0,0,0,0
264,2017-04-18,09:02:12,539,pp1709,XDCE,7674,7662,7686,7440,285400400,511888,513174,8135,7361,7748,7670,0,7670,0,0,0,2017-04-18,32532539,7674,2,0,0,0,0,0,0,0,0,7675,5,0,0,0,0,0,0,0,0
265,2017-04-18,09:02:13,65,pp1709,XDCE,7674,7662,7686,7444,285553880,511884,513174,8135,7361,7748,7670,0,7670,0,0,0,2017-04-18,32533065,7673,7,0,0,0,0,0,0,0,0,7675,5,0,0,0,0,0,0,0,0
266,2017-04-18,09:02:13,489,pp1709,XDCE,7676,7662,7686,7458,286091120,511876,513174,8135,7361,7748,7670,0,7670,0,0,0,2017-04-18,32533489,7674,1,0,0,0,0,0,0,0,0,7676,2,0,0,0,0,0,0,0,0
267,2017-04-18,09:02:14,593,pp1709,XDCE,7675,7662,7686,7464,286321370,511876,513174,8135,7361,7748,7670,0,7670,0,0,0,2017-04-18,32534593,7674,1,0,0,0,0,0,0,0,0,7675,5,0,0,0,0,0,0,0,0
268,2017-04-18,09:02:15,51,pp1709,XDCE,7673,7662,7686,7470,286551580,511876,513174,8135,7361,7748,7670,0,7670,0,0,0,2017-04-18,32535051,7673,5,0,0,0,0,0,0,0,0,7674,1,0,0,0,0,0,0,0,0
269,2017-04-18,09:02:15,596,pp1709,XDCE,7673,7662,7686,7488,287242190,511864,513174,8135,7361,7748,7670,0,7670,0,0,0,2017-04-18,32535596,7675,10,0,0,0,0,0,0,0,0,7676,4,0,0,0,0,0,0,0,0
270,2017-04-18,09:02:15,907,pp1709,XDCE,7675,7662,7686,7522,288546890,511842,513174,8135,7361,7748,7670,0,7670,0,0,0,2017-04-18,32535907,7672,4,0,0,0,0,0,0,0,0,7673,2,0,0,0,0,0,0,0,0
271,2017-04-18,09:02:16,474,pp1709,XDCE,7675,7662,7686,7522,288546890,511842,513174,8135,7361,7748,7670,0,7670,0,0,0,2017-04-18,32536474,7672,4,0,0,0,0,0,0,0,0,7675,9,0,0,0,0,0,0,0,0
272,2017-04-18,09:02:17,596,pp1709,XDCE,7676,7662,7686,7554,289774750,511842,513174,8135,7361,7748,7670,0,7670,0,0,0,2017-04-18,32537596,7671,5,0,0,0,0,0,0,0,0,7675,1,0,0,0,0,0,0,0,0
273,2017-04-18,09:02:18,96,pp1709,XDCE,7676,7662,7686,7566,290235290,511834,513174,8135,7361,7748,7670,0,7670,0,0,0,2017-04-18,32538096,7674,7,0,0,0,0,0,0,0,0,7676,1,0,0,0,0,0,0,0,0
274,2017-04-18,09:02:18,598,pp1709,XDCE,7680,7662,7686,7606,291771020,511812,513174,8135,7361,7748,7670,0,7670,0,0,0,2017-04-18,32538598,7674,14,0,0,0,0,0,0,0,0,7680,1,0,0,0,0,0,0,0,0
275,2017-04-18,09:02:19,93,pp1709,XDCE,7683,7662,7686,7646,293307190,511818,513174,8135,7361,7748,7670,0,7670,0,0,0,2017-04-18,32539093,7676,18,0,0,0,0,0,0,0,0,7683,72,0,0,0,0,0,0,0,0
276,2017-04-18,09:02:19,597,pp1709,XDCE,7678,7662,7686,7648,293383970,511816,513174,8135,7361,7748,7670,0,7670,0,0,0,2017-04-18,32539597,7678,3,0,0,0,0,0,0,0,0,7681,1,0,0,0,0,0,0,0,0
277,2017-04-18,09:02:20,99,pp1709,XDCE,7678,7662,7686,7648,293383970,511816,513174,8135,7361,7748,7670,0,7670,0,0,0,2017-04-18,32540099,7678,7,0,0,0,0,0,0,0,0,7681,1,0,0,0,0,0,0,0,0
278,2017-04-18,09:02:20,595,pp1709,XDCE,7681,7662,7686,7680,294613030,511798,513174,8135,7361,7748,7670,0,7670,0,0,0,2017-04-18,32540595,7680,9,0,0,0,0,0,0,0,0,7682,5,0,0,0,0,0,0,0,0
279,2017-04-18,09:02:21,96,pp1709,XDCE,7680,7662,7686,7706,295611480,511792,513174,8135,7361,7748,7670,0,7670,0,0,0,2017-04-18,32541096,7678,7,0,0,0,0,0,0,0,0,7680,2,0,0,0,0,0,0,0,0
280,2017-04-18,09:02:21,379,pp1709,XDCE,7677,7662,7686,7722,296225700,511784,513174,8135,7361,7748,7670,0,7670,0,0,0,2017-04-18,32541379,7677,4,0,0,0,0,0,0,0,0,7680,1,0,0,0,0,0,0,0,0
281,2017-04-18,09:02:22,69,pp1709,XDCE,7677,7662,7686,7722,296225700,511784,513174,8135,7361,7748,7670,0,7670,0,0,0,2017-04-18,32542069,7678,1,0,0,0,0,0,0,0,0,7679,2,0,0,0,0,0,0,0,0
282,2017-04-18,09:02:22,596,pp1709,XDCE,7679,7662,7686,7728,296456060,511780,513174,8135,7361,7748,7670,0,7670,0,0,0,2017-04-18,32542596,7678,3,0,0,0,0,0,0,0,0,7680,3,0,0,0,0,0,0,0,0
283,2017-04-18,09:02:22,858,pp1709,XDCE,7679,7662,7686,7728,296456060,511780,513174,8135,7361,7748,7670,0,7670,0,0,0,2017-04-18,32542858,7677,14,0,0,0,0,0,0,0,0,7680,7,0,0,0,0,0,0,0,0
284,2017-04-18,09:02:23,533,pp1709,XDCE,7680,7662,7686,7790,298836260,511804,513174,8135,7361,7748,7670,0,7670,0,0,0,2017-04-18,32543533,7680,2,0,0,0,0,0,0,0,0,7681,25,0,0,0,0,0,0,0,0
285,2017-04-18,09:02:24,40,pp1709,XDCE,7681,7662,7686,7806,299450700,511792,513174,8135,7361,7748,7670,0,7670,0,0,0,2017-04-18,32544040,7677,7,0,0,0,0,0,0,0,0,7680,10,0,0,0,0,0,0,0,0
286,2017-04-18,09:02:24,595,pp1709,XDCE,7680,7662,7686,7812,299681100,511788,513174,8135,7361,7748,7670,0,7670,0,0,0,2017-04-18,32544595,7677,7,0,0,0,0,0,0,0,0,7680,7,0,0,0,0,0,0,0,0
287,2017-04-18,09:02:25,87,pp1709,XDCE,7680,7662,7686,7812,299681100,511788,513174,8135,7361,7748,7670,0,7670,0,0,0,2017-04-18,32545087,7677,7,0,0,0,0,0,0,0,0,7679,1,0,0,0,0,0,0,0,0
288,2017-04-18,09:02:25,365,pp1709,XDCE,7680,7662,7686,7816,299834700,511786,513174,8135,7361,7748,7670,0,7670,0,0,0,2017-04-18,32545365,7679,4,0,0,0,0,0,0,0,0,7680,6,0,0,0,0,0,0,0,0
289,2017-04-18,09:02:25,927,pp1709,XDCE,7680,7662,7686,7836,300602580,511778,513174,8135,7361,7748,7670,0,7670,0,0,0,2017-04-18,32545927,7677,21,0,0,0,0,0,0,0,0,7680,2,0,0,0,0,0,0,0,0
290,2017-04-18,09:02:26,585,pp1709,XDCE,7678,7662,7686,7856,301370520,511764,513174,8135,7361,7748,7670,0,7670,0,0,0,2017-04-18,32546585,7678,1,0,0,0,0,0,0,0,0,7681,4,0,0,0,0,0,0,0,0
291,2017-04-18,09:02:26,909,pp1709,XDCE,7678,7662,7686,7856,301370520,511764,513174,8135,7361,7748,7670,0,7670,0,0,0,2017-04-18,32546909,7678,3,0,0,0,0,0,0,0,0,7680,10,0,0,0,0,0,0,0,0
292,2017-04-18,09:02:27,458,pp1709,XDCE,7681,7662,7686,7882,302368950,511762,513174,8135,7361,7748,7670,0,7670,0,0,0,2017-04-18,32547458,7680,10,0,0,0,0,0,0,0,0,7681,3,0,0,0,0,0,0,0,0
293,2017-04-18,09:02:28,66,pp1709,XDCE,7681,7662,7686,7886,302522560,511764,513174,8135,7361,7748,7670,0,7670,0,0,0,2017-04-18,32548066,7680,10,0,0,0,0,0,0,0,0,7681,1,0,0,0,0,0,0,0,0
294,2017-04-18,09:02:28,466,pp1709,XDCE,7680,7662,7686,7898,302983360,511766,513174,8135,7361,7748,7670,0,7670,0,0,0,2017-04-18,32548466,7680,24,0,0,0,0,0,0,0,0,7681,2,0,0,0,0,0,0,0,0
295,2017-04-18,09:02:29,66,pp1709,XDCE,7680,7662,7686,7946,304826560,511766,513174,8135,7361,7748,7670,0,7670,0,0,0,2017-04-18,32549066,7678,3,0,0,0,0,0,0,0,0,7680,10,0,0,0,0,0,0,0,0
296,2017-04-18,09:02:29,599,pp1709,XDCE,7680,7662,7686,7984,306285760,511774,513174,8135,7361,7748,7670,0,7670,0,0,0,2017-04-18,32549599,7678,1,0,0,0,0,0,0,0,0,7681,2,0,0,0,0,0,0,0,0
297,2017-04-18,09:02:29,977,pp1709,XDCE,7681,7662,7686,7998,306823380,511774,513174,8135,7361,7748,7670,0,7670,0,0,0,2017-04-18,32549977,7681,14,0,0,0,0,0,0,0,0,7682,1,0,0,0,0,0,0,0,0
298,2017-04-18,09:02:30,425,pp1709,XDCE,7680,7662,7686,8030,308052320,511746,513174,8135,7361,7748,7670,0,7670,0,0,0,2017-04-18,32550425,7680,13,0,0,0,0,0,0,0,0,7681,18,0,0,0,0,0,0,0,0
299,2017-04-18,09:02:30,897,pp1709,XDCE,7680,7662,7686,8044,308589930,511756,513174,8135,7361,7748,7670,0,7670,0,0,0,2017-04-18,32550897,7680,7,0,0,0,0,0,0,0,0,7681,17,0,0,0,0,0,0,0,0
300,2017-04-18,09:02:31,373,pp1709,XDCE,7680,7662,7686,8060,309204330,511758,513174,8135,7361,7748,7670,0,7670,0,0,0,2017-04-18,32551373,7678,11,0,0,0,0,0,0,0,0,7681,14,0,0,0,0,0,0,0,0
301,2017-04-18,09:02:31,991,pp1709,XDCE,7681,7662,7686,8070,309588350,511758,513174,8135,7361,7748,7670,0,7670,0,0,0,2017-04-18,32551991,7678,11,0,0,0,0,0,0,0,0,7681,5,0,0,0,0,0,0,0,0
302,2017-04-18,09:02:32,543,pp1709,XDCE,7681,7662,7686,8070,309588350,511758,513174,8135,7361,7748,7670,0,7670,0,0,0,2017-04-18,32552543,7679,6,0,0,0,0,0,0,0,0,7681,19,0,0,0,0,0,0,0,0
303,2017-04-18,09:02:33,42,pp1709,XDCE,7681,7662,7686,8082,310049190,511756,513174,8135,7361,7748,7670,0,7670,0,0,0,2017-04-18,32553042,7680,2,0,0,0,0,0,0,0,0,7681,14,0,0,0,0,0,0,0,0
304,2017-04-18,09:02:33,505,pp1709,XDCE,7681,7662,7686,8084,310126000,511756,513174,8135,7361,7748,7670,0,7670,0,0,0,2017-04-18,32553505,7680,2,0,0,0,0,0,0,0,0,7681,13,0,0,0,0,0,0,0,0
305,2017-04-18,09:02:34,554,pp1709,XDCE,7681,7662,7686,8084,310126000,511756,513174,8135,7361,7748,7670,0,7670,0,0,0,2017-04-18,32554554,7680,3,0,0,0,0,0,0,0,0,7681,13,0,0,0,0,0,0,0,0
306,2017-04-18,09:02:34,858,pp1709,XDCE,7680,7662,7686,8090,310356400,511756,513174,8135,7361,7748,7670,0,7670,0,0,0,2017-04-18,32554858,7679,5,0,0,0,0,0,0,0,0,7680,14,0,0,0,0,0,0,0,0
307,2017-04-18,09:02:35,562,pp1709,XDCE,7680,7662,7686,8096,310586800,511752,513174,8135,7361,7748,7670,0,7670,0,0,0,2017-04-18,32555562,7679,5,0,0,0,0,0,0,0,0,7680,11,0,0,0,0,0,0,0,0
308,2017-04-18,09:02:35,948,pp1709,XDCE,7680,7662,7686,8098,310663600,511752,513174,8135,7361,7748,7670,0,7670,0,0,0,2017-04-18,32555948,7679,5,0,0,0,0,0,0,0,0,7680,10,0,0,0,0,0,0,0,0
309,2017-04-18,09:02:36,563,pp1709,XDCE,7679,7662,7686,8112,311201140,511740,513174,8135,7361,7748,7670,0,7670,0,0,0,2017-04-18,32556563,7678,15,0,0,0,0,0,0,0,0,7680,9,0,0,0,0,0,0,0,0
310,2017-04-18,09:02:37,508,pp1709,XDCE,7678,7662,7686,8132,311968940,511758,513174,8135,7361,7748,7670,0,7670,0,0,0,2017-04-18,32557508,7678,5,0,0,0,0,0,0,0,0,7680,9,0,0,0,0,0,0,0,0
311,2017-04-18,09:02:38,56,pp1709,XDCE,7678,7662,7686,8142,312352840,511758,513174,8135,7361,7748,7670,0,7670,0,0,0,2017-04-18,32558056,7677,13,0,0,0,0,0,0,0,0,7679,1,0,0,0,0,0,0,0,0
312,2017-04-18,09:02:38,259,pp1709,XDCE,7679,7662,7686,8144,312429630,511758,513174,8135,7361,7748,7670,0,7670,0,0,0,2017-04-18,32558259,7677,13,0,0,0,0,0,0,0,0,7679,2,0,0,0,0,0,0,0,0
313,2017-04-18,09:02:39,491,pp1709,XDCE,7679,7662,7686,8148,312583210,511756,513174,8135,7361,7748,7670,0,7670,0,0,0,2017-04-18,32559491,7679,4,0,0,0,0,0,0,0,0,7680,14,0,0,0,0,0,0,0,0
314,2017-04-18,09:02:40,87,pp1709,XDCE,7679,7662,7686,8156,312890370,511756,513174,8135,7361,7748,7670,0,7670,0,0,0,2017-04-18,32560087,7677,17,0,0,0,0,0,0,0,0,7680,14,0,0,0,0,0,0,0,0
315,2017-04-18,09:02:40,465,pp1709,XDCE,7680,7662,7686,8184,313965570,511740,513174,8135,7361,7748,7670,0,7670,0,0,0,2017-04-18,32560465,7679,1,0,0,0,0,0,0,0,0,7681,15,0,0,0,0,0,0,0,0
316,2017-04-18,09:02:41,68,pp1709,XDCE,7679,7662,7686,8188,314119150,511742,513174,8135,7361,7748,7670,0,7670,0,0,0,2017-04-18,32561068,7678,2,0,0,0,0,0,0,0,0,7679,2,0,0,0,0,0,0,0,0
317,2017-04-18,09:02:41,456,pp1709,XDCE,7679,7662,7686,8192,314272730,511742,513174,8135,7361,7748,7670,0,7670,0,0,0,2017-04-18,32561456,7678,2,0,0,0,0,0,0,0,0,7681,7,0,0,0,0,0,0,0,0
318,2017-04-18,09:02:42,96,pp1709,XDCE,7680,7662,7686,8212,315040720,511744,513174,8135,7361,7748,7670,0,7670,0,0,0,2017-04-18,32562096,7678,2,0,0,0,0,0,0,0,0,7680,10,0,0,0,0,0,0,0,0
319,2017-04-18,09:02:42,591,pp1709,XDCE,7678,7662,7686,8218,315271080,511740,513174,8135,7361,7748,7670,0,7670,0,0,0,2017-04-18,32562591,7677,12,0,0,0,0,0,0,0,0,7678,2,0,0,0,0,0,0,0,0
320,2017-04-18,09:02:43,97,pp1709,XDCE,7677,7662,7686,8248,316422660,511732,513174,8135,7361,7748,7670,0,7670,0,0,0,2017-04-18,32563097,7676,11,0,0,0,0,0,0,0,0,7677,3,0,0,0,0,0,0,0,0
321,2017-04-18,09:02:44,95,pp1709,XDCE,7676,7662,7686,8254,316652960,511730,513174,8135,7361,7748,7670,0,7670,0,0,0,2017-04-18,32564095,7676,10,0,0,0,0,0,0,0,0,7677,1,0,0,0,0,0,0,0,0
322,2017-04-18,09:02:44,600,pp1709,XDCE,7676,7662,7686,8298,318341680,511708,513174,8135,7361,7748,7670,0,7670,0,0,0,2017-04-18,32564600,7676,2,0,0,0,0,0,0,0,0,7677,1,0,0,0,0,0,0,0,0
323,2017-04-18,09:02:45,32,pp1709,XDCE,7675,7662,7686,8304,318571960,511706,513174,8135,7361,7748,7670,0,7670,0,0,0,2017-04-18,32565032,7675,9,0,0,0,0,0,0,0,0,7676,9,0,0,0,0,0,0,0,0
324,2017-04-18,09:02:45,599,pp1709,XDCE,7675,7662,7686,8316,319032480,511706,513174,8135,7361,7748,7670,0,7670,0,0,0,2017-04-18,32565599,7675,5,0,0,0,0,0,0,0,0,7676,12,0,0,0,0,0,0,0,0
325,2017-04-18,09:02:46,100,pp1709,XDCE,7675,7662,7686,8334,319723300,511710,513174,8135,7361,7748,7670,0,7670,0,0,0,2017-04-18,32566100,7675,5,0,0,0,0,0,0,0,0,7676,5,0,0,0,0,0,0,0,0
326,2017-04-18,09:02:46,600,pp1709,XDCE,7675,7662,7686,8354,320490870,511706,513174,8135,7361,7748,7670,0,7670,0,0,0,2017-04-18,32566600,7675,7,0,0,0,0,0,0,0,0,7677,5,0,0,0,0,0,0,0,0
327,2017-04-18,09:02:47,91,pp1709,XDCE,7677,7662,7686,8358,320644390,511706,513174,8135,7361,7748,7670,0,7670,0,0,0,2017-04-18,32567091,7676,5,0,0,0,0,0,0,0,0,7678,2,0,0,0,0,0,0,0,0
328,2017-04-18,09:02:47,599,pp1709,XDCE,7676,7662,7686,8360,320721150,511706,513174,8135,7361,7748,7670,0,7670,0,0,0,2017-04-18,32567599,7676,6,0,0,0,0,0,0,0,0,7678,2,0,0,0,0,0,0,0,0
329,2017-04-18,09:02:48,100,pp1709,XDCE,7674,7662,7686,8416,322870230,511670,513174,8135,7361,7748,7670,0,7670,0,0,0,2017-04-18,32568100,7672,3,0,0,0,0,0,0,0,0,7675,14,0,0,0,0,0,0,0,0
330,2017-04-18,09:02:48,599,pp1709,XDCE,7672,7662,7686,8420,323023700,511672,513174,8135,7361,7748,7670,0,7670,0,0,0,2017-04-18,32568599,7673,3,0,0,0,0,0,0,0,0,7674,2,0,0,0,0,0,0,0,0
331,2017-04-18,09:02:49,75,pp1709,XDCE,7673,7662,7686,8428,323330650,511672,513174,8135,7361,7748,7670,0,7670,0,0,0,2017-04-18,32569075,7673,16,0,0,0,0,0,0,0,0,7675,13,0,0,0,0,0,0,0,0
332,2017-04-18,09:02:49,574,pp1709,XDCE,7674,7662,7686,8432,323484120,511674,513174,8135,7361,7748,7670,0,7670,0,0,0,2017-04-18,32569574,7674,19,0,0,0,0,0,0,0,0,7675,13,0,0,0,0,0,0,0,0
333,2017-04-18,09:02:50,97,pp1709,XDCE,7674,7662,7686,8436,323637610,511674,513174,8135,7361,7748,7670,0,7670,0,0,0,2017-04-18,32570097,7674,18,0,0,0,0,0,0,0,0,7675,14,0,0,0,0,0,0,0,0
334,2017-04-18,09:02:50,495,pp1709,XDCE,7674,7662,7686,8468,324865490,511692,513174,8135,7361,7748,7670,0,7670,0,0,0,2017-04-18,32570495,7674,12,0,0,0,0,0,0,0,0,7675,10,0,0,0,0,0,0,0,0
335,2017-04-18,09:02:51,597,pp1709,XDCE,7675,7662,7686,8474,325095720,511696,513174,8135,7361,7748,7670,0,7670,0,0,0,2017-04-18,32571597,7674,10,0,0,0,0,0,0,0,0,7675,9,0,0,0,0,0,0,0,0
336,2017-04-18,09:02:52,599,pp1709,XDCE,7675,7662,7686,8482,325402700,511696,513174,8135,7361,7748,7670,0,7670,0,0,0,2017-04-18,32572599,7674,8,0,0,0,0,0,0,0,0,7675,7,0,0,0,0,0,0,0,0
337,2017-04-18,09:02:53,100,pp1709,XDCE,7675,7662,7686,8488,325632950,511696,513174,8135,7361,7748,7670,0,7670,0,0,0,2017-04-18,32573100,7674,8,0,0,0,0,0,0,0,0,7675,4,0,0,0,0,0,0,0,0
338,2017-04-18,09:02:53,599,pp1709,XDCE,7675,7662,7686,8498,326016680,511698,513174,8135,7361,7748,7670,0,7670,0,0,0,2017-04-18,32573599,7674,6,0,0,0,0,0,0,0,0,7675,1,0,0,0,0,0,0,0,0
339,2017-04-18,09:02:54,27,pp1709,XDCE,7674,7662,7686,8514,326630610,511700,513174,8135,7361,7748,7670,0,7670,0,0,0,2017-04-18,32574027,7673,3,0,0,0,0,0,0,0,0,7674,3,0,0,0,0,0,0,0,0
340,2017-04-18,09:02:54,600,pp1709,XDCE,7674,7662,7686,8526,327091020,511702,513174,8135,7361,7748,7670,0,7670,0,0,0,2017-04-18,32574600,7672,7,0,0,0,0,0,0,0,0,7675,6,0,0,0,0,0,0,0,0
341,2017-04-18,09:02:55,599,pp1709,XDCE,7672,7662,7686,8528,327167740,511702,513174,8135,7361,7748,7670,0,7670,0,0,0,2017-04-18,32575599,7672,3,0,0,0,0,0,0,0,0,7674,1,0,0,0,0,0,0,0,0
342,2017-04-18,09:02:56,81,pp1709,XDCE,7674,7662,7686,8530,327244480,511702,513174,8135,7361,7748,7670,0,7670,0,0,0,2017-04-18,32576081,7674,1,0,0,0,0,0,0,0,0,7675,7,0,0,0,0,0,0,0,0
343,2017-04-18,09:02:56,536,pp1709,XDCE,7674,7662,7686,8546,327858300,511698,513174,8135,7361,7748,7670,0,7670,0,0,0,2017-04-18,32576536,7671,7,0,0,0,0,0,0,0,0,7674,8,0,0,0,0,0,0,0,0
344,2017-04-18,09:02:57,65,pp1709,XDCE,7671,7662,7686,8548,327935010,511696,513174,8135,7361,7748,7670,0,7670,0,0,0,2017-04-18,32577065,7672,2,0,0,0,0,0,0,0,0,7674,8,0,0,0,0,0,0,0,0
345,2017-04-18,09:02:57,449,pp1709,XDCE,7672,7662,7686,8552,328088470,511696,513174,8135,7361,7748,7670,0,7670,0,0,0,2017-04-18,32577449,7672,1,0,0,0,0,0,0,0,0,7674,7,0,0,0,0,0,0,0,0
346,2017-04-18,09:02:58,25,pp1709,XDCE,7672,7662,7686,8552,328088470,511696,513174,8135,7361,7748,7670,0,7670,0,0,0,2017-04-18,32578025,7672,3,0,0,0,0,0,0,0,0,7674,7,0,0,0,0,0,0,0,0
347,2017-04-18,09:02:58,469,pp1709,XDCE,7674,7662,7686,8572,328855720,511704,513174,8135,7361,7748,7670,0,7670,0,0,0,2017-04-18,32578469,7671,2,0,0,0,0,0,0,0,0,7674,4,0,0,0,0,0,0,0,0
348,2017-04-18,09:02:59,35,pp1709,XDCE,7674,7662,7686,8574,328932460,511706,513174,8135,7361,7748,7670,0,7670,0,0,0,2017-04-18,32579035,7671,7,0,0,0,0,0,0,0,0,7674,5,0,0,0,0,0,0,0,0
349,2017-04-18,09:02:59,596,pp1709,XDCE,7674,7662,7686,8578,329085910,511706,513174,8135,7361,7748,7670,0,7670,0,0,0,2017-04-18,32579596,7672,3,0,0,0,0,0,0,0,0,7674,4,0,0,0,0,0,0,0,0
350,2017-04-18,09:03:00,95,pp1709,XDCE,7675,7662,7686,8598,329853390,511690,513174,8135,7361,7748,7670,0,7670,0,0,0,2017-04-18,32580095,7673,6,0,0,0,0,0,0,0,0,7676,5,0,0,0,0,0,0,0,0
351,2017-04-18,09:03:00,596,pp1709,XDCE,7675,7662,7686,8624,330851310,511668,513174,8135,7361,7748,7670,0,7670,0,0,0,2017-04-18,32580596,7676,6,0,0,0,0,0,0,0,0,7678,13,0,0,0,0,0,0,0,0
352,2017-04-18,09:03:01,96,pp1709,XDCE,7678,7662,7686,8640,331465480,511660,513174,8135,7361,7748,7670,0,7670,0,0,0,2017-04-18,32581096,7674,10,0,0,0,0,0,0,0,0,7677,2,0,0,0,0,0,0,0,0
353,2017-04-18,09:03:01,374,pp1709,XDCE,7678,7662,7686,8640,331465480,511660,513174,8135,7361,7748,7670,0,7670,0,0,0,2017-04-18,32581374,7674,13,0,0,0,0,0,0,0,0,7678,7,0,0,0,0,0,0,0,0
354,2017-04-18,09:03:02,46,pp1709,XDCE,7678,7662,7686,8642,331542260,511660,513174,8135,7361,7748,7670,0,7670,0,0,0,2017-04-18,32582046,7675,3,0,0,0,0,0,0,0,0,7678,6,0,0,0,0,0,0,0,0
355,2017-04-18,09:03:03,593,pp1709,XDCE,7678,7662,7686,8644,331619040,511658,513174,8135,7361,7748,7670,0,7670,0,0,0,2017-04-18,32583593,7675,3,0,0,0,0,0,0,0,0,7678,6,0,0,0,0,0,0,0,0
356,2017-04-18,09:03:04,80,pp1709,XDCE,7678,7662,7686,8644,331619040,511658,513174,8135,7361,7748,7670,0,7670,0,0,0,2017-04-18,32584080,7676,1,0,0,0,0,0,0,0,0,7678,6,0,0,0,0,0,0,0,0
357,2017-04-18,09:03:04,398,pp1709,XDCE,7678,7662,7686,8652,331926160,511658,513174,8135,7361,7748,7670,0,7670,0,0,0,2017-04-18,32584398,7676,3,0,0,0,0,0,0,0,0,7678,2,0,0,0,0,0,0,0,0
358,2017-04-18,09:03:05,89,pp1709,XDCE,7678,7662,7686,8652,331926160,511658,513174,8135,7361,7748,7670,0,7670,0,0,0,2017-04-18,32585089,7676,3,0,0,0,0,0,0,0,0,7678,3,0,0,0,0,0,0,0,0
359,2017-04-18,09:03:05,591,pp1709,XDCE,7678,7662,7686,8688,333308200,511658,513174,8135,7361,7748,7670,0,7670,0,0,0,2017-04-18,32585591,7676,6,0,0,0,0,0,0,0,0,7678,1,0,0,0,0,0,0,0,0
360,2017-04-18,09:03:06,34,pp1709,XDCE,7678,7662,7686,8688,333308200,511658,513174,8135,7361,7748,7670,0,7670,0,0,0,2017-04-18,32586034,7676,6,0,0,0,0,0,0,0,0,7678,3,0,0,0,0,0,0,0,0
361,2017-04-18,09:03:06,598,pp1709,XDCE,7678,7662,7686,8700,333768840,511656,513174,8135,7361,7748,7670,0,7670,0,0,0,2017-04-18,32586598,7676,4,0,0,0,0,0,0,0,0,7678,4,0,0,0,0,0,0,0,0
362,2017-04-18,09:03:07,98,pp1709,XDCE,7676,7662,7686,8712,334229400,511656,513174,8135,7361,7748,7670,0,7670,0,0,0,2017-04-18,32587098,7675,1,0,0,0,0,0,0,0,0,7677,3,0,0,0,0,0,0,0,0
363,2017-04-18,09:03:07,527,pp1709,XDCE,7674,7662,7686,8720,334536370,511656,513174,8135,7361,7748,7670,0,7670,0,0,0,2017-04-18,32587527,7674,6,0,0,0,0,0,0,0,0,7675,1,0,0,0,0,0,0,0,0
364,2017-04-18,09:03:08,100,pp1709,XDCE,7677,7662,7686,8748,335610710,511636,513174,8135,7361,7748,7670,0,7670,0,0,0,2017-04-18,32588100,7673,6,0,0,0,0,0,0,0,0,7676,3,0,0,0,0,0,0,0,0
365,2017-04-18,09:03:08,448,pp1709,XDCE,7677,7662,7686,8750,335687480,511636,513174,8135,7361,7748,7670,0,7670,0,0,0,2017-04-18,32588448,7673,6,0,0,0,0,0,0,0,0,7676,2,0,0,0,0,0,0,0,0
366,2017-04-18,09:03:09,99,pp1709,XDCE,7672,7662,7686,8770,336454740,511638,513174,8135,7361,7748,7670,0,7670,0,0,0,2017-04-18,32589099,7672,3,0,0,0,0,0,0,0,0,7676,8,0,0,0,0,0,0,0,0
367,2017-04-18,09:03:09,576,pp1709,XDCE,7676,7662,7686,8790,337222310,511618,513174,8135,7361,7748,7670,0,7670,0,0,0,2017-04-18,32589576,7674,5,0,0,0,0,0,0,0,0,7675,1,0,0,0,0,0,0,0,0
368,2017-04-18,09:03:10,60,pp1709,XDCE,7674,7662,7686,8802,337682770,511620,513174,8135,7361,7748,7670,0,7670,0,0,0,2017-04-18,32590060,7672,1,0,0,0,0,0,0,0,0,7674,7,0,0,0,0,0,0,0,0
369,2017-04-18,09:03:10,599,pp1709,XDCE,7676,7662,7686,8856,339755150,511630,513174,8135,7361,7748,7670,0,7670,0,0,0,2017-04-18,32590599,7675,13,0,0,0,0,0,0,0,0,7677,2,0,0,0,0,0,0,0,0
370,2017-04-18,09:03:10,850,pp1709,XDCE,7676,7662,7686,8856,339755150,511630,513174,8135,7361,7748,7670,0,7670,0,0,0,2017-04-18,32590850,7675,13,0,0,0,0,0,0,0,0,7678,6,0,0,0,0,0,0,0,0
371,2017-04-18,09:03:11,554,pp1709,XDCE,7676,7662,7686,8856,339755150,511630,513174,8135,7361,7748,7670,0,7670,0,0,0,2017-04-18,32591554,7675,13,0,0,0,0,0,0,0,0,7676,2,0,0,0,0,0,0,0,0
372,2017-04-18,09:03:11,996,pp1709,XDCE,7676,7662,7686,8860,339908670,511628,513174,8135,7361,7748,7670,0,7670,0,0,0,2017-04-18,32591996,7676,4,0,0,0,0,0,0,0,0,7677,1,0,0,0,0,0,0,0,0
373,2017-04-18,09:03:12,359,pp1709,XDCE,7676,7662,7686,8860,339908670,511628,513174,8135,7361,7748,7670,0,7670,0,0,0,2017-04-18,32592359,7676,5,0,0,0,0,0,0,0,0,7677,1,0,0,0,0,0,0,0,0
374,2017-04-18,09:03:12,898,pp1709,XDCE,7676,7662,7686,8860,339908670,511628,513174,8135,7361,7748,7670,0,7670,0,0,0,2017-04-18,32592898,7676,6,0,0,0,0,0,0,0,0,7677,1,0,0,0,0,0,0,0,0
375,2017-04-18,09:03:13,509,pp1709,XDCE,7676,7662,7686,8860,339908670,511628,513174,8135,7361,7748,7670,0,7670,0,0,0,2017-04-18,32593509,7676,7,0,0,0,0,0,0,0,0,7677,1,0,0,0,0,0,0,0,0
376,2017-04-18,09:03:15,96,pp1709,XDCE,7676,7662,7686,8864,340062190,511624,513174,8135,7361,7748,7670,0,7670,0,0,0,2017-04-18,32595096,7676,5,0,0,0,0,0,0,0,0,7677,1,0,0,0,0,0,0,0,0
377,2017-04-18,09:03:15,477,pp1709,XDCE,7676,7662,7686,8866,340138950,511624,513174,8135,7361,7748,7670,0,7670,0,0,0,2017-04-18,32595477,7676,6,0,0,0,0,0,0,0,0,7677,1,0,0,0,0,0,0,0,0
378,2017-04-18,09:03:15,754,pp1709,XDCE,7677,7662,7686,8870,340292490,511620,513174,8135,7361,7748,7670,0,7670,0,0,0,2017-04-18,32595754,7676,7,0,0,0,0,0,0,0,0,7678,4,0,0,0,0,0,0,0,0
379,2017-04-18,09:03:16,925,pp1709,XDCE,7677,7662,7686,8870,340292490,511620,513174,8135,7361,7748,7670,0,7670,0,0,0,2017-04-18,32596925,7676,17,0,0,0,0,0,0,0,0,7678,4,0,0,0,0,0,0,0,0
380,2017-04-18,09:03:17,556,pp1709,XDCE,7676,7662,7686,8888,340983330,511626,513174,8135,7361,7748,7670,0,7670,0,0,0,2017-04-18,32597556,7677,20,0,0,0,0,0,0,0,0,7678,4,0,0,0,0,0,0,0,0
381,2017-04-18,09:03:18,86,pp1709,XDCE,7676,7662,7686,8920,342211490,511658,513174,8135,7361,7748,7670,0,7670,0,0,0,2017-04-18,32598086,7677,5,0,0,0,0,0,0,0,0,7678,5,0,0,0,0,0,0,0,0
382,2017-04-18,09:03:18,236,pp1709,XDCE,7677,7662,7686,8946,343209430,511656,513174,8135,7361,7748,7670,0,7670,0,0,0,2017-04-18,32598236,7676,2,0,0,0,0,0,0,0,0,7677,1,0,0,0,0,0,0,0,0
383,2017-04-18,09:03:19,39,pp1709,XDCE,7676,7662,7686,8948,343286190,511658,513174,8135,7361,7748,7670,0,7670,0,0,0,2017-04-18,32599039,7676,1,0,0,0,0,0,0,0,0,7677,11,0,0,0,0,0,0,0,0
384,2017-04-18,09:03:19,526,pp1709,XDCE,7677,7662,7686,8950,343362960,511658,513174,8135,7361,7748,7670,0,7670,0,0,0,2017-04-18,32599526,7676,3,0,0,0,0,0,0,0,0,7677,10,0,0,0,0,0,0,0,0
385,2017-04-18,09:03:19,664,pp1709,XDCE,7677,7662,7686,8950,343362960,511658,513174,8135,7361,7748,7670,0,7670,0,0,0,2017-04-18,32599664,7676,4,0,0,0,0,0,0,0,0,7677,10,0,0,0,0,0,0,0,0
386,2017-04-18,09:03:20,322,pp1709,XDCE,7677,7662,7686,8954,343516500,511660,513174,8135,7361,7748,7670,0,7670,0,0,0,2017-04-18,32600322,7676,4,0,0,0,0,0,0,0,0,7677,8,0,0,0,0,0,0,0,0
387,2017-04-18,09:03:20,684,pp1709,XDCE,7677,7662,7686,8956,343593270,511662,513174,8135,7361,7748,7670,0,7670,0,0,0,2017-04-18,32600684,7676,4,0,0,0,0,0,0,0,0,7677,7,0,0,0,0,0,0,0,0
388,2017-04-18,09:03:21,251,pp1709,XDCE,7676,7662,7686,8958,343670030,511662,513174,8135,7361,7748,7670,0,7670,0,0,0,2017-04-18,32601251,7676,3,0,0,0,0,0,0,0,0,7677,7,0,0,0,0,0,0,0,0
389,2017-04-18,09:03:23,895,pp1709,XDCE,7676,7662,7686,8960,343746790,511664,513174,8135,7361,7748,7670,0,7670,0,0,0,2017-04-18,32603895,7676,2,0,0,0,0,0,0,0,0,7677,7,0,0,0,0,0,0,0,0
390,2017-04-18,09:03:24,594,pp1709,XDCE,7675,7662,7686,8982,344591080,511684,513174,8135,7361,7748,7670,0,7670,0,0,0,2017-04-18,32604594,7675,5,0,0,0,0,0,0,0,0,7677,6,0,0,0,0,0,0,0,0
391,2017-04-18,09:03:25,99,pp1709,XDCE,7675,7662,7686,8992,344974830,511684,513174,8135,7361,7748,7670,0,7670,0,0,0,2017-04-18,32605099,7674,3,0,0,0,0,0,0,0,0,7676,3,0,0,0,0,0,0,0,0
392,2017-04-18,09:03:25,462,pp1709,XDCE,7676,7662,7686,8994,345051590,511682,513174,8135,7361,7748,7670,0,7670,0,0,0,2017-04-18,32605462,7676,1,0,0,0,0,0,0,0,0,7677,6,0,0,0,0,0,0,0,0
393,2017-04-18,09:03:25,955,pp1709,XDCE,7677,7662,7686,9002,345358640,511682,513174,8135,7361,7748,7670,0,7670,0,0,0,2017-04-18,32605955,7674,3,0,0,0,0,0,0,0,0,7677,4,0,0,0,0,0,0,0,0
394,2017-04-18,09:03:26,522,pp1709,XDCE,7676,7662,7686,9006,345512160,511686,513174,8135,7361,7748,7670,0,7670,0,0,0,2017-04-18,32606522,7675,2,0,0,0,0,0,0,0,0,7677,4,0,0,0,0,0,0,0,0
395,2017-04-18,09:03:27,553,pp1709,XDCE,7677,7662,7686,9012,345742470,511688,513174,8135,7361,7748,7670,0,7670,0,0,0,2017-04-18,32607553,7675,2,0,0,0,0,0,0,0,0,7677,1,0,0,0,0,0,0,0,0
396,2017-04-18,09:03:27,899,pp1709,XDCE,7673,7662,7686,9028,346356390,511688,513174,8135,7361,7748,7670,0,7670,0,0,0,2017-04-18,32607899,7673,1,0,0,0,0,0,0,0,0,7677,1,0,0,0,0,0,0,0,0
397,2017-04-18,09:03:28,504,pp1709,XDCE,7673,7662,7686,9028,346356390,511688,513174,8135,7361,7748,7670,0,7670,0,0,0,2017-04-18,32608504,7674,3,0,0,0,0,0,0,0,0,7677,5,0,0,0,0,0,0,0,0
398,2017-04-18,09:03:29,100,pp1709,XDCE,7677,7662,7686,9030,346433160,511690,513174,8135,7361,7748,7670,0,7670,0,0,0,2017-04-18,32609100,7674,5,0,0,0,0,0,0,0,0,7677,4,0,0,0,0,0,0,0,0
399,2017-04-18,09:03:29,595,pp1709,XDCE,7677,7662,7686,9030,346433160,511690,513174,8135,7361,7748,7670,0,7670,0,0,0,2017-04-18,32609595,7674,5,0,0,0,0,0,0,0,0,7676,1,0,0,0,0,0,0,0,0
400,2017-04-18,09:03:30,599,pp1709,XDCE,7677,7662,7686,9030,346433160,511690,513174,8135,7361,7748,7670,0,7670,0,0,0,2017-04-18,32610599,7674,5,0,0,0,0,0,0,0,0,7676,1,0,0,0,0,0,0,0,0
401,2017-04-18,09:03:31,600,pp1709,XDCE,7674,7662,7686,9038,346740120,511692,513174,8135,7361,7748,7670,0,7670,0,0,0,2017-04-18,32611600,7673,3,0,0,0,0,0,0,0,0,7676,5,0,0,0,0,0,0,0,0
402,2017-04-18,09:03:31,720,pp1709,XDCE,7674,7662,7686,9038,346740120,511692,513174,8135,7361,7748,7670,0,7670,0,0,0,2017-04-18,32611720,7673,3,0,0,0,0,0,0,0,0,7676,6,0,0,0,0,0,0,0,0
403,2017-04-18,09:03:32,513,pp1709,XDCE,7676,7662,7686,9040,346816880,511694,513174,8135,7361,7748,7670,0,7670,0,0,0,2017-04-18,32612513,7673,3,0,0,0,0,0,0,0,0,7676,6,0,0,0,0,0,0,0,0
404,2017-04-18,09:03:33,92,pp1709,XDCE,7676,7662,7686,9040,346816880,511694,513174,8135,7361,7748,7670,0,7670,0,0,0,2017-04-18,32613092,7673,3,0,0,0,0,0,0,0,0,7675,2,0,0,0,0,0,0,0,0
405,2017-04-18,09:03:33,449,pp1709,XDCE,7676,7662,7686,9040,346816880,511694,513174,8135,7361,7748,7670,0,7670,0,0,0,2017-04-18,32613449,7673,4,0,0,0,0,0,0,0,0,7675,2,0,0,0,0,0,0,0,0
406,2017-04-18,09:03:34,99,pp1709,XDCE,7673,7662,7686,9080,348351480,511654,513174,8135,7361,7748,7670,0,7670,0,0,0,2017-04-18,32614099,7673,4,0,0,0,0,0,0,0,0,7675,2,0,0,0,0,0,0,0,0
407,2017-04-18,09:03:35,46,pp1709,XDCE,7673,7662,7686,9080,348351480,511654,513174,8135,7361,7748,7670,0,7670,0,0,0,2017-04-18,32615046,7673,5,0,0,0,0,0,0,0,0,7675,2,0,0,0,0,0,0,0,0
408,2017-04-18,09:03:35,350,pp1709,XDCE,7673,7662,7686,9080,348351480,511654,513174,8135,7361,7748,7670,0,7670,0,0,0,2017-04-18,32615350,7674,1,0,0,0,0,0,0,0,0,7675,2,0,0,0,0,0,0,0,0
409,2017-04-18,09:03:36,99,pp1709,XDCE,7675,7662,7686,9084,348504980,511658,513174,8135,7361,7748,7670,0,7670,0,0,0,2017-04-18,32616099,7674,2,0,0,0,0,0,0,0,0,7676,4,0,0,0,0,0,0,0,0
410,2017-04-18,09:03:36,593,pp1709,XDCE,7675,7662,7686,9084,348504980,511658,513174,8135,7361,7748,7670,0,7670,0,0,0,2017-04-18,32616593,7675,1,0,0,0,0,0,0,0,0,7676,4,0,0,0,0,0,0,0,0
411,2017-04-18,09:03:37,8,pp1709,XDCE,7675,7662,7686,9084,348504980,511658,513174,8135,7361,7748,7670,0,7670,0,0,0,2017-04-18,32617008,7675,1,0,0,0,0,0,0,0,0,7676,3,0,0,0,0,0,0,0,0
412,2017-04-18,09:03:37,599,pp1709,XDCE,7674,7662,7686,9090,348735220,511654,513174,8135,7361,7748,7670,0,7670,0,0,0,2017-04-18,32617599,7673,5,0,0,0,0,0,0,0,0,7674,16,0,0,0,0,0,0,0,0
413,2017-04-18,09:03:38,100,pp1709,XDCE,7674,7662,7686,9090,348735220,511654,513174,8135,7361,7748,7670,0,7670,0,0,0,2017-04-18,32618100,7673,1,0,0,0,0,0,0,0,0,7675,28,0,0,0,0,0,0,0,0
414,2017-04-18,09:03:38,597,pp1709,XDCE,7674,7662,7686,9104,349272370,511650,513174,8135,7361,7748,7670,0,7670,0,0,0,2017-04-18,32618597,7673,15,0,0,0,0,0,0,0,0,7674,3,0,0,0,0,0,0,0,0
415,2017-04-18,09:03:38,814,pp1709,XDCE,7674,7662,7686,9104,349272370,511650,513174,8135,7361,7748,7670,0,7670,0,0,0,2017-04-18,32618814,7673,12,0,0,0,0,0,0,0,0,7674,4,0,0,0,0,0,0,0,0
416,2017-04-18,09:03:39,416,pp1709,XDCE,7673,7662,7686,9110,349502560,511644,513174,8135,7361,7748,7670,0,7670,0,0,0,2017-04-18,32619416,7673,9,0,0,0,0,0,0,0,0,7674,4,0,0,0,0,0,0,0,0
417,2017-04-18,09:03:40,600,pp1709,XDCE,7672,7662,7686,9206,353185220,511674,513174,8135,7361,7748,7670,0,7670,0,0,0,2017-04-18,32620600,7671,1,0,0,0,0,0,0,0,0,7673,16,0,0,0,0,0,0,0,0
418,2017-04-18,09:03:41,96,pp1709,XDCE,7672,7662,7686,9206,353185220,511674,513174,8135,7361,7748,7670,0,7670,0,0,0,2017-04-18,32621096,7671,1,0,0,0,0,0,0,0,0,7672,3,0,0,0,0,0,0,0,0
419,2017-04-18,09:03:41,727,pp1709,XDCE,7673,7662,7686,9216,353568840,511674,513174,8135,7361,7748,7670,0,7670,0,0,0,2017-04-18,32621727,7671,1,0,0,0,0,0,0,0,0,7673,14,0,0,0,0,0,0,0,0
420,2017-04-18,09:03:43,79,pp1709,XDCE,7670,7662,7686,9268,355563060,511702,513174,8135,7361,7748,7670,0,7670,0,0,0,2017-04-18,32623079,7670,3,0,0,0,0,0,0,0,0,7673,14,0,0,0,0,0,0,0,0
421,2017-04-18,09:03:43,597,pp1709,XDCE,7670,7662,7686,9278,355946580,511700,513174,8135,7361,7748,7670,0,7670,0,0,0,2017-04-18,32623597,7670,4,0,0,0,0,0,0,0,0,7672,4,0,0,0,0,0,0,0,0
422,2017-04-18,09:03:44,70,pp1709,XDCE,7670,7662,7686,9278,355946580,511700,513174,8135,7361,7748,7670,0,7670,0,0,0,2017-04-18,32624070,7672,2,0,0,0,0,0,0,0,0,7673,14,0,0,0,0,0,0,0,0
423,2017-04-18,09:03:44,483,pp1709,XDCE,7672,7662,7686,9284,356176740,511698,513174,8135,7361,7748,7670,0,7670,0,0,0,2017-04-18,32624483,7670,3,0,0,0,0,0,0,0,0,7673,16,0,0,0,0,0,0,0,0
424,2017-04-18,09:03:44,719,pp1709,XDCE,7672,7662,7686,9284,356176740,511698,513174,8135,7361,7748,7670,0,7670,0,0,0,2017-04-18,32624719,7670,6,0,0,0,0,0,0,0,0,7672,4,0,0,0,0,0,0,0,0
425,2017-04-18,09:03:45,419,pp1709,XDCE,7670,7662,7686,9302,356867040,511694,513174,8135,7361,7748,7670,0,7670,0,0,0,2017-04-18,32625419,7671,10,0,0,0,0,0,0,0,0,7672,4,0,0,0,0,0,0,0,0
426,2017-04-18,09:03:46,89,pp1709,XDCE,7670,7662,7686,9302,356867040,511694,513174,8135,7361,7748,7670,0,7670,0,0,0,2017-04-18,32626089,7671,11,0,0,0,0,0,0,0,0,7673,16,0,0,0,0,0,0,0,0
427,2017-04-18,09:03:46,579,pp1709,XDCE,7671,7662,7686,9308,357097170,511688,513174,8135,7361,7748,7670,0,7670,0,0,0,2017-04-18,32626579,7671,8,0,0,0,0,0,0,0,0,7673,14,0,0,0,0,0,0,0,0
428,2017-04-18,09:03:47,98,pp1709,XDCE,7673,7662,7686,9356,358938610,511698,513174,8135,7361,7748,7670,0,7670,0,0,0,2017-04-18,32627098,7671,5,0,0,0,0,0,0,0,0,7673,6,0,0,0,0,0,0,0,0
429,2017-04-18,09:03:47,231,pp1709,XDCE,7673,7662,7686,9356,358938610,511698,513174,8135,7361,7748,7670,0,7670,0,0,0,2017-04-18,32627231,7671,5,0,0,0,0,0,0,0,0,7673,5,0,0,0,0,0,0,0,0
430,2017-04-18,09:03:48,579,pp1709,XDCE,7671,7662,7686,9362,359168740,511698,513174,8135,7361,7748,7670,0,7670,0,0,0,2017-04-18,32628579,7671,2,0,0,0,0,0,0,0,0,7673,5,0,0,0,0,0,0,0,0
431,2017-04-18,09:03:49,84,pp1709,XDCE,7671,7662,7686,9362,359168740,511698,513174,8135,7361,7748,7670,0,7670,0,0,0,2017-04-18,32629084,7671,2,0,0,0,0,0,0,0,0,7672,1,0,0,0,0,0,0,0,0
432,2017-04-18,09:03:49,497,pp1709,XDCE,7671,7662,7686,9364,359245450,511696,513174,8135,7361,7748,7670,0,7670,0,0,0,2017-04-18,32629497,7671,1,0,0,0,0,0,0,0,0,7672,1,0,0,0,0,0,0,0,0
433,2017-04-18,09:03:49,954,pp1709,XDCE,7671,7662,7686,9364,359245450,511696,513174,8135,7361,7748,7670,0,7670,0,0,0,2017-04-18,32629954,7671,1,0,0,0,0,0,0,0,0,7672,2,0,0,0,0,0,0,0,0
434,2017-04-18,09:03:50,327,pp1709,XDCE,7672,7662,7686,9366,359322170,511696,513174,8135,7361,7748,7670,0,7670,0,0,0,2017-04-18,32630327,7671,1,0,0,0,0,0,0,0,0,7672,1,0,0,0,0,0,0,0,0
435,2017-04-18,09:03:51,76,pp1709,XDCE,7672,7662,7686,9366,359322170,511696,513174,8135,7361,7748,7670,0,7670,0,0,0,2017-04-18,32631076,7671,1,0,0,0,0,0,0,0,0,7672,2,0,0,0,0,0,0,0,0
436,2017-04-18,09:03:52,96,pp1709,XDCE,7671,7662,7686,9368,359398880,511698,513174,8135,7361,7748,7670,0,7670,0,0,0,2017-04-18,32632096,7670,3,0,0,0,0,0,0,0,0,7671,4,0,0,0,0,0,0,0,0
437,2017-04-18,09:03:52,451,pp1709,XDCE,7671,7662,7686,9370,359475590,511698,513174,8135,7361,7748,7670,0,7670,0,0,0,2017-04-18,32632451,7670,3,0,0,0,0,0,0,0,0,7671,3,0,0,0,0,0,0,0,0
438,2017-04-18,09:03:53,575,pp1709,XDCE,7671,7662,7686,9374,359629010,511700,513174,8135,7361,7748,7670,0,7670,0,0,0,2017-04-18,32633575,7670,3,0,0,0,0,0,0,0,0,7671,3,0,0,0,0,0,0,0,0
439,2017-04-18,09:03:53,963,pp1709,XDCE,7670,7662,7686,9380,359859110,511694,513174,8135,7361,7748,7670,0,7670,0,0,0,2017-04-18,32633963,7668,4,0,0,0,0,0,0,0,0,7671,5,0,0,0,0,0,0,0,0
440,2017-04-18,09:03:54,580,pp1709,XDCE,7672,7662,7686,9394,360396100,511706,513174,8135,7361,7748,7670,0,7670,0,0,0,2017-04-18,32634580,7669,6,0,0,0,0,0,0,0,0,7672,6,0,0,0,0,0,0,0,0
441,2017-04-18,09:03:55,48,pp1709,XDCE,7671,7662,7686,9398,360549520,511708,513174,8135,7361,7748,7670,0,7670,0,0,0,2017-04-18,32635048,7671,1,0,0,0,0,0,0,0,0,7672,5,0,0,0,0,0,0,0,0
442,2017-04-18,09:03:55,532,pp1709,XDCE,7671,7662,7686,9398,360549520,511708,513174,8135,7361,7748,7670,0,7670,0,0,0,2017-04-18,32635532,7671,2,0,0,0,0,0,0,0,0,7672,1,0,0,0,0,0,0,0,0
443,2017-04-18,09:03:55,944,pp1709,XDCE,7671,7662,7686,9398,360549520,511708,513174,8135,7361,7748,7670,0,7670,0,0,0,2017-04-18,32635944,7671,3,0,0,0,0,0,0,0,0,7672,1,0,0,0,0,0,0,0,0
444,2017-04-18,09:03:56,544,pp1709,XDCE,7672,7662,7686,9400,360626240,511710,513174,8135,7361,7748,7670,0,7670,0,0,0,2017-04-18,32636544,7671,4,0,0,0,0,0,0,0,0,7673,68,0,0,0,0,0,0,0,0
445,2017-04-18,09:03:56,978,pp1709,XDCE,7671,7662,7686,9402,360702950,511712,513174,8135,7361,7748,7670,0,7670,0,0,0,2017-04-18,32636978,7671,3,0,0,0,0,0,0,0,0,7673,68,0,0,0,0,0,0,0,0
446,2017-04-18,09:03:57,492,pp1709,XDCE,7670,7662,7686,9410,361009780,511708,513174,8135,7361,7748,7670,0,7670,0,0,0,2017-04-18,32637492,7669,7,0,0,0,0,0,0,0,0,7673,68,0,0,0,0,0,0,0,0
447,2017-04-18,09:03:58,59,pp1709,XDCE,7671,7662,7686,9416,361239910,511702,513174,8135,7361,7748,7670,0,7670,0,0,0,2017-04-18,32638059,7669,1,0,0,0,0,0,0,0,0,7671,6,0,0,0,0,0,0,0,0
448,2017-04-18,09:03:58,566,pp1709,XDCE,7671,7662,7686,9416,361239910,511702,513174,8135,7361,7748,7670,0,7670,0,0,0,2017-04-18,32638566,7669,3,0,0,0,0,0,0,0,0,7671,11,0,0,0,0,0,0,0,0
449,2017-04-18,09:03:59,99,pp1709,XDCE,7671,7662,7686,9416,361239910,511702,513174,8135,7361,7748,7670,0,7670,0,0,0,2017-04-18,32639099,7669,1,0,0,0,0,0,0,0,0,7671,11,0,0,0,0,0,0,0,0
450,2017-04-18,09:03:59,436,pp1709,XDCE,7671,7662,7686,9434,361930280,511698,513174,8135,7361,7748,7670,0,7670,0,0,0,2017-04-18,32639436,7668,9,0,0,0,0,0,0,0,0,7671,3,0,0,0,0,0,0,0,0
451,2017-04-18,09:04:00,99,pp1709,XDCE,7668,7662,7686,9448,362467040,511688,513174,8135,7361,7748,7670,0,7670,0,0,0,2017-04-18,32640099,7668,5,0,0,0,0,0,0,0,0,7671,8,0,0,0,0,0,0,0,0
452,2017-04-18,09:04:00,451,pp1709,XDCE,7671,7662,7686,9450,362543750,511690,513174,8135,7361,7748,7670,0,7670,0,0,0,2017-04-18,32640451,7670,20,0,0,0,0,0,0,0,0,7671,7,0,0,0,0,0,0,0,0
453,2017-04-18,09:04:00,966,pp1709,XDCE,7671,7662,7686,9454,362697170,511694,513174,8135,7361,7748,7670,0,7670,0,0,0,2017-04-18,32640966,7670,20,0,0,0,0,0,0,0,0,7672,7,0,0,0,0,0,0,0,0
454,2017-04-18,09:04:01,600,pp1709,XDCE,7670,7662,7686,9486,363924370,511704,513174,8135,7361,7748,7670,0,7670,0,0,0,2017-04-18,32641600,7670,4,0,0,0,0,0,0,0,0,7671,5,0,0,0,0,0,0,0,0
455,2017-04-18,09:04:01,874,pp1709,XDCE,7670,7662,7686,9496,364307870,511702,513174,8135,7361,7748,7670,0,7670,0,0,0,2017-04-18,32641874,7669,5,0,0,0,0,0,0,0,0,7670,1,0,0,0,0,0,0,0,0
456,2017-04-18,09:04:02,505,pp1709,XDCE,7669,7662,7686,9498,364384560,511702,513174,8135,7361,7748,7670,0,7670,0,0,0,2017-04-18,32642505,7669,4,0,0,0,0,0,0,0,0,7670,6,0,0,0,0,0,0,0,0
457,2017-04-18,09:04:02,941,pp1709,XDCE,7669,7662,7686,9506,364691320,511698,513174,8135,7361,7748,7670,0,7670,0,0,0,2017-04-18,32642941,7668,5,0,0,0,0,0,0,0,0,7670,6,0,0,0,0,0,0,0,0
458,2017-04-18,09:04:03,596,pp1709,XDCE,7668,7662,7686,9512,364921360,511692,513174,8135,7361,7748,7670,0,7670,0,0,0,2017-04-18,32643596,7668,4,0,0,0,0,0,0,0,0,7670,7,0,0,0,0,0,0,0,0
459,2017-04-18,09:04:04,97,pp1709,XDCE,7670,7662,7686,9516,365074740,511690,513174,8135,7361,7748,7670,0,7670,0,0,0,2017-04-18,32644097,7668,3,0,0,0,0,0,0,0,0,7670,6,0,0,0,0,0,0,0,0
460,2017-04-18,09:04:04,521,pp1709,XDCE,7668,7662,7686,9576,367375140,511676,513174,8135,7361,7748,7670,0,7670,0,0,0,2017-04-18,32644521,7667,8,0,0,0,0,0,0,0,0,7669,1,0,0,0,0,0,0,0,0
461,2017-04-18,09:04:05,100,pp1709,XDCE,7668,7662,7686,9594,368065270,511670,513174,8135,7361,7748,7670,0,7670,0,0,0,2017-04-18,32645100,7667,5,0,0,0,0,0,0,0,0,7670,2,0,0,0,0,0,0,0,0
462,2017-04-18,09:04:05,554,pp1709,XDCE,7667,7662,7686,9606,368525290,511676,513174,8135,7361,7748,7670,0,7670,0,0,0,2017-04-18,32645554,7667,3,0,0,0,0,0,0,0,0,7668,2,0,0,0,0,0,0,0,0
463,2017-04-18,09:04:05,914,pp1709,XDCE,7666,7662,7686,9638,369751900,511690,513174,8135,7361,7748,7670,0,7670,0,0,0,2017-04-18,32645914,7667,1,0,0,0,0,0,0,0,0,7669,4,0,0,0,0,0,0,0,0
464,2017-04-18,09:04:06,543,pp1709,XDCE,7666,7662,7686,9640,369828560,511688,513174,8135,7361,7748,7670,0,7670,0,0,0,2017-04-18,32646543,7666,190,0,0,0,0,0,0,0,0,7667,35,0,0,0,0,0,0,0,0
465,2017-04-18,09:04:07,99,pp1709,XDCE,7666,7662,7686,9772,374888130,511580,513174,8135,7361,7748,7670,0,7670,0,0,0,2017-04-18,32647099,7666,124,0,0,0,0,0,0,0,0,7667,34,0,0,0,0,0,0,0,0
466,2017-04-18,09:04:07,600,pp1709,XDCE,7666,7662,7686,10022,384470640,511434,513174,8135,7361,7748,7670,0,7670,0,0,0,2017-04-18,32647600,7665,5,0,0,0,0,0,0,0,0,7666,7,0,0,0,0,0,0,0,0
467,2017-04-18,09:04:07,989,pp1709,XDCE,7665,7662,7686,10052,385620340,511422,513174,8135,7361,7748,7670,0,7670,0,0,0,2017-04-18,32647989,7663,6,0,0,0,0,0,0,0,0,7665,12,0,0,0,0,0,0,0,0
468,2017-04-18,09:04:08,598,pp1709,XDCE,7664,7662,7686,10078,386616600,511418,513174,8135,7361,7748,7670,0,7670,0,0,0,2017-04-18,32648598,7662,14,0,0,0,0,0,0,0,0,7664,21,0,0,0,0,0,0,0,0
469,2017-04-18,09:04:09,68,pp1709,XDCE,7660,7660,7686,10180,390524320,511354,513174,8135,7361,7748,7670,0,7670,0,0,0,2017-04-18,32649068,7660,18,0,0,0,0,0,0,0,0,7664,3,0,0,0,0,0,0,0,0
470,2017-04-18,09:04:09,570,pp1709,XDCE,7659,7659,7686,10280,394354330,511314,513174,8135,7361,7748,7670,0,7670,0,0,0,2017-04-18,32649570,7659,11,0,0,0,0,0,0,0,0,7660,7,0,0,0,0,0,0,0,0
471,2017-04-18,09:04:10,47,pp1709,XDCE,7654,7654,7686,10426,399943880,511296,513174,8135,7361,7748,7670,0,7670,0,0,0,2017-04-18,32650047,7653,2,0,0,0,0,0,0,0,0,7658,4,0,0,0,0,0,0,0,0
472,2017-04-18,09:04:10,590,pp1709,XDCE,7651,7650,7686,10838,415709370,511266,513174,8135,7361,7748,7670,0,7670,0,0,0,2017-04-18,32650590,7651,1,0,0,0,0,0,0,0,0,7657,14,0,0,0,0,0,0,0,0
473,2017-04-18,09:04:11,67,pp1709,XDCE,7651,7650,7686,11060,424202950,511336,513174,8135,7361,7748,7670,0,7670,0,0,0,2017-04-18,32651067,7651,10,0,0,0,0,0,0,0,0,7653,23,0,0,0,0,0,0,0,0
474,2017-04-18,09:04:11,550,pp1709,XDCE,7651,7650,7686,11082,425044640,511340,513174,8135,7361,7748,7670,0,7670,0,0,0,2017-04-18,32651550,7651,10,0,0,0,0,0,0,0,0,7653,20,0,0,0,0,0,0,0,0
475,2017-04-18,09:04:12,96,pp1709,XDCE,7653,7650,7686,11150,427646550,511324,513174,8135,7361,7748,7670,0,7670,0,0,0,2017-04-18,32652096,7653,21,0,0,0,0,0,0,0,0,7656,8,0,0,0,0,0,0,0,0
476,2017-04-18,09:04:12,592,pp1709,XDCE,7656,7650,7686,11208,429866790,511290,513174,8135,7361,7748,7670,0,7670,0,0,0,2017-04-18,32652592,7656,4,0,0,0,0,0,0,0,0,7658,1,0,0,0,0,0,0,0,0
477,2017-04-18,09:04:13,93,pp1709,XDCE,7658,7650,7686,11252,431551460,511260,513174,8135,7361,7748,7670,0,7670,0,0,0,2017-04-18,32653093,7657,105,0,0,0,0,0,0,0,0,7658,4,0,0,0,0,0,0,0,0
478,2017-04-18,09:04:13,595,pp1709,XDCE,7658,7650,7686,11298,433313110,511236,513174,8135,7361,7748,7670,0,7670,0,0,0,2017-04-18,32653595,7658,107,0,0,0,0,0,0,0,0,7662,43,0,0,0,0,0,0,0,0
479,2017-04-18,09:04:14,90,pp1709,XDCE,7660,7650,7686,11346,435151550,511198,513174,8135,7361,7748,7670,0,7670,0,0,0,2017-04-18,32654090,7660,83,0,0,0,0,0,0,0,0,7661,2,0,0,0,0,0,0,0,0
480,2017-04-18,09:04:14,592,pp1709,XDCE,7662,7650,7686,11450,439135040,511118,513174,8135,7361,7748,7670,0,7670,0,0,0,2017-04-18,32654592,7661,39,0,0,0,0,0,0,0,0,7662,5,0,0,0,0,0,0,0,0
481,2017-04-18,09:04:15,23,pp1709,XDCE,7662,7650,7686,11508,441356830,511108,513174,8135,7361,7748,7670,0,7670,0,0,0,2017-04-18,32655023,7661,19,0,0,0,0,0,0,0,0,7662,1,0,0,0,0,0,0,0,0
482,2017-04-18,09:04:15,595,pp1709,XDCE,7659,7650,7686,11572,443808290,511106,513174,8135,7361,7748,7670,0,7670,0,0,0,2017-04-18,32655595,7658,8,0,0,0,0,0,0,0,0,7660,36,0,0,0,0,0,0,0,0
483,2017-04-18,09:04:16,76,pp1709,XDCE,7658,7650,7686,11594,444650680,511122,513174,8135,7361,7748,7670,0,7670,0,0,0,2017-04-18,32656076,7657,1,0,0,0,0,0,0,0,0,7658,11,0,0,0,0,0,0,0,0
484,2017-04-18,09:04:16,530,pp1709,XDCE,7658,7650,7686,11618,445569630,511122,513174,8135,7361,7748,7670,0,7670,0,0,0,2017-04-18,32656530,7658,4,0,0,0,0,0,0,0,0,7660,3,0,0,0,0,0,0,0,0
485,2017-04-18,09:04:16,900,pp1709,XDCE,7656,7650,7686,11626,445875870,511124,513174,8135,7361,7748,7670,0,7670,0,0,0,2017-04-18,32656900,7657,3,0,0,0,0,0,0,0,0,7658,2,0,0,0,0,0,0,0,0
486,2017-04-18,09:04:17,597,pp1709,XDCE,7657,7650,7686,11634,446182180,511124,513174,8135,7361,7748,7670,0,7670,0,0,0,2017-04-18,32657597,7657,2,0,0,0,0,0,0,0,0,7658,11,0,0,0,0,0,0,0,0
487,2017-04-18,09:04:17,994,pp1709,XDCE,7657,7650,7686,11646,446641600,511112,513174,8135,7361,7748,7670,0,7670,0,0,0,2017-04-18,32657994,7655,3,0,0,0,0,0,0,0,0,7657,18,0,0,0,0,0,0,0,0
488,2017-04-18,09:04:18,600,pp1709,XDCE,7651,7650,7686,11706,448937440,511120,513174,8135,7361,7748,7670,0,7670,0,0,0,2017-04-18,32658600,7654,2,0,0,0,0,0,0,0,0,7655,1,0,0,0,0,0,0,0,0
489,2017-04-18,09:04:19,92,pp1709,XDCE,7654,7650,7686,11746,450468200,511132,513174,8135,7361,7748,7670,0,7670,0,0,0,2017-04-18,32659092,7654,5,0,0,0,0,0,0,0,0,7655,1,0,0,0,0,0,0,0,0
490,2017-04-18,09:04:19,591,pp1709,XDCE,7651,7650,7686,11890,455978210,511212,513174,8135,7361,7748,7670,0,7670,0,0,0,2017-04-18,32659591,7651,9,0,0,0,0,0,0,0,0,7654,11,0,0,0,0,0,0,0,0
491,2017-04-18,09:04:20,101,pp1709,XDCE,7653,7650,7686,11956,458503270,511200,513174,8135,7361,7748,7670,0,7670,0,0,0,2017-04-18,32660101,7651,3,0,0,0,0,0,0,0,0,7654,9,0,0,0,0,0,0,0,0
492,2017-04-18,09:04:20,593,pp1709,XDCE,7650,7650,7686,11992,459880340,511208,513174,8135,7361,7748,7670,0,7670,0,0,0,2017-04-18,32660593,7650,257,0,0,0,0,0,0,0,0,7651,1,0,0,0,0,0,0,0,0
493,2017-04-18,09:04:21,100,pp1709,XDCE,7650,7650,7686,12484,478699390,511102,513174,8135,7361,7748,7670,0,7670,0,0,0,2017-04-18,32661100,7650,21,0,0,0,0,0,0,0,0,7651,2,0,0,0,0,0,0,0,0
494,2017-04-18,09:04:21,546,pp1709,XDCE,7648,7648,7686,12570,481988610,511062,513174,8135,7361,7748,7670,0,7670,0,0,0,2017-04-18,32661546,7648,2,0,0,0,0,0,0,0,0,7649,70,0,0,0,0,0,0,0,0
495,2017-04-18,09:04:22,73,pp1709,XDCE,7644,7644,7686,12688,486500000,510996,513174,8135,7361,7748,7670,0,7670,0,0,0,2017-04-18,32662073,7644,4,0,0,0,0,0,0,0,0,7647,9,0,0,0,0,0,0,0,0
496,2017-04-18,09:04:22,596,pp1709,XDCE,7650,7644,7686,12944,496288800,510830,513174,8135,7361,7748,7670,0,7670,0,0,0,2017-04-18,32662596,7646,1,0,0,0,0,0,0,0,0,7650,39,0,0,0,0,0,0,0,0
497,2017-04-18,09:04:23,82,pp1709,XDCE,7649,7644,7686,12964,497053560,510822,513174,8135,7361,7748,7670,0,7670,0,0,0,2017-04-18,32663082,7646,3,0,0,0,0,0,0,0,0,7649,4,0,0,0,0,0,0,0,0
498,2017-04-18,09:04:23,601,pp1709,XDCE,7648,7644,7686,12992,498124330,510804,513174,8135,7361,7748,7670,0,7670,0,0,0,2017-04-18,32663601,7647,8,0,0,0,0,0,0,0,0,7650,13,0,0,0,0,0,0,0,0
499,2017-04-18,09:04:24,99,pp1709,XDCE,7649,7644,7686,13110,502635850,510782,513174,8135,7361,7748,7670,0,7670,0,0,0,2017-04-18,32664099,7645,1,0,0,0,0,0,0,0,0,7648,1,0,0,0,0,0,0,0,0
500,2017-04-18,09:04:24,591,pp1709,XDCE,7648,7644,7686,13134,503553630,510766,513174,8135,7361,7748,7670,0,7670,0,0,0,2017-04-18,32664591,7648,11,0,0,0,0,0,0,0,0,7649,19,0,0,0,0,0,0,0,0
501,2017-04-18,09:04:25,100,pp1709,XDCE,7649,7644,7686,13176,505159660,510732,513174,8135,7361,7748,7670,0,7670,0,0,0,2017-04-18,32665100,7646,1,0,0,0,0,0,0,0,0,7649,16,0,0,0,0,0,0,0,0
502,2017-04-18,09:04:25,584,pp1709,XDCE,7645,7644,7686,13220,506841550,510702,513174,8135,7361,7748,7670,0,7670,0,0,0,2017-04-18,32665584,7644,1,0,0,0,0,0,0,0,0,7646,2,0,0,0,0,0,0,0,0
503,2017-04-18,09:04:26,100,pp1709,XDCE,7646,7644,7686,13240,507606120,510698,513174,8135,7361,7748,7670,0,7670,0,0,0,2017-04-18,32666100,7645,23,0,0,0,0,0,0,0,0,7646,1,0,0,0,0,0,0,0,0
504,2017-04-18,09:04:26,601,pp1709,XDCE,7649,7644,7686,13374,512730440,510704,513174,8135,7361,7748,7670,0,7670,0,0,0,2017-04-18,32666601,7650,4,0,0,0,0,0,0,0,0,7654,15,0,0,0,0,0,0,0,0
505,2017-04-18,09:04:27,94,pp1709,XDCE,7653,7644,7686,13378,512883490,510700,513174,8135,7361,7748,7670,0,7670,0,0,0,2017-04-18,32667094,7651,8,0,0,0,0,0,0,0,0,7653,5,0,0,0,0,0,0,0,0
506,2017-04-18,09:04:27,599,pp1709,XDCE,7651,7644,7686,13402,513801690,510684,513174,8135,7361,7748,7670,0,7670,0,0,0,2017-04-18,32667599,7650,8,0,0,0,0,0,0,0,0,7652,1,0,0,0,0,0,0,0,0
507,2017-04-18,09:04:28,101,pp1709,XDCE,7651,7644,7686,13418,514413740,510674,513174,8135,7361,7748,7670,0,7670,0,0,0,2017-04-18,32668101,7650,2,0,0,0,0,0,0,0,0,7651,1,0,0,0,0,0,0,0,0
508,2017-04-18,09:04:28,599,pp1709,XDCE,7651,7644,7686,13424,514643270,510674,513174,8135,7361,7748,7670,0,7670,0,0,0,2017-04-18,32668599,7650,2,0,0,0,0,0,0,0,0,7652,1,0,0,0,0,0,0,0,0
509,2017-04-18,09:04:29,96,pp1709,XDCE,7653,7644,7686,13442,515331890,510664,513174,8135,7361,7748,7670,0,7670,0,0,0,2017-04-18,32669096,7651,2,0,0,0,0,0,0,0,0,7653,7,0,0,0,0,0,0,0,0
510,2017-04-18,09:04:29,544,pp1709,XDCE,7650,7644,7686,13472,516479590,510648,513174,8135,7361,7748,7670,0,7670,0,0,0,2017-04-18,32669544,7650,6,0,0,0,0,0,0,0,0,7651,4,0,0,0,0,0,0,0,0
511,2017-04-18,09:04:30,42,pp1709,XDCE,7651,7644,7686,13480,516785620,510646,513174,8135,7361,7748,7670,0,7670,0,0,0,2017-04-18,32670042,7650,5,0,0,0,0,0,0,0,0,7651,7,0,0,0,0,0,0,0,0
512,2017-04-18,09:04:30,597,pp1709,XDCE,7650,7644,7686,13490,517168140,510650,513174,8135,7361,7748,7670,0,7670,0,0,0,2017-04-18,32670597,7650,2,0,0,0,0,0,0,0,0,7651,4,0,0,0,0,0,0,0,0
513,2017-04-18,09:04:31,95,pp1709,XDCE,7650,7644,7686,13500,517550650,510658,513174,8135,7361,7748,7670,0,7670,0,0,0,2017-04-18,32671095,7649,66,0,0,0,0,0,0,0,0,7650,46,0,0,0,0,0,0,0,0
514,2017-04-18,09:04:31,589,pp1709,XDCE,7650,7644,7686,13610,521757650,510762,513174,8135,7361,7748,7670,0,7670,0,0,0,2017-04-18,32671589,7649,16,0,0,0,0,0,0,0,0,7650,41,0,0,0,0,0,0,0,0
515,2017-04-18,09:04:32,100,pp1709,XDCE,7647,7644,7686,13668,523975720,510762,513174,8135,7361,7748,7670,0,7670,0,0,0,2017-04-18,32672100,7646,22,0,0,0,0,0,0,0,0,7647,2,0,0,0,0,0,0,0,0
516,2017-04-18,09:04:32,600,pp1709,XDCE,7647,7644,7686,13676,524281600,510758,513174,8135,7361,7748,7670,0,7670,0,0,0,2017-04-18,32672600,7646,24,0,0,0,0,0,0,0,0,7647,22,0,0,0,0,0,0,0,0
517,2017-04-18,09:04:33,101,pp1709,XDCE,7646,7644,7686,13700,525199120,510734,513174,8135,7361,7748,7670,0,7670,0,0,0,2017-04-18,32673101,7646,12,0,0,0,0,0,0,0,0,7647,22,0,0,0,0,0,0,0,0
518,2017-04-18,09:04:33,601,pp1709,XDCE,7647,7644,7686,13736,526575460,510724,513174,8135,7361,7748,7670,0,7670,0,0,0,2017-04-18,32673601,7646,5,0,0,0,0,0,0,0,0,7647,14,0,0,0,0,0,0,0,0
519,2017-04-18,09:04:34,13,pp1709,XDCE,7645,7644,7686,13752,527187150,510726,513174,8135,7361,7748,7670,0,7670,0,0,0,2017-04-18,32674013,7645,11,0,0,0,0,0,0,0,0,7647,12,0,0,0,0,0,0,0,0
520,2017-04-18,09:04:34,600,pp1709,XDCE,7647,7644,7686,13776,528104790,510746,513174,8135,7361,7748,7670,0,7670,0,0,0,2017-04-18,32674600,7647,5,0,0,0,0,0,0,0,0,7648,4,0,0,0,0,0,0,0,0
521,2017-04-18,09:04:34,975,pp1709,XDCE,7648,7644,7686,13788,528563610,510740,513174,8135,7361,7748,7670,0,7670,0,0,0,2017-04-18,32674975,7648,8,0,0,0,0,0,0,0,0,7650,61,0,0,0,0,0,0,0,0
522,2017-04-18,09:04:35,552,pp1709,XDCE,7649,7644,7686,13816,529634340,510728,513174,8135,7361,7748,7670,0,7670,0,0,0,2017-04-18,32675552,7648,3,0,0,0,0,0,0,0,0,7649,4,0,0,0,0,0,0,0,0
523,2017-04-18,09:04:36,100,pp1709,XDCE,7649,7644,7686,13834,530322620,510720,513174,8135,7361,7748,7670,0,7670,0,0,0,2017-04-18,32676100,7647,6,0,0,0,0,0,0,0,0,7648,10,0,0,0,0,0,0,0,0
524,2017-04-18,09:04:36,599,pp1709,XDCE,7647,7644,7686,13844,530704970,510720,513174,8135,7361,7748,7670,0,7670,0,0,0,2017-04-18,32676599,7647,1,0,0,0,0,0,0,0,0,7648,8,0,0,0,0,0,0,0,0
525,2017-04-18,09:04:37,100,pp1709,XDCE,7648,7644,7686,13868,531622720,510714,513174,8135,7361,7748,7670,0,7670,0,0,0,2017-04-18,32677100,7646,8,0,0,0,0,0,0,0,0,7648,7,0,0,0,0,0,0,0,0
526,2017-04-18,09:04:37,591,pp1709,XDCE,7647,7644,7686,13878,532005050,510714,513174,8135,7361,7748,7670,0,7670,0,0,0,2017-04-18,32677591,7646,5,0,0,0,0,0,0,0,0,7647,6,0,0,0,0,0,0,0,0
527,2017-04-18,09:04:38,101,pp1709,XDCE,7648,7644,7686,13934,534146420,510722,513174,8135,7361,7748,7670,0,7670,0,0,0,2017-04-18,32678101,7647,2,0,0,0,0,0,0,0,0,7649,6,0,0,0,0,0,0,0,0
528,2017-04-18,09:04:38,571,pp1709,XDCE,7648,7644,7686,13958,535064190,510706,513174,8135,7361,7748,7670,0,7670,0,0,0,2017-04-18,32678571,7647,2,0,0,0,0,0,0,0,0,7648,2,0,0,0,0,0,0,0,0
529,2017-04-18,09:04:39,95,pp1709,XDCE,7649,7644,7686,13970,535523110,510694,513174,8135,7361,7748,7670,0,7670,0,0,0,2017-04-18,32679095,7647,2,0,0,0,0,0,0,0,0,7648,4,0,0,0,0,0,0,0,0
530,2017-04-18,09:04:39,600,pp1709,XDCE,7648,7644,7686,14000,536670280,510672,513174,8135,7361,7748,7670,0,7670,0,0,0,2017-04-18,32679600,7648,30,0,0,0,0,0,0,0,0,7649,5,0,0,0,0,0,0,0,0
531,2017-04-18,09:04:40,74,pp1709,XDCE,7648,7644,7686,14024,537588040,510654,513174,8135,7361,7748,7670,0,7670,0,0,0,2017-04-18,32680074,7648,19,0,0,0,0,0,0,0,0,7649,22,0,0,0,0,0,0,0,0
532,2017-04-18,09:04:40,551,pp1709,XDCE,7647,7644,7686,14064,539117630,510616,513174,8135,7361,7748,7670,0,7670,0,0,0,2017-04-18,32680551,7647,5,0,0,0,0,0,0,0,0,7649,22,0,0,0,0,0,0,0,0
533,2017-04-18,09:04:41,94,pp1709,XDCE,7648,7644,7686,14124,541412200,510616,513174,8135,7361,7748,7670,0,7670,0,0,0,2017-04-18,32681094,7647,3,0,0,0,0,0,0,0,0,7648,16,0,0,0,0,0,0,0,0
534,2017-04-18,09:04:41,596,pp1709,XDCE,7645,7644,7686,14192,544012210,510582,513174,8135,7361,7748,7670,0,7670,0,0,0,2017-04-18,32681596,7645,17,0,0,0,0,0,0,0,0,7647,8,0,0,0,0,0,0,0,0
535,2017-04-18,09:04:42,96,pp1709,XDCE,7646,7644,7686,14210,544700380,510580,513174,8135,7361,7748,7670,0,7670,0,0,0,2017-04-18,32682096,7645,16,0,0,0,0,0,0,0,0,7647,4,0,0,0,0,0,0,0,0
536,2017-04-18,09:04:42,540,pp1709,XDCE,7645,7644,7686,14218,545006190,510578,513174,8135,7361,7748,7670,0,7670,0,0,0,2017-04-18,32682540,7645,13,0,0,0,0,0,0,0,0,7646,2,0,0,0,0,0,0,0,0
537,2017-04-18,09:04:43,42,pp1709,XDCE,7644,7644,7686,14258,546535120,510566,513174,8135,7361,7748,7670,0,7670,0,0,0,2017-04-18,32683042,7644,2,0,0,0,0,0,0,0,0,7645,7,0,0,0,0,0,0,0,0
538,2017-04-18,09:04:43,499,pp1709,XDCE,7645,7644,7686,14282,547452510,510548,513174,8135,7361,7748,7670,0,7670,0,0,0,2017-04-18,32683499,7644,1,0,0,0,0,0,0,0,0,7645,2,0,0,0,0,0,0,0,0
539,2017-04-18,09:04:44,86,pp1709,XDCE,7644,7644,7686,14284,547528950,510546,513174,8135,7361,7748,7670,0,7670,0,0,0,2017-04-18,32684086,7643,15,0,0,0,0,0,0,0,0,7644,2,0,0,0,0,0,0,0,0
540,2017-04-18,09:04:44,575,pp1709,XDCE,7644,7643,7686,14300,548140450,510556,513174,8135,7361,7748,7670,0,7670,0,0,0,2017-04-18,32684575,7643,13,0,0,0,0,0,0,0,0,7645,4,0,0,0,0,0,0,0,0
541,2017-04-18,09:04:45,100,pp1709,XDCE,7648,7643,7686,14342,549746280,510572,513174,8135,7361,7748,7670,0,7670,0,0,0,2017-04-18,32685100,7643,12,0,0,0,0,0,0,0,0,7645,1,0,0,0,0,0,0,0,0
542,2017-04-18,09:04:45,600,pp1709,XDCE,7644,7643,7686,14368,550740140,510562,513174,8135,7361,7748,7670,0,7670,0,0,0,2017-04-18,32685600,7645,2,0,0,0,0,0,0,0,0,7647,7,0,0,0,0,0,0,0,0
