,dataDate,dataTime,dataMillisec,instrumentID,exchangeCD,lastPrice,lowPrice,highPrice,volume,value,openInterest,preOpenInterest,upperLimitPrice,lowerLimitPrice,preSettlementPrice,prevClosePrice,settlementPrice,openPrice,closePrice,preDelta,currDelta,clearingDay,milliSecOffset,bidPrice1,bidVolume1,bidPrice2,bidVolume2,bidPrice3,bidVolume3,bidPrice4,bidVolume4,bidPrice5,bidVolume5,askPrice1,askVolume1,askPrice2,askVolume2,askPrice3,askVolume3,askPrice4,askVolume4,askPrice5,askVolume5
0,2017-04-17,19:32:02,0,SF705,XZCE,5100,0,0,0,0,14076,14076,5376,4864,5120,5100,0,0,0,0,0,2017-04-18,70322000,0,0,0,0,0,0,0,0,0,0,0,0,0,0,0,0,0,0,0,0
1,2017-04-18,08:59:00,0,SF705,XZCE,5070,5070,5070,8,202800,14082,14076,5376,4864,5120,5100,0,5070,0,0,0,2017-04-18,32340000,5068,1,0,0,0,0,0,0,0,0,5092,2,0,0,0,0,0,0,0,0
2,2017-04-18,08:59:00,0,SF705,XZCE,5070,5070,5070,8,202800,14082,14076,5376,4864,5120,5100,0,5070,0,0,0,2017-04-18,32340000,5068,1,0,0,0,0,0,0,0,0,5092,2,0,0,0,0,0,0,0,0
3,2017-04-18,09:00:00,0,SF705,XZCE,5092,5070,5092,10,253720,14082,14076,5376,4864,5120,5100,0,5070,0,0,0,2017-04-18,32400000,5068,1,0,0,0,0,0,0,0,0,5092,1,0,0,0,0,0,0,0,0
4,2017-04-18,09:00:00,0,SF705,XZCE,5092,5070,5092,10,253720,14082,14076,5376,4864,5120,5100,0,5070,0,0,0,2017-04-18,32400000,5068,1,0,0,0,0,0,0,0,0,5092,1,0,0,0,0,0,0,0,0
5,2017-04-18,09:00:01,0,SF705,XZCE,5090,5068,5092,14,355520,14086,14076,5376,4864,5120,5100,0,5070,0,0,0,2017-04-18,32401000,5066,2,0,0,0,0,0,0,0,0,5090,1,0,0,0,0,0,0,0,0
6,2017-04-18,09:00:01,0,SF705,XZCE,5076,5068,5092,24,609320,14084,14076,5376,4864,5120,5100,0,5070,0,0,0,2017-04-18,32401000,5066,2,0,0,0,0,0,0,0,0,5068,5,0,0,0,0,0,0,0,0
7,2017-04-18,09:00:01,0,SF705,XZCE,5090,5068,5092,14,355520,14086,14076,5376,4864,5120,5100,0,5070,0,0,0,2017-04-18,32401000,5066,2,0,0,0,0,0,0,0,0,5090,1,0,0,0,0,0,0,0,0
8,2017-04-18,09:00:01,0,SF705,XZCE,5076,5068,5092,24,609320,14084,14076,5376,4864,5120,5100,0,5070,0,0,0,2017-04-18,32401000,5066,2,0,0,0,0,0,0,0,0,5068,5,0,0,0,0,0,0,0,0
9,2017-04-18,09:00:02,0,SF705,XZCE,5068,5068,5092,36,913400,14084,14076,5376,4864,5120,5100,0,5070,0,0,0,2017-04-18,32402000,5068,8,0,0,0,0,0,0,0,0,5088,15,0,0,0,0,0,0,0,0
10,2017-04-18,09:00:02,0,SF705,XZCE,5068,5068,5092,36,913400,14084,14076,5376,4864,5120,5100,0,5070,0,0,0,2017-04-18,32402000,5068,8,0,0,0,0,0,0,0,0,5088,15,0,0,0,0,0,0,0,0
11,2017-04-18,09:00:03,0,SF705,XZCE,5068,5068,5092,36,913400,14084,14076,5376,4864,5120,5100,0,5070,0,0,0,2017-04-18,32403000,5080,1,0,0,0,0,0,0,0,0,5088,15,0,0,0,0,0,0,0,0
12,2017-04-18,09:00:04,0,SF705,XZCE,5088,5068,5092,40,1015160,14084,14076,5376,4864,5120,5100,0,5070,0,0,0,2017-04-18,32404000,5080,1,0,0,0,0,0,0,0,0,5088,13,0,0,0,0,0,0,0,0
13,2017-04-18,09:00:04,0,SF705,XZCE,5088,5068,5092,50,1269560,14094,14076,5376,4864,5120,5100,0,5070,0,0,0,2017-04-18,32404000,5080,1,0,0,0,0,0,0,0,0,5088,8,0,0,0,0,0,0,0,0
14,2017-04-18,09:00:05,0,SF705,XZCE,5088,5068,5092,50,1269560,14094,14076,5376,4864,5120,5100,0,5070,0,0,0,2017-04-18,32405000,5080,1,0,0,0,0,0,0,0,0,5086,3,0,0,0,0,0,0,0,0
15,2017-04-18,09:00:05,0,SF705,XZCE,5088,5068,5092,50,1269560,14094,14076,5376,4864,5120,5100,0,5070,0,0,0,2017-04-18,32405000,5082,1,0,0,0,0,0,0,0,0,5086,3,0,0,0,0,0,0,0,0
16,2017-04-18,09:00:06,0,SF705,XZCE,5082,5068,5092,52,1320380,14094,14076,5376,4864,5120,5100,0,5070,0,0,0,2017-04-18,32406000,5080,1,0,0,0,0,0,0,0,0,5086,3,0,0,0,0,0,0,0,0
17,2017-04-18,09:00:07,0,SF705,XZCE,5080,5068,5092,54,1371180,14094,14076,5376,4864,5120,5100,0,5070,0,0,0,2017-04-18,32407000,5072,7,0,0,0,0,0,0,0,0,5086,3,0,0,0,0,0,0,0,0
18,2017-04-18,09:00:08,0,SF705,XZCE,5080,5068,5092,54,1371180,14094,14076,5376,4864,5120,5100,0,5070,0,0,0,2017-04-18,32408000,5072,7,0,0,0,0,0,0,0,0,5080,1,0,0,0,0,0,0,0,0
19,2017-04-18,09:00:09,0,SF705,XZCE,5080,5068,5092,54,1371180,14094,14076,5376,4864,5120,5100,0,5070,0,0,0,2017-04-18,32409000,5074,1,0,0,0,0,0,0,0,0,5086,3,0,0,0,0,0,0,0,0
20,2017-04-18,09:00:11,0,SF705,XZCE,5080,5068,5092,54,1371180,14094,14076,5376,4864,5120,5100,0,5070,0,0,0,2017-04-18,32411000,5076,1,0,0,0,0,0,0,0,0,5086,3,0,0,0,0,0,0,0,0
21,2017-04-18,09:00:11,0,SF705,XZCE,5080,5068,5092,54,1371180,14094,14076,5376,4864,5120,5100,0,5070,0,0,0,2017-04-18,32411000,5078,2,0,0,0,0,0,0,0,0,5086,3,0,0,0,0,0,0,0,0
22,2017-04-18,09:00:12,0,SF705,XZCE,5090,5068,5092,62,1574780,14088,14076,5376,4864,5120,5100,0,5070,0,0,0,2017-04-18,32412000,5090,1,0,0,0,0,0,0,0,0,5092,2,0,0,0,0,0,0,0,0
23,2017-04-18,09:00:13,0,SF705,XZCE,5090,5068,5092,64,1625680,14088,14076,5376,4864,5120,5100,0,5070,0,0,0,2017-04-18,32413000,5078,2,0,0,0,0,0,0,0,0,5092,2,0,0,0,0,0,0,0,0
24,2017-04-18,09:00:15,0,SF705,XZCE,5090,5068,5092,64,1625680,14088,14076,5376,4864,5120,5100,0,5070,0,0,0,2017-04-18,32415000,5082,1,0,0,0,0,0,0,0,0,5092,2,0,0,0,0,0,0,0,0
25,2017-04-18,09:00:16,0,SF705,XZCE,5090,5068,5092,64,1625680,14088,14076,5376,4864,5120,5100,0,5070,0,0,0,2017-04-18,32416000,5090,2,0,0,0,0,0,0,0,0,5092,2,0,0,0,0,0,0,0,0
26,2017-04-18,09:00:16,0,SF705,XZCE,5090,5068,5092,68,1727480,14092,14076,5376,4864,5120,5100,0,5070,0,0,0,2017-04-18,32416000,5082,1,0,0,0,0,0,0,0,0,5092,2,0,0,0,0,0,0,0,0
27,2017-04-18,09:00:17,0,SF705,XZCE,5092,5068,5092,72,1829320,14090,14076,5376,4864,5120,5100,0,5070,0,0,0,2017-04-18,32417000,5082,1,0,0,0,0,0,0,0,0,5098,4,0,0,0,0,0,0,0,0
28,2017-04-18,09:00:17,0,SF705,XZCE,5098,5068,5098,76,1931280,14086,14076,5376,4864,5120,5100,0,5070,0,0,0,2017-04-18,32417000,5082,1,0,0,0,0,0,0,0,0,5098,2,0,0,0,0,0,0,0,0
29,2017-04-18,09:00:18,0,SF705,XZCE,5098,5068,5098,76,1931280,14086,14076,5376,4864,5120,5100,0,5070,0,0,0,2017-04-18,32418000,5090,1,0,0,0,0,0,0,0,0,5098,2,0,0,0,0,0,0,0,0
30,2017-04-18,09:00:19,0,SF705,XZCE,5084,5068,5098,80,2032960,14088,14076,5376,4864,5120,5100,0,5070,0,0,0,2017-04-18,32419000,5082,1,0,0,0,0,0,0,0,0,5098,2,0,0,0,0,0,0,0,0
31,2017-04-18,09:00:19,0,SF705,XZCE,5084,5068,5098,80,2032960,14088,14076,5376,4864,5120,5100,0,5070,0,0,0,2017-04-18,32419000,5090,2,0,0,0,0,0,0,0,0,5098,2,0,0,0,0,0,0,0,0
32,2017-04-18,09:00:21,0,SF705,XZCE,5090,5068,5098,82,2083860,14088,14076,5376,4864,5120,5100,0,5070,0,0,0,2017-04-18,32421000,5092,1,0,0,0,0,0,0,0,0,5098,2,0,0,0,0,0,0,0,0
33,2017-04-18,09:00:21,0,SF705,XZCE,5090,5068,5098,82,2083860,14088,14076,5376,4864,5120,5100,0,5070,0,0,0,2017-04-18,32421000,5094,1,0,0,0,0,0,0,0,0,5098,2,0,0,0,0,0,0,0,0
34,2017-04-18,09:00:22,0,SF705,XZCE,5094,5068,5098,86,2185740,14088,14076,5376,4864,5120,5100,0,5070,0,0,0,2017-04-18,32422000,5092,1,0,0,0,0,0,0,0,0,5098,1,0,0,0,0,0,0,0,0
35,2017-04-18,09:00:23,0,SF705,XZCE,5092,5068,5098,88,2236660,14090,14076,5376,4864,5120,5100,0,5070,0,0,0,2017-04-18,32423000,5090,1,0,0,0,0,0,0,0,0,5098,1,0,0,0,0,0,0,0,0
36,2017-04-18,09:00:28,0,SF705,XZCE,5092,5068,5098,88,2236660,14090,14076,5376,4864,5120,5100,0,5070,0,0,0,2017-04-18,32428000,5090,1,0,0,0,0,0,0,0,0,5098,5,0,0,0,0,0,0,0,0
37,2017-04-18,09:00:28,0,SF705,XZCE,5092,5068,5098,88,2236660,14090,14076,5376,4864,5120,5100,0,5070,0,0,0,2017-04-18,32428000,5090,1,0,0,0,0,0,0,0,0,5094,1,0,0,0,0,0,0,0,0
38,2017-04-18,09:00:29,0,SF705,XZCE,5094,5068,5098,90,2287600,14092,14076,5376,4864,5120,5100,0,5070,0,0,0,2017-04-18,32429000,5090,1,0,0,0,0,0,0,0,0,5096,1,0,0,0,0,0,0,0,0
39,2017-04-18,09:00:30,0,SF705,XZCE,5096,5068,5098,94,2389520,14094,14076,5376,4864,5120,5100,0,5070,0,0,0,2017-04-18,32430000,5090,3,0,0,0,0,0,0,0,0,5098,14,0,0,0,0,0,0,0,0
40,2017-04-18,09:00:34,0,SF705,XZCE,5096,5068,5098,94,2389520,14094,14076,5376,4864,5120,5100,0,5070,0,0,0,2017-04-18,32434000,5092,5,0,0,0,0,0,0,0,0,5098,14,0,0,0,0,0,0,0,0
41,2017-04-18,09:00:36,0,SF705,XZCE,5098,5068,5098,98,2491480,14092,14076,5376,4864,5120,5100,0,5070,0,0,0,2017-04-18,32436000,5092,5,0,0,0,0,0,0,0,0,5098,9,0,0,0,0,0,0,0,0
42,2017-04-18,09:00:36,0,SF705,XZCE,5098,5068,5098,102,2593440,14088,14076,5376,4864,5120,5100,0,5070,0,0,0,2017-04-18,32436000,5092,6,0,0,0,0,0,0,0,0,5096,1,0,0,0,0,0,0,0,0
43,2017-04-18,09:00:38,0,SF705,XZCE,5096,5068,5098,114,2899200,14084,14076,5376,4864,5120,5100,0,5070,0,0,0,2017-04-18,32438000,5092,2,0,0,0,0,0,0,0,0,5098,9,0,0,0,0,0,0,0,0
44,2017-04-18,09:00:40,0,SF705,XZCE,5098,5068,5098,118,3001160,14080,14076,5376,4864,5120,5100,0,5070,0,0,0,2017-04-18,32440000,5092,2,0,0,0,0,0,0,0,0,5098,7,0,0,0,0,0,0,0,0
45,2017-04-18,09:00:41,0,SF705,XZCE,5088,5068,5098,130,3306440,14082,14076,5376,4864,5120,5100,0,5070,0,0,0,2017-04-18,32441000,5078,2,0,0,0,0,0,0,0,0,5090,12,0,0,0,0,0,0,0,0
46,2017-04-18,09:00:41,0,SF705,XZCE,5090,5068,5098,134,3408240,14082,14076,5376,4864,5120,5100,0,5070,0,0,0,2017-04-18,32441000,5078,2,0,0,0,0,0,0,0,0,5090,10,0,0,0,0,0,0,0,0
47,2017-04-18,09:00:42,0,SF705,XZCE,5090,5068,5098,138,3510040,14082,14076,5376,4864,5120,5100,0,5070,0,0,0,2017-04-18,32442000,5078,2,0,0,0,0,0,0,0,0,5090,8,0,0,0,0,0,0,0,0
48,2017-04-18,09:00:43,0,SF705,XZCE,5090,5068,5098,142,3611840,14082,14076,5376,4864,5120,5100,0,5070,0,0,0,2017-04-18,32443000,5078,2,0,0,0,0,0,0,0,0,5092,2,0,0,0,0,0,0,0,0
49,2017-04-18,09:00:44,0,SF705,XZCE,5098,5068,5098,150,3815760,14078,14076,5376,4864,5120,5100,0,5070,0,0,0,2017-04-18,32444000,5078,2,0,0,0,0,0,0,0,0,5098,5,0,0,0,0,0,0,0,0
50,2017-04-18,09:00:44,0,SF705,XZCE,5098,5068,5098,150,3815760,14078,14076,5376,4864,5120,5100,0,5070,0,0,0,2017-04-18,32444000,5078,2,0,0,0,0,0,0,0,0,5096,1,0,0,0,0,0,0,0,0
51,2017-04-18,09:00:46,0,SF705,XZCE,5098,5068,5098,150,3815760,14078,14076,5376,4864,5120,5100,0,5070,0,0,0,2017-04-18,32446000,5080,1,0,0,0,0,0,0,0,0,5096,2,0,0,0,0,0,0,0,0
52,2017-04-18,09:00:47,0,SF705,XZCE,5098,5068,5098,150,3815760,14078,14076,5376,4864,5120,5100,0,5070,0,0,0,2017-04-18,32447000,5080,1,0,0,0,0,0,0,0,0,5094,1,0,0,0,0,0,0,0,0
53,2017-04-18,09:00:47,0,SF705,XZCE,5098,5068,5098,154,3917720,14078,14076,5376,4864,5120,5100,0,5070,0,0,0,2017-04-18,32447000,5080,1,0,0,0,0,0,0,0,0,5096,1,0,0,0,0,0,0,0,0
54,2017-04-18,09:00:50,0,SF705,XZCE,5098,5068,5098,154,3917720,14078,14076,5376,4864,5120,5100,0,5070,0,0,0,2017-04-18,32450000,5082,1,0,0,0,0,0,0,0,0,5094,5,0,0,0,0,0,0,0,0
55,2017-04-18,09:00:51,0,SF705,XZCE,5098,5068,5098,154,3917720,14078,14076,5376,4864,5120,5100,0,5070,0,0,0,2017-04-18,32451000,5092,3,0,0,0,0,0,0,0,0,5094,5,0,0,0,0,0,0,0,0
56,2017-04-18,09:00:52,0,SF705,XZCE,5094,5068,5098,164,4172420,14068,14076,5376,4864,5120,5100,0,5070,0,0,0,2017-04-18,32452000,5082,1,0,0,0,0,0,0,0,0,5094,3,0,0,0,0,0,0,0,0
57,2017-04-18,09:00:52,0,SF705,XZCE,5094,5068,5098,166,4223360,14068,14076,5376,4864,5120,5100,0,5070,0,0,0,2017-04-18,32452000,5082,1,0,0,0,0,0,0,0,0,5094,2,0,0,0,0,0,0,0,0
58,2017-04-18,09:00:53,0,SF705,XZCE,5094,5068,5098,170,4325240,14064,14076,5376,4864,5120,5100,0,5070,0,0,0,2017-04-18,32453000,5082,1,0,0,0,0,0,0,0,0,5096,1,0,0,0,0,0,0,0,0
59,2017-04-18,09:00:53,0,SF705,XZCE,5098,5068,5098,174,4427200,14060,14076,5376,4864,5120,5100,0,5070,0,0,0,2017-04-18,32453000,5082,2,0,0,0,0,0,0,0,0,5098,4,0,0,0,0,0,0,0,0
60,2017-04-18,09:00:57,0,SF705,XZCE,5098,5068,5098,174,4427200,14060,14076,5376,4864,5120,5100,0,5070,0,0,0,2017-04-18,32457000,5082,1,0,0,0,0,0,0,0,0,5096,1,0,0,0,0,0,0,0,0
61,2017-04-18,09:00:58,0,SF705,XZCE,5098,5068,5098,174,4427200,14060,14076,5376,4864,5120,5100,0,5070,0,0,0,2017-04-18,32458000,5086,1,0,0,0,0,0,0,0,0,5096,1,0,0,0,0,0,0,0,0
62,2017-04-18,09:00:58,0,SF705,XZCE,5098,5068,5098,174,4427200,14060,14076,5376,4864,5120,5100,0,5070,0,0,0,2017-04-18,32458000,5088,1,0,0,0,0,0,0,0,0,5096,1,0,0,0,0,0,0,0,0
63,2017-04-18,09:01:00,0,SF705,XZCE,5098,5068,5098,180,4580140,14056,14076,5376,4864,5120,5100,0,5070,0,0,0,2017-04-18,32460000,5090,1,0,0,0,0,0,0,0,0,5098,2,0,0,0,0,0,0,0,0
64,2017-04-18,09:01:00,0,SF705,XZCE,5098,5068,5098,180,4580140,14056,14076,5376,4864,5120,5100,0,5070,0,0,0,2017-04-18,32460000,5090,1,0,0,0,0,0,0,0,0,5094,3,0,0,0,0,0,0,0,0
65,2017-04-18,09:01:01,0,SF705,XZCE,5090,5068,5098,182,4631040,14058,14076,5376,4864,5120,5100,0,5070,0,0,0,2017-04-18,32461000,5088,1,0,0,0,0,0,0,0,0,5090,1,0,0,0,0,0,0,0,0
66,2017-04-18,09:01:01,0,SF705,XZCE,5090,5068,5098,184,4681940,14058,14076,5376,4864,5120,5100,0,5070,0,0,0,2017-04-18,32461000,5084,1,0,0,0,0,0,0,0,0,5094,3,0,0,0,0,0,0,0,0
67,2017-04-18,09:01:01,0,SF705,XZCE,5090,5068,5098,184,4681940,14058,14076,5376,4864,5120,5100,0,5070,0,0,0,2017-04-18,32461000,5090,1,0,0,0,0,0,0,0,0,5094,3,0,0,0,0,0,0,0,0
68,2017-04-18,09:01:05,0,SF705,XZCE,5090,5068,5098,184,4681940,14058,14076,5376,4864,5120,5100,0,5070,0,0,0,2017-04-18,32465000,5090,4,0,0,0,0,0,0,0,0,5094,3,0,0,0,0,0,0,0,0
69,2017-04-18,09:01:05,0,SF705,XZCE,5090,5068,5098,186,4732840,14058,14076,5376,4864,5120,5100,0,5070,0,0,0,2017-04-18,32465000,5090,3,0,0,0,0,0,0,0,0,5094,3,0,0,0,0,0,0,0,0
70,2017-04-18,09:01:06,0,SF705,XZCE,5090,5068,5098,186,4732840,14058,14076,5376,4864,5120,5100,0,5070,0,0,0,2017-04-18,32466000,5090,3,0,0,0,0,0,0,0,0,5092,1,0,0,0,0,0,0,0,0
71,2017-04-18,09:01:07,0,SF705,XZCE,5094,5068,5098,194,4936600,14064,14076,5376,4864,5120,5100,0,5070,0,0,0,2017-04-18,32467000,5092,16,0,0,0,0,0,0,0,0,5098,2,0,0,0,0,0,0,0,0
72,2017-04-18,09:01:08,0,SF705,XZCE,5094,5068,5098,194,4936600,14064,14076,5376,4864,5120,5100,0,5070,0,0,0,2017-04-18,32468000,5094,2,0,0,0,0,0,0,0,0,5098,2,0,0,0,0,0,0,0,0
73,2017-04-18,09:01:09,0,SF705,XZCE,5094,5068,5098,194,4936600,14064,14076,5376,4864,5120,5100,0,5070,0,0,0,2017-04-18,32469000,5094,4,0,0,0,0,0,0,0,0,5098,2,0,0,0,0,0,0,0,0
74,2017-04-18,09:01:10,0,SF705,XZCE,5098,5068,5098,198,5038560,14064,14076,5376,4864,5120,5100,0,5070,0,0,0,2017-04-18,32470000,5098,6,0,0,0,0,0,0,0,0,5100,10,0,0,0,0,0,0,0,0
75,2017-04-18,09:01:16,0,SF705,XZCE,5098,5068,5098,202,5140520,14068,14076,5376,4864,5120,5100,0,5070,0,0,0,2017-04-18,32476000,5098,4,0,0,0,0,0,0,0,0,5100,10,0,0,0,0,0,0,0,0
76,2017-04-18,09:01:16,0,SF705,XZCE,5098,5068,5098,210,5344440,14076,14076,5376,4864,5120,5100,0,5070,0,0,0,2017-04-18,32476000,5094,6,0,0,0,0,0,0,0,0,5098,1,0,0,0,0,0,0,0,0
77,2017-04-18,09:01:17,0,SF705,XZCE,5098,5068,5098,212,5395420,14078,14076,5376,4864,5120,5100,0,5070,0,0,0,2017-04-18,32477000,5094,6,0,0,0,0,0,0,0,0,5100,10,0,0,0,0,0,0,0,0
78,2017-04-18,09:01:18,0,SF705,XZCE,5098,5068,5098,212,5395420,14078,14076,5376,4864,5120,5100,0,5070,0,0,0,2017-04-18,32478000,5094,6,0,0,0,0,0,0,0,0,5098,1,0,0,0,0,0,0,0,0
79,2017-04-18,09:01:19,0,SF705,XZCE,5098,5068,5098,214,5446400,14078,14076,5376,4864,5120,5100,0,5070,0,0,0,2017-04-18,32479000,5098,1,0,0,0,0,0,0,0,0,5100,10,0,0,0,0,0,0,0,0
80,2017-04-18,09:01:22,0,SF705,XZCE,5098,5068,5098,216,5497380,14078,14076,5376,4864,5120,5100,0,5070,0,0,0,2017-04-18,32482000,5094,6,0,0,0,0,0,0,0,0,5100,10,0,0,0,0,0,0,0,0
81,2017-04-18,09:01:23,0,SF705,XZCE,5098,5068,5098,216,5497380,14078,14076,5376,4864,5120,5100,0,5070,0,0,0,2017-04-18,32483000,5094,6,0,0,0,0,0,0,0,0,5098,2,0,0,0,0,0,0,0,0
82,2017-04-18,09:01:24,0,SF705,XZCE,5098,5068,5098,216,5497380,14078,14076,5376,4864,5120,5100,0,5070,0,0,0,2017-04-18,32484000,5094,6,0,0,0,0,0,0,0,0,5098,3,0,0,0,0,0,0,0,0
83,2017-04-18,09:01:25,0,SF705,XZCE,5098,5068,5098,216,5497380,14078,14076,5376,4864,5120,5100,0,5070,0,0,0,2017-04-18,32485000,5094,6,0,0,0,0,0,0,0,0,5098,2,0,0,0,0,0,0,0,0
84,2017-04-18,09:01:30,0,SF705,XZCE,5098,5068,5098,220,5599340,14076,14076,5376,4864,5120,5100,0,5070,0,0,0,2017-04-18,32490000,5096,1,0,0,0,0,0,0,0,0,5100,10,0,0,0,0,0,0,0,0
85,2017-04-18,09:01:35,0,SF705,XZCE,5096,5068,5098,222,5650300,14078,14076,5376,4864,5120,5100,0,5070,0,0,0,2017-04-18,32495000,5094,6,0,0,0,0,0,0,0,0,5096,1,0,0,0,0,0,0,0,0
86,2017-04-18,09:01:35,0,SF705,XZCE,5096,5068,5098,222,5650300,14078,14076,5376,4864,5120,5100,0,5070,0,0,0,2017-04-18,32495000,5094,6,0,0,0,0,0,0,0,0,5096,2,0,0,0,0,0,0,0,0
87,2017-04-18,09:01:37,0,SF705,XZCE,5094,5068,5098,224,5701240,14076,14076,5376,4864,5120,5100,0,5070,0,0,0,2017-04-18,32497000,5094,5,0,0,0,0,0,0,0,0,5096,2,0,0,0,0,0,0,0,0
88,2017-04-18,09:01:45,0,SF705,XZCE,5094,5068,5098,234,5955940,14076,14076,5376,4864,5120,5100,0,5070,0,0,0,2017-04-18,32505000,5090,4,0,0,0,0,0,0,0,0,5096,2,0,0,0,0,0,0,0,0
89,2017-04-18,09:01:45,0,SF705,XZCE,5094,5068,5098,234,5955940,14076,14076,5376,4864,5120,5100,0,5070,0,0,0,2017-04-18,32505000,5090,4,0,0,0,0,0,0,0,0,5094,2,0,0,0,0,0,0,0,0
90,2017-04-18,09:01:46,0,SF705,XZCE,5094,5068,5098,238,6057820,14076,14076,5376,4864,5120,5100,0,5070,0,0,0,2017-04-18,32506000,5090,4,0,0,0,0,0,0,0,0,5096,2,0,0,0,0,0,0,0,0
91,2017-04-18,09:01:47,0,SF705,XZCE,5094,5068,5098,238,6057820,14076,14076,5376,4864,5120,5100,0,5070,0,0,0,2017-04-18,32507000,5090,4,0,0,0,0,0,0,0,0,5094,5,0,0,0,0,0,0,0,0
92,2017-04-18,09:01:47,0,SF705,XZCE,5094,5068,5098,242,6159700,14076,14076,5376,4864,5120,5100,0,5070,0,0,0,2017-04-18,32507000,5090,4,0,0,0,0,0,0,0,0,5094,3,0,0,0,0,0,0,0,0
93,2017-04-18,09:01:50,0,SF705,XZCE,5096,5068,5098,250,6363540,14076,14076,5376,4864,5120,5100,0,5070,0,0,0,2017-04-18,32510000,5090,4,0,0,0,0,0,0,0,0,5096,1,0,0,0,0,0,0,0,0
94,2017-04-18,09:01:58,0,SF705,XZCE,5096,5068,5098,250,6363540,14076,14076,5376,4864,5120,5100,0,5070,0,0,0,2017-04-18,32518000,5092,3,0,0,0,0,0,0,0,0,5096,1,0,0,0,0,0,0,0,0
95,2017-04-18,09:02:00,0,SF705,XZCE,5092,5068,5098,252,6414460,14076,14076,5376,4864,5120,5100,0,5070,0,0,0,2017-04-18,32520000,5092,2,0,0,0,0,0,0,0,0,5096,10,0,0,0,0,0,0,0,0
96,2017-04-18,09:02:04,0,SF705,XZCE,5096,5068,5098,258,6567340,14070,14076,5376,4864,5120,5100,0,5070,0,0,0,2017-04-18,32524000,5092,2,0,0,0,0,0,0,0,0,5096,7,0,0,0,0,0,0,0,0
97,2017-04-18,09:02:06,0,SF705,XZCE,5092,5068,5098,260,6618260,14068,14076,5376,4864,5120,5100,0,5070,0,0,0,2017-04-18,32526000,5092,1,0,0,0,0,0,0,0,0,5096,7,0,0,0,0,0,0,0,0
98,2017-04-18,09:02:06,0,SF705,XZCE,5092,5068,5098,262,6669180,14068,14076,5376,4864,5120,5100,0,5070,0,0,0,2017-04-18,32526000,5090,6,0,0,0,0,0,0,0,0,5096,9,0,0,0,0,0,0,0,0
99,2017-04-18,09:02:07,0,SF705,XZCE,5090,5068,5098,268,6821880,14072,14076,5376,4864,5120,5100,0,5070,0,0,0,2017-04-18,32527000,5090,3,0,0,0,0,0,0,0,0,5096,9,0,0,0,0,0,0,0,0
100,2017-04-18,09:02:08,0,SF705,XZCE,5090,5068,5098,270,6872780,14070,14076,5376,4864,5120,5100,0,5070,0,0,0,2017-04-18,32528000,5090,2,0,0,0,0,0,0,0,0,5094,1,0,0,0,0,0,0,0,0
101,2017-04-18,09:02:08,0,SF705,XZCE,5090,5068,5098,272,6923680,14070,14076,5376,4864,5120,5100,0,5070,0,0,0,2017-04-18,32528000,5090,1,0,0,0,0,0,0,0,0,5094,1,0,0,0,0,0,0,0,0
102,2017-04-18,09:02:08,0,SF705,XZCE,5090,5068,5098,274,6974580,14068,14076,5376,4864,5120,5100,0,5070,0,0,0,2017-04-18,32528000,5086,8,0,0,0,0,0,0,0,0,5094,1,0,0,0,0,0,0,0,0
103,2017-04-18,09:02:14,0,SF705,XZCE,5090,5068,5098,274,6974580,14068,14076,5376,4864,5120,5100,0,5070,0,0,0,2017-04-18,32534000,5086,8,0,0,0,0,0,0,0,0,5092,1,0,0,0,0,0,0,0,0
104,2017-04-18,09:02:15,0,SF705,XZCE,5086,5068,5098,276,7025440,14066,14076,5376,4864,5120,5100,0,5070,0,0,0,2017-04-18,32535000,5086,7,0,0,0,0,0,0,0,0,5092,1,0,0,0,0,0,0,0,0
105,2017-04-18,09:02:16,0,SF705,XZCE,5086,5068,5098,276,7025440,14066,14076,5376,4864,5120,5100,0,5070,0,0,0,2017-04-18,32536000,5088,3,0,0,0,0,0,0,0,0,5092,1,0,0,0,0,0,0,0,0
106,2017-04-18,09:02:18,0,SF705,XZCE,5086,5068,5098,276,7025440,14066,14076,5376,4864,5120,5100,0,5070,0,0,0,2017-04-18,32538000,5088,4,0,0,0,0,0,0,0,0,5092,1,0,0,0,0,0,0,0,0
107,2017-04-18,09:02:18,0,SF705,XZCE,5088,5068,5098,278,7076320,14066,14076,5376,4864,5120,5100,0,5070,0,0,0,2017-04-18,32538000,5088,3,0,0,0,0,0,0,0,0,5092,1,0,0,0,0,0,0,0,0
108,2017-04-18,09:02:19,0,SF705,XZCE,5088,5068,5098,280,7127200,14066,14076,5376,4864,5120,5100,0,5070,0,0,0,2017-04-18,32539000,5088,2,0,0,0,0,0,0,0,0,5092,1,0,0,0,0,0,0,0,0
109,2017-04-18,09:02:21,0,SF705,XZCE,5088,5068,5098,280,7127200,14066,14076,5376,4864,5120,5100,0,5070,0,0,0,2017-04-18,32541000,5088,2,0,0,0,0,0,0,0,0,5096,10,0,0,0,0,0,0,0,0
110,2017-04-18,09:02:21,0,SF705,XZCE,5088,5068,5098,280,7127200,14066,14076,5376,4864,5120,5100,0,5070,0,0,0,2017-04-18,32541000,5088,3,0,0,0,0,0,0,0,0,5096,10,0,0,0,0,0,0,0,0
111,2017-04-18,09:02:25,0,SF705,XZCE,5088,5068,5098,280,7127200,14066,14076,5376,4864,5120,5100,0,5070,0,0,0,2017-04-18,32545000,5090,2,0,0,0,0,0,0,0,0,5096,10,0,0,0,0,0,0,0,0
112,2017-04-18,09:02:25,0,SF705,XZCE,5088,5068,5098,280,7127200,14066,14076,5376,4864,5120,5100,0,5070,0,0,0,2017-04-18,32545000,5090,2,0,0,0,0,0,0,0,0,5094,1,0,0,0,0,0,0,0,0
113,2017-04-18,09:02:30,0,SF705,XZCE,5094,5068,5098,282,7178140,14064,14076,5376,4864,5120,5100,0,5070,0,0,0,2017-04-18,32550000,5090,2,0,0,0,0,0,0,0,0,5094,1,0,0,0,0,0,0,0,0
114,2017-04-18,09:02:38,0,SF705,XZCE,5094,5068,5098,284,7229080,14062,14076,5376,4864,5120,5100,0,5070,0,0,0,2017-04-18,32558000,5090,2,0,0,0,0,0,0,0,0,5096,9,0,0,0,0,0,0,0,0
115,2017-04-18,09:02:41,0,SF705,XZCE,5096,5068,5098,288,7331000,14058,14076,5376,4864,5120,5100,0,5070,0,0,0,2017-04-18,32561000,5090,2,0,0,0,0,0,0,0,0,5096,7,0,0,0,0,0,0,0,0
116,2017-04-18,09:02:42,0,SF705,XZCE,5096,5068,5098,292,7432920,14054,14076,5376,4864,5120,5100,0,5070,0,0,0,2017-04-18,32562000,5090,2,0,0,0,0,0,0,0,0,5096,5,0,0,0,0,0,0,0,0
117,2017-04-18,09:02:47,0,SF705,XZCE,5096,5068,5098,296,7534840,14050,14076,5376,4864,5120,5100,0,5070,0,0,0,2017-04-18,32567000,5090,2,0,0,0,0,0,0,0,0,5096,3,0,0,0,0,0,0,0,0
118,2017-04-18,09:02:50,0,SF705,XZCE,5096,5068,5098,296,7534840,14050,14076,5376,4864,5120,5100,0,5070,0,0,0,2017-04-18,32570000,5090,5,0,0,0,0,0,0,0,0,5096,3,0,0,0,0,0,0,0,0
119,2017-04-18,09:02:50,0,SF705,XZCE,5096,5068,5098,302,7687720,14044,14076,5376,4864,5120,5100,0,5070,0,0,0,2017-04-18,32570000,5090,5,0,0,0,0,0,0,0,0,5098,10,0,0,0,0,0,0,0,0
120,2017-04-18,09:02:56,0,SF705,XZCE,5096,5068,5098,302,7687720,14044,14076,5376,4864,5120,5100,0,5070,0,0,0,2017-04-18,32576000,5090,5,0,0,0,0,0,0,0,0,5096,5,0,0,0,0,0,0,0,0
121,2017-04-18,09:02:57,0,SF705,XZCE,5096,5068,5098,302,7687720,14044,14076,5376,4864,5120,5100,0,5070,0,0,0,2017-04-18,32577000,5092,4,0,0,0,0,0,0,0,0,5096,5,0,0,0,0,0,0,0,0
122,2017-04-18,09:03:04,0,SF705,XZCE,5096,5068,5098,304,7738680,14042,14076,5376,4864,5120,5100,0,5070,0,0,0,2017-04-18,32584000,5092,4,0,0,0,0,0,0,0,0,5096,4,0,0,0,0,0,0,0,0
123,2017-04-18,09:03:14,0,SF705,XZCE,5096,5068,5098,304,7738680,14042,14076,5376,4864,5120,5100,0,5070,0,0,0,2017-04-18,32594000,5092,6,0,0,0,0,0,0,0,0,5096,4,0,0,0,0,0,0,0,0
124,2017-04-18,09:03:17,0,SF705,XZCE,5096,5068,5098,306,7789640,14040,14076,5376,4864,5120,5100,0,5070,0,0,0,2017-04-18,32597000,5092,6,0,0,0,0,0,0,0,0,5096,3,0,0,0,0,0,0,0,0
125,2017-04-18,09:03:19,0,SF705,XZCE,5096,5068,5098,306,7789640,14040,14076,5376,4864,5120,5100,0,5070,0,0,0,2017-04-18,32599000,5092,6,0,0,0,0,0,0,0,0,5096,4,0,0,0,0,0,0,0,0
126,2017-04-18,09:03:21,0,SF705,XZCE,5092,5068,5098,310,7891480,14040,14076,5376,4864,5120,5100,0,5070,0,0,0,2017-04-18,32601000,5092,4,0,0,0,0,0,0,0,0,5096,4,0,0,0,0,0,0,0,0
127,2017-04-18,09:03:22,0,SF705,XZCE,5096,5068,5098,318,8095320,14034,14076,5376,4864,5120,5100,0,5070,0,0,0,2017-04-18,32602000,5092,4,0,0,0,0,0,0,0,0,5098,10,0,0,0,0,0,0,0,0
128,2017-04-18,09:03:28,0,SF705,XZCE,5096,5068,5098,326,8299160,14026,14076,5376,4864,5120,5100,0,5070,0,0,0,2017-04-18,32608000,5092,4,0,0,0,0,0,0,0,0,5096,2,0,0,0,0,0,0,0,0
129,2017-04-18,09:03:30,0,SF705,XZCE,5096,5068,5098,332,8452040,14028,14076,5376,4864,5120,5100,0,5070,0,0,0,2017-04-18,32610000,5096,2,0,0,0,0,0,0,0,0,5098,10,0,0,0,0,0,0,0,0
130,2017-04-18,09:03:31,0,SF705,XZCE,5096,5068,5098,336,8553960,14030,14076,5376,4864,5120,5100,0,5070,0,0,0,2017-04-18,32611000,5092,4,0,0,0,0,0,0,0,0,5096,1,0,0,0,0,0,0,0,0
131,2017-04-18,09:03:33,0,SF705,XZCE,5096,5068,5098,338,8604920,14028,14076,5376,4864,5120,5100,0,5070,0,0,0,2017-04-18,32613000,5096,3,0,0,0,0,0,0,0,0,5098,10,0,0,0,0,0,0,0,0
132,2017-04-18,09:03:34,0,SF705,XZCE,5096,5068,5098,340,8655880,14028,14076,5376,4864,5120,5100,0,5070,0,0,0,2017-04-18,32614000,5096,2,0,0,0,0,0,0,0,0,5098,10,0,0,0,0,0,0,0,0
133,2017-04-18,09:03:35,0,SF705,XZCE,5096,5068,5098,344,8757800,14028,14076,5376,4864,5120,5100,0,5070,0,0,0,2017-04-18,32615000,5092,4,0,0,0,0,0,0,0,0,5098,10,0,0,0,0,0,0,0,0
134,2017-04-18,09:03:40,0,SF705,XZCE,5096,5068,5098,348,8859720,14030,14076,5376,4864,5120,5100,0,5070,0,0,0,2017-04-18,32620000,5092,4,0,0,0,0,0,0,0,0,5098,10,0,0,0,0,0,0,0,0
135,2017-04-18,09:03:44,0,SF705,XZCE,5096,5068,5098,348,8859720,14030,14076,5376,4864,5120,5100,0,5070,0,0,0,2017-04-18,32624000,5092,4,0,0,0,0,0,0,0,0,5096,1,0,0,0,0,0,0,0,0
136,2017-04-18,09:03:49,0,SF705,XZCE,5092,5068,5098,350,8910640,14030,14076,5376,4864,5120,5100,0,5070,0,0,0,2017-04-18,32629000,5092,3,0,0,0,0,0,0,0,0,5096,1,0,0,0,0,0,0,0,0
137,2017-04-18,09:03:57,0,SF705,XZCE,5094,5068,5098,354,9012520,14032,14076,5376,4864,5120,5100,0,5070,0,0,0,2017-04-18,32637000,5092,3,0,0,0,0,0,0,0,0,5094,3,0,0,0,0,0,0,0,0
138,2017-04-18,09:04:04,0,SF705,XZCE,5090,5068,5098,362,9216120,14036,14076,5376,4864,5120,5100,0,5070,0,0,0,2017-04-18,32644000,5090,5,0,0,0,0,0,0,0,0,5094,3,0,0,0,0,0,0,0,0
139,2017-04-18,09:04:07,0,SF705,XZCE,5090,5068,5098,362,9216120,14036,14076,5376,4864,5120,5100,0,5070,0,0,0,2017-04-18,32647000,5090,6,0,0,0,0,0,0,0,0,5094,3,0,0,0,0,0,0,0,0
140,2017-04-18,09:04:11,0,SF705,XZCE,5090,5068,5098,364,9267020,14036,14076,5376,4864,5120,5100,0,5070,0,0,0,2017-04-18,32651000,5090,5,0,0,0,0,0,0,0,0,5092,1,0,0,0,0,0,0,0,0
141,2017-04-18,09:04:13,0,SF705,XZCE,5090,5068,5098,374,9521520,14036,14076,5376,4864,5120,5100,0,5070,0,0,0,2017-04-18,32653000,5088,1,0,0,0,0,0,0,0,0,5092,1,0,0,0,0,0,0,0,0
142,2017-04-18,09:04:15,0,SF705,XZCE,5094,5068,5098,382,9725280,14034,14076,5376,4864,5120,5100,0,5070,0,0,0,2017-04-18,32655000,5088,1,0,0,0,0,0,0,0,0,5094,21,0,0,0,0,0,0,0,0
143,2017-04-18,09:04:17,0,SF705,XZCE,5094,5068,5098,390,9929040,14026,14076,5376,4864,5120,5100,0,5070,0,0,0,2017-04-18,32657000,5088,1,0,0,0,0,0,0,0,0,5094,17,0,0,0,0,0,0,0,0
144,2017-04-18,09:04:18,0,SF705,XZCE,5094,5068,5098,398,10132800,14018,14076,5376,4864,5120,5100,0,5070,0,0,0,2017-04-18,32658000,5088,1,0,0,0,0,0,0,0,0,5094,14,0,0,0,0,0,0,0,0
145,2017-04-18,09:04:19,0,SF705,XZCE,5088,5068,5098,400,10183680,14016,14076,5376,4864,5120,5100,0,5070,0,0,0,2017-04-18,32659000,5086,7,0,0,0,0,0,0,0,0,5088,2,0,0,0,0,0,0,0,0
146,2017-04-18,09:04:22,0,SF705,XZCE,5088,5068,5098,404,10285440,14012,14076,5376,4864,5120,5100,0,5070,0,0,0,2017-04-18,32662000,5088,3,0,0,0,0,0,0,0,0,5094,14,0,0,0,0,0,0,0,0
147,2017-04-18,09:04:23,0,SF705,XZCE,5092,5068,5098,406,10336360,14012,14076,5376,4864,5120,5100,0,5070,0,0,0,2017-04-18,32663000,5092,3,0,0,0,0,0,0,0,0,5094,14,0,0,0,0,0,0,0,0
148,2017-04-18,09:04:25,0,SF705,XZCE,5092,5068,5098,412,10489120,14012,14076,5376,4864,5120,5100,0,5070,0,0,0,2017-04-18,32665000,5088,3,0,0,0,0,0,0,0,0,5092,4,0,0,0,0,0,0,0,0
149,2017-04-18,09:04:25,0,SF705,XZCE,5092,5068,5098,412,10489120,14012,14076,5376,4864,5120,5100,0,5070,0,0,0,2017-04-18,32665000,5088,3,0,0,0,0,0,0,0,0,5092,5,0,0,0,0,0,0,0,0
150,2017-04-18,09:04:26,0,SF705,XZCE,5092,5068,5098,412,10489120,14012,14076,5376,4864,5120,5100,0,5070,0,0,0,2017-04-18,32666000,5090,4,0,0,0,0,0,0,0,0,5092,5,0,0,0,0,0,0,0,0
151,2017-04-18,09:04:26,0,SF705,XZCE,5092,5068,5098,412,10489120,14012,14076,5376,4864,5120,5100,0,5070,0,0,0,2017-04-18,32666000,5090,4,0,0,0,0,0,0,0,0,5092,7,0,0,0,0,0,0,0,0
152,2017-04-18,09:04:30,0,SF705,XZCE,5090,5068,5098,414,10540020,14010,14076,5376,4864,5120,5100,0,5070,0,0,0,2017-04-18,32670000,5090,3,0,0,0,0,0,0,0,0,5092,7,0,0,0,0,0,0,0,0
153,2017-04-18,09:04:33,0,SF705,XZCE,5090,5068,5098,414,10540020,14010,14076,5376,4864,5120,5100,0,5070,0,0,0,2017-04-18,32673000,5090,3,0,0,0,0,0,0,0,0,5092,6,0,0,0,0,0,0,0,0
154,2017-04-18,09:04:33,0,SF705,XZCE,5090,5068,5098,418,10641820,14008,14076,5376,4864,5120,5100,0,5070,0,0,0,2017-04-18,32673000,5090,1,0,0,0,0,0,0,0,0,5092,6,0,0,0,0,0,0,0,0
155,2017-04-18,09:04:35,0,SF705,XZCE,5090,5068,5098,420,10692720,14008,14076,5376,4864,5120,5100,0,5070,0,0,0,2017-04-18,32675000,5088,10,0,0,0,0,0,0,0,0,5092,6,0,0,0,0,0,0,0,0
156,2017-04-18,09:04:35,0,SF705,XZCE,5090,5068,5098,420,10692720,14008,14076,5376,4864,5120,5100,0,5070,0,0,0,2017-04-18,32675000,5088,10,0,0,0,0,0,0,0,0,5090,1,0,0,0,0,0,0,0,0
157,2017-04-18,09:04:36,0,SF705,XZCE,5090,5068,5098,420,10692720,14008,14076,5376,4864,5120,5100,0,5070,0,0,0,2017-04-18,32676000,5088,10,0,0,0,0,0,0,0,0,5090,2,0,0,0,0,0,0,0,0
158,2017-04-18,09:04:38,0,SF705,XZCE,5092,5068,5098,432,10998240,14008,14076,5376,4864,5120,5100,0,5070,0,0,0,2017-04-18,32678000,5088,10,0,0,0,0,0,0,0,0,5092,2,0,0,0,0,0,0,0,0
159,2017-04-18,09:04:38,0,SF705,XZCE,5092,5068,5098,432,10998240,14008,14076,5376,4864,5120,5100,0,5070,0,0,0,2017-04-18,32678000,5088,10,0,0,0,0,0,0,0,0,5092,3,0,0,0,0,0,0,0,0
160,2017-04-18,09:04:40,0,SF705,XZCE,5092,5068,5098,432,10998240,14008,14076,5376,4864,5120,5100,0,5070,0,0,0,2017-04-18,32680000,5088,10,0,0,0,0,0,0,0,0,5092,23,0,0,0,0,0,0,0,0
161,2017-04-18,09:04:42,0,SF705,XZCE,5092,5068,5098,432,10998240,14008,14076,5376,4864,5120,5100,0,5070,0,0,0,2017-04-18,32682000,5088,10,0,0,0,0,0,0,0,0,5092,24,0,0,0,0,0,0,0,0
162,2017-04-18,09:04:43,0,SF705,XZCE,5092,5068,5098,432,10998240,14008,14076,5376,4864,5120,5100,0,5070,0,0,0,2017-04-18,32683000,5090,2,0,0,0,0,0,0,0,0,5092,24,0,0,0,0,0,0,0,0
163,2017-04-18,09:04:44,0,SF705,XZCE,5090,5068,5098,436,11100040,14008,14076,5376,4864,5120,5100,0,5070,0,0,0,2017-04-18,32684000,5090,1,0,0,0,0,0,0,0,0,5092,24,0,0,0,0,0,0,0,0
164,2017-04-18,09:04:45,0,SF705,XZCE,5092,5068,5098,444,11303720,14004,14076,5376,4864,5120,5100,0,5070,0,0,0,2017-04-18,32685000,5090,1,0,0,0,0,0,0,0,0,5092,20,0,0,0,0,0,0,0,0
165,2017-04-18,09:04:46,0,SF705,XZCE,5090,5068,5098,446,11354620,14006,14076,5376,4864,5120,5100,0,5070,0,0,0,2017-04-18,32686000,5088,10,0,0,0,0,0,0,0,0,5092,19,0,0,0,0,0,0,0,0
166,2017-04-18,09:04:47,0,SF705,XZCE,5092,5068,5098,454,11558300,13998,14076,5376,4864,5120,5100,0,5070,0,0,0,2017-04-18,32687000,5088,10,0,0,0,0,0,0,0,0,5092,15,0,0,0,0,0,0,0,0
167,2017-04-18,09:04:48,0,SF705,XZCE,5088,5068,5098,464,11812700,13990,14076,5376,4864,5120,5100,0,5070,0,0,0,2017-04-18,32688000,5088,9,0,0,0,0,0,0,0,0,5092,11,0,0,0,0,0,0,0,0
168,2017-04-18,09:04:48,0,SF705,XZCE,5088,5068,5098,466,11863580,13990,14076,5376,4864,5120,5100,0,5070,0,0,0,2017-04-18,32688000,5088,8,0,0,0,0,0,0,0,0,5092,11,0,0,0,0,0,0,0,0
169,2017-04-18,09:04:51,0,SF705,XZCE,5092,5068,5098,472,12016340,13984,14076,5376,4864,5120,5100,0,5070,0,0,0,2017-04-18,32691000,5088,8,0,0,0,0,0,0,0,0,5092,8,0,0,0,0,0,0,0,0
170,2017-04-18,09:04:52,0,SF705,XZCE,5092,5068,5098,478,12169100,13978,14076,5376,4864,5120,5100,0,5070,0,0,0,2017-04-18,32692000,5088,8,0,0,0,0,0,0,0,0,5092,5,0,0,0,0,0,0,0,0
171,2017-04-18,09:04:53,0,SF705,XZCE,5092,5068,5098,484,12321860,13972,14076,5376,4864,5120,5100,0,5070,0,0,0,2017-04-18,32693000,5088,8,0,0,0,0,0,0,0,0,5092,2,0,0,0,0,0,0,0,0
172,2017-04-18,09:04:56,0,SF705,XZCE,5092,5068,5098,488,12423700,13968,14076,5376,4864,5120,5100,0,5070,0,0,0,2017-04-18,32696000,5092,1,0,0,0,0,0,0,0,0,5094,12,0,0,0,0,0,0,0,0
173,2017-04-18,09:04:56,0,SF705,XZCE,5086,5068,5098,508,12932300,13968,14076,5376,4864,5120,5100,0,5070,0,0,0,2017-04-18,32696000,5086,10,0,0,0,0,0,0,0,0,5094,12,0,0,0,0,0,0,0,0
174,2017-04-18,09:04:59,0,SF705,XZCE,5086,5068,5098,508,12932300,13968,14076,5376,4864,5120,5100,0,5070,0,0,0,2017-04-18,32699000,5088,1,0,0,0,0,0,0,0,0,5094,12,0,0,0,0,0,0,0,0
175,2017-04-18,09:05:01,0,SF705,XZCE,5086,5068,5098,508,12932300,13968,14076,5376,4864,5120,5100,0,5070,0,0,0,2017-04-18,32701000,5090,3,0,0,0,0,0,0,0,0,5094,12,0,0,0,0,0,0,0,0
176,2017-04-18,09:05:01,0,SF705,XZCE,5086,5068,5098,508,12932300,13968,14076,5376,4864,5120,5100,0,5070,0,0,0,2017-04-18,32701000,5090,3,0,0,0,0,0,0,0,0,5092,8,0,0,0,0,0,0,0,0
177,2017-04-18,09:05:05,0,SF705,XZCE,5086,5068,5098,508,12932300,13968,14076,5376,4864,5120,5100,0,5070,0,0,0,2017-04-18,32705000,5090,7,0,0,0,0,0,0,0,0,5092,8,0,0,0,0,0,0,0,0
178,2017-04-18,09:05:06,0,SF705,XZCE,5090,5068,5098,522,13288600,13954,14076,5376,4864,5120,5100,0,5070,0,0,0,2017-04-18,32706000,5088,2,0,0,0,0,0,0,0,0,5090,3,0,0,0,0,0,0,0,0
179,2017-04-18,09:05:08,0,SF705,XZCE,5092,5068,5098,530,13492280,13948,14076,5376,4864,5120,5100,0,5070,0,0,0,2017-04-18,32708000,5088,2,0,0,0,0,0,0,0,0,5092,7,0,0,0,0,0,0,0,0
180,2017-04-18,09:05:09,0,SF705,XZCE,5092,5068,5098,538,13695960,13948,14076,5376,4864,5120,5100,0,5070,0,0,0,2017-04-18,32709000,5088,3,0,0,0,0,0,0,0,0,5092,3,0,0,0,0,0,0,0,0
181,2017-04-18,09:05:10,0,SF705,XZCE,5092,5068,5098,538,13695960,13948,14076,5376,4864,5120,5100,0,5070,0,0,0,2017-04-18,32710000,5088,1,0,0,0,0,0,0,0,0,5092,3,0,0,0,0,0,0,0,0
182,2017-04-18,09:05:12,0,SF705,XZCE,5092,5068,5098,538,13695960,13948,14076,5376,4864,5120,5100,0,5070,0,0,0,2017-04-18,32712000,5088,1,0,0,0,0,0,0,0,0,5090,1,0,0,0,0,0,0,0,0
183,2017-04-18,09:05:13,0,SF705,XZCE,5092,5068,5098,546,13899640,13948,14076,5376,4864,5120,5100,0,5070,0,0,0,2017-04-18,32713000,5088,2,0,0,0,0,0,0,0,0,5094,12,0,0,0,0,0,0,0,0
184,2017-04-18,09:05:14,0,SF705,XZCE,5092,5068,5098,546,13899640,13948,14076,5376,4864,5120,5100,0,5070,0,0,0,2017-04-18,32714000,5092,5,0,0,0,0,0,0,0,0,5094,12,0,0,0,0,0,0,0,0
185,2017-04-18,09:05:14,0,SF705,XZCE,5092,5068,5098,548,13950560,13946,14076,5376,4864,5120,5100,0,5070,0,0,0,2017-04-18,32714000,5092,4,0,0,0,0,0,0,0,0,5094,12,0,0,0,0,0,0,0,0
186,2017-04-18,09:05:15,0,SF705,XZCE,5088,5068,5098,558,14204960,13946,14076,5376,4864,5120,5100,0,5070,0,0,0,2017-04-18,32715000,5086,11,0,0,0,0,0,0,0,0,5088,25,0,0,0,0,0,0,0,0
187,2017-04-18,09:05:15,0,SF705,XZCE,5088,5068,5098,560,14255840,13948,14076,5376,4864,5120,5100,0,5070,0,0,0,2017-04-18,32715000,5086,11,0,0,0,0,0,0,0,0,5088,24,0,0,0,0,0,0,0,0
188,2017-04-18,09:05:20,0,SF705,XZCE,5088,5068,5098,578,14713760,13948,14076,5376,4864,5120,5100,0,5070,0,0,0,2017-04-18,32720000,5086,11,0,0,0,0,0,0,0,0,5088,15,0,0,0,0,0,0,0,0
189,2017-04-18,09:05:21,0,SF705,XZCE,5088,5068,5098,586,14917280,13948,14076,5376,4864,5120,5100,0,5070,0,0,0,2017-04-18,32721000,5086,11,0,0,0,0,0,0,0,0,5088,11,0,0,0,0,0,0,0,0
190,2017-04-18,09:05:22,0,SF705,XZCE,5088,5068,5098,596,15171680,13948,14076,5376,4864,5120,5100,0,5070,0,0,0,2017-04-18,32722000,5086,11,0,0,0,0,0,0,0,0,5088,6,0,0,0,0,0,0,0,0
191,2017-04-18,09:05:23,0,SF705,XZCE,5088,5068,5098,608,15476960,13948,14076,5376,4864,5120,5100,0,5070,0,0,0,2017-04-18,32723000,5088,5,0,0,0,0,0,0,0,0,5094,12,0,0,0,0,0,0,0,0
192,2017-04-18,09:05:23,0,SF705,XZCE,5088,5068,5098,614,15629600,13944,14076,5376,4864,5120,5100,0,5070,0,0,0,2017-04-18,32723000,5088,4,0,0,0,0,0,0,0,0,5094,10,0,0,0,0,0,0,0,0
193,2017-04-18,09:05:24,0,SF705,XZCE,5088,5068,5098,614,15629600,13944,14076,5376,4864,5120,5100,0,5070,0,0,0,2017-04-18,32724000,5092,12,0,0,0,0,0,0,0,0,5094,10,0,0,0,0,0,0,0,0
194,2017-04-18,09:05:24,0,SF705,XZCE,5090,5068,5098,618,15731400,13944,14076,5376,4864,5120,5100,0,5070,0,0,0,2017-04-18,32724000,5092,10,0,0,0,0,0,0,0,0,5094,10,0,0,0,0,0,0,0,0
195,2017-04-18,09:05:29,0,SF705,XZCE,5092,5068,5098,630,16036920,13944,14076,5376,4864,5120,5100,0,5070,0,0,0,2017-04-18,32729000,5092,4,0,0,0,0,0,0,0,0,5094,10,0,0,0,0,0,0,0,0
196,2017-04-18,09:05:30,0,SF705,XZCE,5092,5068,5098,632,16087840,13944,14076,5376,4864,5120,5100,0,5070,0,0,0,2017-04-18,32730000,5092,3,0,0,0,0,0,0,0,0,5094,10,0,0,0,0,0,0,0,0
197,2017-04-18,09:05:33,0,SF705,XZCE,5094,5068,5098,642,16342540,13934,14076,5376,4864,5120,5100,0,5070,0,0,0,2017-04-18,32733000,5092,3,0,0,0,0,0,0,0,0,5094,5,0,0,0,0,0,0,0,0
198,2017-04-18,09:05:33,0,SF705,XZCE,5094,5068,5098,652,16597240,13924,14076,5376,4864,5120,5100,0,5070,0,0,0,2017-04-18,32733000,5092,3,0,0,0,0,0,0,0,0,5096,21,0,0,0,0,0,0,0,0
199,2017-04-18,09:05:34,0,SF705,XZCE,5092,5068,5098,654,16648160,13924,14076,5376,4864,5120,5100,0,5070,0,0,0,2017-04-18,32734000,5092,2,0,0,0,0,0,0,0,0,5096,21,0,0,0,0,0,0,0,0
200,2017-04-18,09:05:36,0,SF705,XZCE,5092,5068,5098,656,16699080,13924,14076,5376,4864,5120,5100,0,5070,0,0,0,2017-04-18,32736000,5092,1,0,0,0,0,0,0,0,0,5096,21,0,0,0,0,0,0,0,0
201,2017-04-18,09:05:37,0,SF705,XZCE,5092,5068,5098,656,16699080,13924,14076,5376,4864,5120,5100,0,5070,0,0,0,2017-04-18,32737000,5092,1,0,0,0,0,0,0,0,0,5094,1,0,0,0,0,0,0,0,0
202,2017-04-18,09:05:50,0,SF705,XZCE,5092,5068,5098,658,16750000,13922,14076,5376,4864,5120,5100,0,5070,0,0,0,2017-04-18,32750000,5090,3,0,0,0,0,0,0,0,0,5094,1,0,0,0,0,0,0,0,0
203,2017-04-18,09:05:54,0,SF705,XZCE,5094,5068,5098,660,16800940,13924,14076,5376,4864,5120,5100,0,5070,0,0,0,2017-04-18,32754000,5090,3,0,0,0,0,0,0,0,0,5096,21,0,0,0,0,0,0,0,0
204,2017-04-18,09:05:54,0,SF705,XZCE,5094,5068,5098,660,16800940,13924,14076,5376,4864,5120,5100,0,5070,0,0,0,2017-04-18,32754000,5090,4,0,0,0,0,0,0,0,0,5096,21,0,0,0,0,0,0,0,0
205,2017-04-18,09:05:56,0,SF705,XZCE,5094,5068,5098,660,16800940,13924,14076,5376,4864,5120,5100,0,5070,0,0,0,2017-04-18,32756000,5090,7,0,0,0,0,0,0,0,0,5096,21,0,0,0,0,0,0,0,0
206,2017-04-18,09:06:04,0,SF705,XZCE,5094,5068,5098,660,16800940,13924,14076,5376,4864,5120,5100,0,5070,0,0,0,2017-04-18,32764000,5092,1,0,0,0,0,0,0,0,0,5096,21,0,0,0,0,0,0,0,0
207,2017-04-18,09:06:10,0,SF705,XZCE,5094,5068,5098,660,16800940,13924,14076,5376,4864,5120,5100,0,5070,0,0,0,2017-04-18,32770000,5092,6,0,0,0,0,0,0,0,0,5096,21,0,0,0,0,0,0,0,0
208,2017-04-18,09:06:11,0,SF705,XZCE,5094,5068,5098,660,16800940,13924,14076,5376,4864,5120,5100,0,5070,0,0,0,2017-04-18,32771000,5092,7,0,0,0,0,0,0,0,0,5096,21,0,0,0,0,0,0,0,0
209,2017-04-18,09:06:16,0,SF705,XZCE,5094,5068,5098,660,16800940,13924,14076,5376,4864,5120,5100,0,5070,0,0,0,2017-04-18,32776000,5094,1,0,0,0,0,0,0,0,0,5096,21,0,0,0,0,0,0,0,0
210,2017-04-18,09:06:16,0,SF705,XZCE,5096,5068,5098,662,16851900,13922,14076,5376,4864,5120,5100,0,5070,0,0,0,2017-04-18,32776000,5092,6,0,0,0,0,0,0,0,0,5096,20,0,0,0,0,0,0,0,0
211,2017-04-18,09:06:19,0,SF705,XZCE,5096,5068,5098,662,16851900,13922,14076,5376,4864,5120,5100,0,5070,0,0,0,2017-04-18,32779000,5094,5,0,0,0,0,0,0,0,0,5096,21,0,0,0,0,0,0,0,0
212,2017-04-18,09:06:20,0,SF705,XZCE,5096,5068,5098,668,17004780,13916,14076,5376,4864,5120,5100,0,5070,0,0,0,2017-04-18,32780000,5094,6,0,0,0,0,0,0,0,0,5096,18,0,0,0,0,0,0,0,0
213,2017-04-18,09:06:24,0,SF705,XZCE,5096,5068,5098,668,17004780,13916,14076,5376,4864,5120,5100,0,5070,0,0,0,2017-04-18,32784000,5094,1,0,0,0,0,0,0,0,0,5096,18,0,0,0,0,0,0,0,0
214,2017-04-18,09:06:25,0,SF705,XZCE,5096,5068,5098,698,17769180,13886,14076,5376,4864,5120,5100,0,5070,0,0,0,2017-04-18,32785000,5094,1,0,0,0,0,0,0,0,0,5096,3,0,0,0,0,0,0,0,0
215,2017-04-18,09:06:26,0,SF705,XZCE,5096,5068,5098,700,17820140,13884,14076,5376,4864,5120,5100,0,5070,0,0,0,2017-04-18,32786000,5094,1,0,0,0,0,0,0,0,0,5096,2,0,0,0,0,0,0,0,0
216,2017-04-18,09:06:31,0,SF705,XZCE,5096,5068,5098,700,17820140,13884,14076,5376,4864,5120,5100,0,5070,0,0,0,2017-04-18,32791000,5094,1,0,0,0,0,0,0,0,0,5096,12,0,0,0,0,0,0,0,0
217,2017-04-18,09:06:47,0,SF705,XZCE,5096,5068,5098,710,18074940,13874,14076,5376,4864,5120,5100,0,5070,0,0,0,2017-04-18,32807000,5094,1,0,0,0,0,0,0,0,0,5096,7,0,0,0,0,0,0,0,0
218,2017-04-18,09:06:48,0,SF705,XZCE,5096,5068,5098,724,18431660,13870,14076,5376,4864,5120,5100,0,5070,0,0,0,2017-04-18,32808000,5094,1,0,0,0,0,0,0,0,0,5098,16,0,0,0,0,0,0,0,0
219,2017-04-18,09:06:49,0,SF705,XZCE,5098,5068,5098,726,18482640,13870,14076,5376,4864,5120,5100,0,5070,0,0,0,2017-04-18,32809000,5094,1,0,0,0,0,0,0,0,0,5098,15,0,0,0,0,0,0,0,0
220,2017-04-18,09:06:52,0,SF705,XZCE,5098,5068,5098,728,18533620,13868,14076,5376,4864,5120,5100,0,5070,0,0,0,2017-04-18,32812000,5094,1,0,0,0,0,0,0,0,0,5098,14,0,0,0,0,0,0,0,0
221,2017-04-18,09:06:54,0,SF705,XZCE,5098,5068,5098,728,18533620,13868,14076,5376,4864,5120,5100,0,5070,0,0,0,2017-04-18,32814000,5094,2,0,0,0,0,0,0,0,0,5098,14,0,0,0,0,0,0,0,0
222,2017-04-18,09:07:06,0,SF705,XZCE,5098,5068,5098,730,18584600,13866,14076,5376,4864,5120,5100,0,5070,0,0,0,2017-04-18,32826000,5094,2,0,0,0,0,0,0,0,0,5098,13,0,0,0,0,0,0,0,0
223,2017-04-18,09:07:08,0,SF705,XZCE,5094,5068,5098,732,18635540,13866,14076,5376,4864,5120,5100,0,5070,0,0,0,2017-04-18,32828000,5094,1,0,0,0,0,0,0,0,0,5096,1,0,0,0,0,0,0,0,0
224,2017-04-18,09:07:09,0,SF705,XZCE,5094,5068,5098,732,18635540,13866,14076,5376,4864,5120,5100,0,5070,0,0,0,2017-04-18,32829000,5094,1,0,0,0,0,0,0,0,0,5096,2,0,0,0,0,0,0,0,0
225,2017-04-18,09:07:10,0,SF705,XZCE,5096,5068,5098,734,18686500,13864,14076,5376,4864,5120,5100,0,5070,0,0,0,2017-04-18,32830000,5094,1,0,0,0,0,0,0,0,0,5096,1,0,0,0,0,0,0,0,0
226,2017-04-18,09:07:11,0,SF705,XZCE,5098,5068,5098,738,18788460,13860,14076,5376,4864,5120,5100,0,5070,0,0,0,2017-04-18,32831000,5094,1,0,0,0,0,0,0,0,0,5096,1,0,0,0,0,0,0,0,0
227,2017-04-18,09:07:12,0,SF705,XZCE,5098,5068,5098,748,19043360,13852,14076,5376,4864,5120,5100,0,5070,0,0,0,2017-04-18,32832000,5094,1,0,0,0,0,0,0,0,0,5098,9,0,0,0,0,0,0,0,0
228,2017-04-18,09:07:14,0,SF705,XZCE,5098,5068,5098,748,19043360,13852,14076,5376,4864,5120,5100,0,5070,0,0,0,2017-04-18,32834000,5096,5,0,0,0,0,0,0,0,0,5098,9,0,0,0,0,0,0,0,0
229,2017-04-18,09:07:17,0,SF705,XZCE,5096,5068,5098,750,19094320,13854,14076,5376,4864,5120,5100,0,5070,0,0,0,2017-04-18,32837000,5096,4,0,0,0,0,0,0,0,0,5098,9,0,0,0,0,0,0,0,0
230,2017-04-18,09:07:18,0,SF705,XZCE,5096,5068,5098,758,19298160,13862,14076,5376,4864,5120,5100,0,5070,0,0,0,2017-04-18,32838000,5094,1,0,0,0,0,0,0,0,0,5096,5,0,0,0,0,0,0,0,0
231,2017-04-18,09:07:20,0,SF705,XZCE,5096,5068,5098,758,19298160,13862,14076,5376,4864,5120,5100,0,5070,0,0,0,2017-04-18,32840000,5094,1,0,0,0,0,0,0,0,0,5096,7,0,0,0,0,0,0,0,0
232,2017-04-18,09:07:23,0,SF705,XZCE,5094,5068,5098,760,19349100,13862,14076,5376,4864,5120,5100,0,5070,0,0,0,2017-04-18,32843000,5092,5,0,0,0,0,0,0,0,0,5094,1,0,0,0,0,0,0,0,0
233,2017-04-18,09:07:24,0,SF705,XZCE,5094,5068,5098,762,19400040,13862,14076,5376,4864,5120,5100,0,5070,0,0,0,2017-04-18,32844000,5092,5,0,0,0,0,0,0,0,0,5096,3,0,0,0,0,0,0,0,0
234,2017-04-18,09:07:25,0,SF705,XZCE,5092,5068,5098,772,19654640,13862,14076,5376,4864,5120,5100,0,5070,0,0,0,2017-04-18,32845000,5090,4,0,0,0,0,0,0,0,0,5094,2,0,0,0,0,0,0,0,0
235,2017-04-18,09:07:28,0,SF705,XZCE,5096,5068,5098,778,19807520,13858,14076,5376,4864,5120,5100,0,5070,0,0,0,2017-04-18,32848000,5090,4,0,0,0,0,0,0,0,0,5096,2,0,0,0,0,0,0,0,0
236,2017-04-18,09:07:28,0,SF705,XZCE,5096,5068,5098,778,19807520,13858,14076,5376,4864,5120,5100,0,5070,0,0,0,2017-04-18,32848000,5090,4,0,0,0,0,0,0,0,0,5096,1,0,0,0,0,0,0,0,0
237,2017-04-18,09:07:29,0,SF705,XZCE,5096,5068,5098,778,19807520,13858,14076,5376,4864,5120,5100,0,5070,0,0,0,2017-04-18,32849000,5090,3,0,0,0,0,0,0,0,0,5096,1,0,0,0,0,0,0,0,0
238,2017-04-18,09:07:30,0,SF705,XZCE,5096,5068,5098,780,19858480,13858,14076,5376,4864,5120,5100,0,5070,0,0,0,2017-04-18,32850000,5090,2,0,0,0,0,0,0,0,0,5098,9,0,0,0,0,0,0,0,0
239,2017-04-18,09:07:31,0,SF705,XZCE,5096,5068,5098,780,19858480,13858,14076,5376,4864,5120,5100,0,5070,0,0,0,2017-04-18,32851000,5090,3,0,0,0,0,0,0,0,0,5098,9,0,0,0,0,0,0,0,0
240,2017-04-18,09:07:31,0,SF705,XZCE,5096,5068,5098,780,19858480,13858,14076,5376,4864,5120,5100,0,5070,0,0,0,2017-04-18,32851000,5090,3,0,0,0,0,0,0,0,0,5096,5,0,0,0,0,0,0,0,0
241,2017-04-18,09:07:32,0,SF705,XZCE,5096,5068,5098,780,19858480,13858,14076,5376,4864,5120,5100,0,5070,0,0,0,2017-04-18,32852000,5090,3,0,0,0,0,0,0,0,0,5096,6,0,0,0,0,0,0,0,0
242,2017-04-18,09:07:34,0,SF705,XZCE,5098,5068,5098,796,20266320,13844,14076,5376,4864,5120,5100,0,5070,0,0,0,2017-04-18,32854000,5090,3,0,0,0,0,0,0,0,0,5096,1,0,0,0,0,0,0,0,0
243,2017-04-18,09:07:35,0,SF705,XZCE,5098,5068,5098,796,20266320,13844,14076,5376,4864,5120,5100,0,5070,0,0,0,2017-04-18,32855000,5090,3,0,0,0,0,0,0,0,0,5096,2,0,0,0,0,0,0,0,0
244,2017-04-18,09:07:38,0,SF705,XZCE,5098,5068,5098,796,20266320,13844,14076,5376,4864,5120,5100,0,5070,0,0,0,2017-04-18,32858000,5090,3,0,0,0,0,0,0,0,0,5096,1,0,0,0,0,0,0,0,0
245,2017-04-18,09:07:40,0,SF705,XZCE,5098,5068,5098,802,20419260,13840,14076,5376,4864,5120,5100,0,5070,0,0,0,2017-04-18,32860000,5090,3,0,0,0,0,0,0,0,0,5096,1,0,0,0,0,0,0,0,0
246,2017-04-18,09:07:43,0,SF705,XZCE,5098,5068,5098,802,20419260,13840,14076,5376,4864,5120,5100,0,5070,0,0,0,2017-04-18,32863000,5090,3,0,0,0,0,0,0,0,0,5094,1,0,0,0,0,0,0,0,0
247,2017-04-18,09:07:43,0,SF705,XZCE,5098,5068,5098,802,20419260,13840,14076,5376,4864,5120,5100,0,5070,0,0,0,2017-04-18,32863000,5090,3,0,0,0,0,0,0,0,0,5094,2,0,0,0,0,0,0,0,0
248,2017-04-18,09:07:44,0,SF705,XZCE,5098,5068,5098,802,20419260,13840,14076,5376,4864,5120,5100,0,5070,0,0,0,2017-04-18,32864000,5090,3,0,0,0,0,0,0,0,0,5094,3,0,0,0,0,0,0,0,0
249,2017-04-18,09:07:44,0,SF705,XZCE,5098,5068,5098,808,20572200,13838,14076,5376,4864,5120,5100,0,5070,0,0,0,2017-04-18,32864000,5090,3,0,0,0,0,0,0,0,0,5096,1,0,0,0,0,0,0,0,0
250,2017-04-18,09:07:46,0,SF705,XZCE,5098,5068,5098,814,20725140,13832,14076,5376,4864,5120,5100,0,5070,0,0,0,2017-04-18,32866000,5090,4,0,0,0,0,0,0,0,0,5098,18,0,0,0,0,0,0,0,0
251,2017-04-18,09:07:47,0,SF705,XZCE,5098,5068,5098,814,20725140,13832,14076,5376,4864,5120,5100,0,5070,0,0,0,2017-04-18,32867000,5090,4,0,0,0,0,0,0,0,0,5096,5,0,0,0,0,0,0,0,0
252,2017-04-18,09:07:50,0,SF705,XZCE,5098,5068,5098,814,20725140,13832,14076,5376,4864,5120,5100,0,5070,0,0,0,2017-04-18,32870000,5090,2,0,0,0,0,0,0,0,0,5096,5,0,0,0,0,0,0,0,0
253,2017-04-18,09:07:52,0,SF705,XZCE,5100,5068,5100,914,23275140,13778,14076,5376,4864,5120,5100,0,5070,0,0,0,2017-04-18,32872000,5090,8,0,0,0,0,0,0,0,0,5098,5,0,0,0,0,0,0,0,0
254,2017-04-18,09:07:52,0,SF705,XZCE,5100,5068,5100,916,23326140,13776,14076,5376,4864,5120,5100,0,5070,0,0,0,2017-04-18,32872000,5090,8,0,0,0,0,0,0,0,0,5100,5,0,0,0,0,0,0,0,0
255,2017-04-18,09:07:54,0,SF705,XZCE,5090,5068,5100,918,23377040,13778,14076,5376,4864,5120,5100,0,5070,0,0,0,2017-04-18,32874000,5090,6,0,0,0,0,0,0,0,0,5100,5,0,0,0,0,0,0,0,0
256,2017-04-18,09:07:55,0,SF705,XZCE,5090,5068,5100,918,23377040,13778,14076,5376,4864,5120,5100,0,5070,0,0,0,2017-04-18,32875000,5090,6,0,0,0,0,0,0,0,0,5100,6,0,0,0,0,0,0,0,0
257,2017-04-18,09:07:57,0,SF705,XZCE,5090,5068,5100,918,23377040,13778,14076,5376,4864,5120,5100,0,5070,0,0,0,2017-04-18,32877000,5092,2,0,0,0,0,0,0,0,0,5100,6,0,0,0,0,0,0,0,0
258,2017-04-18,09:07:58,0,SF705,XZCE,5090,5068,5100,918,23377040,13778,14076,5376,4864,5120,5100,0,5070,0,0,0,2017-04-18,32878000,5092,1,0,0,0,0,0,0,0,0,5100,5,0,0,0,0,0,0,0,0
259,2017-04-18,09:08:00,0,SF705,XZCE,5092,5068,5100,922,23478880,13776,14076,5376,4864,5120,5100,0,5070,0,0,0,2017-04-18,32880000,5090,8,0,0,0,0,0,0,0,0,5100,5,0,0,0,0,0,0,0,0
260,2017-04-18,09:08:02,0,SF705,XZCE,5092,5068,5100,922,23478880,13776,14076,5376,4864,5120,5100,0,5070,0,0,0,2017-04-18,32882000,5090,8,0,0,0,0,0,0,0,0,5098,1,0,0,0,0,0,0,0,0
261,2017-04-18,09:08:02,0,SF705,XZCE,5092,5068,5100,922,23478880,13776,14076,5376,4864,5120,5100,0,5070,0,0,0,2017-04-18,32882000,5092,1,0,0,0,0,0,0,0,0,5098,1,0,0,0,0,0,0,0,0
262,2017-04-18,09:08:06,0,SF705,XZCE,5092,5068,5100,922,23478880,13776,14076,5376,4864,5120,5100,0,5070,0,0,0,2017-04-18,32886000,5092,1,0,0,0,0,0,0,0,0,5096,1,0,0,0,0,0,0,0,0
263,2017-04-18,09:08:08,0,SF705,XZCE,5092,5068,5100,926,23580720,13772,14076,5376,4864,5120,5100,0,5070,0,0,0,2017-04-18,32888000,5090,4,0,0,0,0,0,0,0,0,5096,1,0,0,0,0,0,0,0,0
264,2017-04-18,09:08:09,0,SF705,XZCE,5092,5068,5100,926,23580720,13772,14076,5376,4864,5120,5100,0,5070,0,0,0,2017-04-18,32889000,5090,3,0,0,0,0,0,0,0,0,5096,1,0,0,0,0,0,0,0,0
265,2017-04-18,09:08:09,0,SF705,XZCE,5092,5068,5100,926,23580720,13772,14076,5376,4864,5120,5100,0,5070,0,0,0,2017-04-18,32889000,5092,1,0,0,0,0,0,0,0,0,5096,1,0,0,0,0,0,0,0,0
266,2017-04-18,09:08:10,0,SF705,XZCE,5096,5068,5100,928,23631680,13774,14076,5376,4864,5120,5100,0,5070,0,0,0,2017-04-18,32890000,5096,29,0,0,0,0,0,0,0,0,5098,1,0,0,0,0,0,0,0,0
267,2017-04-18,09:08:13,0,SF705,XZCE,5098,5068,5100,930,23682660,13772,14076,5376,4864,5120,5100,0,5070,0,0,0,2017-04-18,32893000,5098,4,0,0,0,0,0,0,0,0,5100,5,0,0,0,0,0,0,0,0
268,2017-04-18,09:08:13,0,SF705,XZCE,5098,5068,5100,932,23733640,13772,14076,5376,4864,5120,5100,0,5070,0,0,0,2017-04-18,32893000,5098,3,0,0,0,0,0,0,0,0,5100,5,0,0,0,0,0,0,0,0
269,2017-04-18,09:08:13,0,SF705,XZCE,5100,5068,5100,934,23784640,13770,14076,5376,4864,5120,5100,0,5070,0,0,0,2017-04-18,32893000,5098,3,0,0,0,0,0,0,0,0,5100,4,0,0,0,0,0,0,0,0
270,2017-04-18,09:08:21,0,SF705,XZCE,5098,5068,5100,936,23835620,13770,14076,5376,4864,5120,5100,0,5070,0,0,0,2017-04-18,32901000,5098,2,0,0,0,0,0,0,0,0,5100,4,0,0,0,0,0,0,0,0
271,2017-04-18,09:08:23,0,SF705,XZCE,5098,5068,5100,942,23988560,13766,14076,5376,4864,5120,5100,0,5070,0,0,0,2017-04-18,32903000,5098,13,0,0,0,0,0,0,0,0,5100,4,0,0,0,0,0,0,0,0
272,2017-04-18,09:08:25,0,SF705,XZCE,5098,5068,5100,946,24090520,13770,14076,5376,4864,5120,5100,0,5070,0,0,0,2017-04-18,32905000,5096,29,0,0,0,0,0,0,0,0,5100,4,0,0,0,0,0,0,0,0
273,2017-04-18,09:08:26,0,SF705,XZCE,5098,5068,5100,946,24090520,13770,14076,5376,4864,5120,5100,0,5070,0,0,0,2017-04-18,32906000,5098,1,0,0,0,0,0,0,0,0,5100,4,0,0,0,0,0,0,0,0
274,2017-04-18,09:08:27,0,SF705,XZCE,5100,5068,5100,950,24192520,13768,14076,5376,4864,5120,5100,0,5070,0,0,0,2017-04-18,32907000,5096,29,0,0,0,0,0,0,0,0,5100,2,0,0,0,0,0,0,0,0
275,2017-04-18,09:08:28,0,SF705,XZCE,5100,5068,5100,950,24192520,13768,14076,5376,4864,5120,5100,0,5070,0,0,0,2017-04-18,32908000,5094,1,0,0,0,0,0,0,0,0,5100,2,0,0,0,0,0,0,0,0
276,2017-04-18,09:08:35,0,SF705,XZCE,5100,5068,5100,956,24345520,13768,14076,5376,4864,5120,5100,0,5070,0,0,0,2017-04-18,32915000,5094,2,0,0,0,0,0,0,0,0,5100,5,0,0,0,0,0,0,0,0
277,2017-04-18,09:08:36,0,SF705,XZCE,5100,5068,5100,956,24345520,13768,14076,5376,4864,5120,5100,0,5070,0,0,0,2017-04-18,32916000,5096,5,0,0,0,0,0,0,0,0,5100,5,0,0,0,0,0,0,0,0
278,2017-04-18,09:08:38,0,SF705,XZCE,5096,5068,5100,958,24396480,13770,14076,5376,4864,5120,5100,0,5070,0,0,0,2017-04-18,32918000,5096,4,0,0,0,0,0,0,0,0,5100,5,0,0,0,0,0,0,0,0
279,2017-04-18,09:08:38,0,SF705,XZCE,5096,5068,5100,958,24396480,13770,14076,5376,4864,5120,5100,0,5070,0,0,0,2017-04-18,32918000,5096,4,0,0,0,0,0,0,0,0,5102,30,0,0,0,0,0,0,0,0
280,2017-04-18,09:08:41,0,SF705,XZCE,5096,5068,5100,958,24396480,13770,14076,5376,4864,5120,5100,0,5070,0,0,0,2017-04-18,32921000,5096,5,0,0,0,0,0,0,0,0,5102,30,0,0,0,0,0,0,0,0
281,2017-04-18,09:08:42,0,SF705,XZCE,5096,5068,5100,958,24396480,13770,14076,5376,4864,5120,5100,0,5070,0,0,0,2017-04-18,32922000,5098,3,0,0,0,0,0,0,0,0,5102,30,0,0,0,0,0,0,0,0
282,2017-04-18,09:08:46,0,SF705,XZCE,5096,5068,5100,958,24396480,13770,14076,5376,4864,5120,5100,0,5070,0,0,0,2017-04-18,32926000,5098,3,0,0,0,0,0,0,0,0,5100,2,0,0,0,0,0,0,0,0
283,2017-04-18,09:08:47,0,SF705,XZCE,5102,5068,5102,1018,25927080,13774,14076,5376,4864,5120,5100,0,5070,0,0,0,2017-04-18,32927000,5098,3,0,0,0,0,0,0,0,0,5102,2,0,0,0,0,0,0,0,0
284,2017-04-18,09:08:50,0,SF705,XZCE,5102,5068,5102,1018,25927080,13774,14076,5376,4864,5120,5100,0,5070,0,0,0,2017-04-18,32930000,5098,3,0,0,0,0,0,0,0,0,5100,1,0,0,0,0,0,0,0,0
285,2017-04-18,09:08:51,0,SF705,XZCE,5100,5068,5102,1020,25978080,13776,14076,5376,4864,5120,5100,0,5070,0,0,0,2017-04-18,32931000,5100,1,0,0,0,0,0,0,0,0,5102,2,0,0,0,0,0,0,0,0
286,2017-04-18,09:08:51,0,SF705,XZCE,5100,5068,5102,1020,25978080,13776,14076,5376,4864,5120,5100,0,5070,0,0,0,2017-04-18,32931000,5098,9,0,0,0,0,0,0,0,0,5102,2,0,0,0,0,0,0,0,0
287,2017-04-18,09:08:58,0,SF705,XZCE,5100,5068,5102,1020,25978080,13776,14076,5376,4864,5120,5100,0,5070,0,0,0,2017-04-18,32938000,5100,1,0,0,0,0,0,0,0,0,5102,2,0,0,0,0,0,0,0,0
288,2017-04-18,09:08:59,0,SF705,XZCE,5102,5068,5102,1022,26029100,13774,14076,5376,4864,5120,5100,0,5070,0,0,0,2017-04-18,32939000,5100,1,0,0,0,0,0,0,0,0,5102,2,0,0,0,0,0,0,0,0
289,2017-04-18,09:09:05,0,SF705,XZCE,5104,5068,5104,1088,27713420,13708,14076,5376,4864,5120,5100,0,5070,0,0,0,2017-04-18,32945000,5104,2,0,0,0,0,0,0,0,0,5106,11,0,0,0,0,0,0,0,0
290,2017-04-18,09:09:06,0,SF705,XZCE,5104,5068,5104,1088,27713420,13708,14076,5376,4864,5120,5100,0,5070,0,0,0,2017-04-18,32946000,5104,2,0,0,0,0,0,0,0,0,5106,10,0,0,0,0,0,0,0,0
291,2017-04-18,09:09:06,0,SF705,XZCE,5104,5068,5104,1090,27764460,13706,14076,5376,4864,5120,5100,0,5070,0,0,0,2017-04-18,32946000,5104,1,0,0,0,0,0,0,0,0,5106,10,0,0,0,0,0,0,0,0
292,2017-04-18,09:09:11,0,SF705,XZCE,5104,5068,5104,1092,27815500,13706,14076,5376,4864,5120,5100,0,5070,0,0,0,2017-04-18,32951000,5100,2,0,0,0,0,0,0,0,0,5106,10,0,0,0,0,0,0,0,0
293,2017-04-18,09:09:13,0,SF705,XZCE,5104,5068,5104,1092,27815500,13706,14076,5376,4864,5120,5100,0,5070,0,0,0,2017-04-18,32953000,5102,1,0,0,0,0,0,0,0,0,5106,10,0,0,0,0,0,0,0,0
294,2017-04-18,09:09:14,0,SF705,XZCE,5106,5068,5106,1094,27866560,13704,14076,5376,4864,5120,5100,0,5070,0,0,0,2017-04-18,32954000,5102,1,0,0,0,0,0,0,0,0,5106,9,0,0,0,0,0,0,0,0
295,2017-04-18,09:09:18,0,SF705,XZCE,5106,5068,5106,1094,27866560,13704,14076,5376,4864,5120,5100,0,5070,0,0,0,2017-04-18,32958000,5102,1,0,0,0,0,0,0,0,0,5106,11,0,0,0,0,0,0,0,0
296,2017-04-18,09:09:20,0,SF705,XZCE,5106,5068,5106,1094,27866560,13704,14076,5376,4864,5120,5100,0,5070,0,0,0,2017-04-18,32960000,5102,1,0,0,0,0,0,0,0,0,5106,10,0,0,0,0,0,0,0,0
297,2017-04-18,09:09:20,0,SF705,XZCE,5106,5068,5106,1094,27866560,13704,14076,5376,4864,5120,5100,0,5070,0,0,0,2017-04-18,32960000,5104,1,0,0,0,0,0,0,0,0,5106,10,0,0,0,0,0,0,0,0
298,2017-04-18,09:09:23,0,SF705,XZCE,5104,5068,5106,1096,27917600,13706,14076,5376,4864,5120,5100,0,5070,0,0,0,2017-04-18,32963000,5102,1,0,0,0,0,0,0,0,0,5106,11,0,0,0,0,0,0,0,0
299,2017-04-18,09:09:25,0,SF705,XZCE,5104,5068,5106,1096,27917600,13706,14076,5376,4864,5120,5100,0,5070,0,0,0,2017-04-18,32965000,5102,1,0,0,0,0,0,0,0,0,5106,12,0,0,0,0,0,0,0,0
300,2017-04-18,09:09:25,0,SF705,XZCE,5104,5068,5106,1096,27917600,13706,14076,5376,4864,5120,5100,0,5070,0,0,0,2017-04-18,32965000,5102,1,0,0,0,0,0,0,0,0,5106,11,0,0,0,0,0,0,0,0
301,2017-04-18,09:09:27,0,SF705,XZCE,5104,5068,5106,1096,27917600,13706,14076,5376,4864,5120,5100,0,5070,0,0,0,2017-04-18,32967000,5104,1,0,0,0,0,0,0,0,0,5106,11,0,0,0,0,0,0,0,0
302,2017-04-18,09:09:27,0,SF705,XZCE,5106,5068,5106,1098,27968660,13704,14076,5376,4864,5120,5100,0,5070,0,0,0,2017-04-18,32967000,5104,1,0,0,0,0,0,0,0,0,5106,10,0,0,0,0,0,0,0,0
303,2017-04-18,09:09:28,0,SF705,XZCE,5106,5068,5106,1098,27968660,13704,14076,5376,4864,5120,5100,0,5070,0,0,0,2017-04-18,32968000,5104,1,0,0,0,0,0,0,0,0,5106,11,0,0,0,0,0,0,0,0
304,2017-04-18,09:09:29,0,SF705,XZCE,5106,5068,5106,1100,28019720,13702,14076,5376,4864,5120,5100,0,5070,0,0,0,2017-04-18,32969000,5104,1,0,0,0,0,0,0,0,0,5106,10,0,0,0,0,0,0,0,0
305,2017-04-18,09:09:30,0,SF705,XZCE,5106,5068,5106,1114,28377140,13688,14076,5376,4864,5120,5100,0,5070,0,0,0,2017-04-18,32970000,5104,1,0,0,0,0,0,0,0,0,5106,3,0,0,0,0,0,0,0,0
306,2017-04-18,09:09:31,0,SF705,XZCE,5106,5068,5106,1120,28530320,13690,14076,5376,4864,5120,5100,0,5070,0,0,0,2017-04-18,32971000,5106,7,0,0,0,0,0,0,0,0,5108,10,0,0,0,0,0,0,0,0
307,2017-04-18,09:09:31,0,SF705,XZCE,5106,5068,5106,1120,28530320,13690,14076,5376,4864,5120,5100,0,5070,0,0,0,2017-04-18,32971000,5106,9,0,0,0,0,0,0,0,0,5108,10,0,0,0,0,0,0,0,0
308,2017-04-18,09:09:33,0,SF705,XZCE,5106,5068,5108,1124,28632440,13690,14076,5376,4864,5120,5100,0,5070,0,0,0,2017-04-18,32973000,5106,7,0,0,0,0,0,0,0,0,5108,9,0,0,0,0,0,0,0,0
309,2017-04-18,09:09:35,0,SF705,XZCE,5108,5068,5108,1128,28734600,13688,14076,5376,4864,5120,5100,0,5070,0,0,0,2017-04-18,32975000,5106,5,0,0,0,0,0,0,0,0,5108,8,0,0,0,0,0,0,0,0
310,2017-04-18,09:09:37,0,SF705,XZCE,5108,5068,5108,1128,28734600,13688,14076,5376,4864,5120,5100,0,5070,0,0,0,2017-04-18,32977000,5106,7,0,0,0,0,0,0,0,0,5108,8,0,0,0,0,0,0,0,0
311,2017-04-18,09:09:41,0,SF705,XZCE,5108,5068,5108,1130,28785680,13686,14076,5376,4864,5120,5100,0,5070,0,0,0,2017-04-18,32981000,5106,7,0,0,0,0,0,0,0,0,5108,7,0,0,0,0,0,0,0,0
312,2017-04-18,09:09:41,0,SF705,XZCE,5108,5068,5108,1130,28785680,13686,14076,5376,4864,5120,5100,0,5070,0,0,0,2017-04-18,32981000,5106,8,0,0,0,0,0,0,0,0,5108,7,0,0,0,0,0,0,0,0
313,2017-04-18,09:09:42,0,SF705,XZCE,5106,5068,5108,1132,28836740,13688,14076,5376,4864,5120,5100,0,5070,0,0,0,2017-04-18,32982000,5106,7,0,0,0,0,0,0,0,0,5108,7,0,0,0,0,0,0,0,0
314,2017-04-18,09:09:42,0,SF705,XZCE,5106,5068,5108,1134,28887800,13690,14076,5376,4864,5120,5100,0,5070,0,0,0,2017-04-18,32982000,5106,6,0,0,0,0,0,0,0,0,5108,7,0,0,0,0,0,0,0,0
315,2017-04-18,09:09:44,0,SF705,XZCE,5108,5068,5108,1136,28938880,13688,14076,5376,4864,5120,5100,0,5070,0,0,0,2017-04-18,32984000,5106,5,0,0,0,0,0,0,0,0,5108,6,0,0,0,0,0,0,0,0
316,2017-04-18,09:09:45,0,SF705,XZCE,5108,5068,5108,1136,28938880,13688,14076,5376,4864,5120,5100,0,5070,0,0,0,2017-04-18,32985000,5106,6,0,0,0,0,0,0,0,0,5108,6,0,0,0,0,0,0,0,0
317,2017-04-18,09:09:46,0,SF705,XZCE,5108,5068,5108,1138,28989960,13686,14076,5376,4864,5120,5100,0,5070,0,0,0,2017-04-18,32986000,5106,6,0,0,0,0,0,0,0,0,5108,5,0,0,0,0,0,0,0,0
318,2017-04-18,09:09:47,0,SF705,XZCE,5108,5068,5108,1140,29041040,13684,14076,5376,4864,5120,5100,0,5070,0,0,0,2017-04-18,32987000,5106,6,0,0,0,0,0,0,0,0,5108,4,0,0,0,0,0,0,0,0
319,2017-04-18,09:09:50,0,SF705,XZCE,5108,5068,5108,1140,29041040,13684,14076,5376,4864,5120,5100,0,5070,0,0,0,2017-04-18,32990000,5106,7,0,0,0,0,0,0,0,0,5108,4,0,0,0,0,0,0,0,0
320,2017-04-18,09:09:50,0,SF705,XZCE,5108,5068,5108,1142,29092120,13684,14076,5376,4864,5120,5100,0,5070,0,0,0,2017-04-18,32990000,5106,7,0,0,0,0,0,0,0,0,5108,3,0,0,0,0,0,0,0,0
321,2017-04-18,09:09:54,0,SF705,XZCE,5106,5068,5108,1152,29347420,13684,14076,5376,4864,5120,5100,0,5070,0,0,0,2017-04-18,32994000,5106,2,0,0,0,0,0,0,0,0,5108,4,0,0,0,0,0,0,0,0
322,2017-04-18,09:09:56,0,SF705,XZCE,5106,5068,5108,1156,29449540,13688,14076,5376,4864,5120,5100,0,5070,0,0,0,2017-04-18,32996000,5102,1,0,0,0,0,0,0,0,0,5106,9,0,0,0,0,0,0,0,0
323,2017-04-18,09:09:58,0,SF705,XZCE,5108,5068,5108,1160,29551700,13688,14076,5376,4864,5120,5100,0,5070,0,0,0,2017-04-18,32998000,5102,1,0,0,0,0,0,0,0,0,5108,2,0,0,0,0,0,0,0,0
324,2017-04-18,09:09:58,0,SF705,XZCE,5108,5068,5108,1160,29551700,13688,14076,5376,4864,5120,5100,0,5070,0,0,0,2017-04-18,32998000,5102,1,0,0,0,0,0,0,0,0,5106,1,0,0,0,0,0,0,0,0
325,2017-04-18,09:10:03,0,SF705,XZCE,5106,5068,5108,1162,29602760,13690,14076,5376,4864,5120,5100,0,5070,0,0,0,2017-04-18,33003000,5102,1,0,0,0,0,0,0,0,0,5106,5,0,0,0,0,0,0,0,0
326,2017-04-18,09:10:04,0,SF705,XZCE,5106,5068,5108,1162,29602760,13690,14076,5376,4864,5120,5100,0,5070,0,0,0,2017-04-18,33004000,5102,2,0,0,0,0,0,0,0,0,5106,5,0,0,0,0,0,0,0,0
327,2017-04-18,09:10:04,0,SF705,XZCE,5106,5068,5108,1162,29602760,13690,14076,5376,4864,5120,5100,0,5070,0,0,0,2017-04-18,33004000,5102,1,0,0,0,0,0,0,0,0,5106,5,0,0,0,0,0,0,0,0
328,2017-04-18,09:10:05,0,SF705,XZCE,5102,5068,5108,1164,29653780,13692,14076,5376,4864,5120,5100,0,5070,0,0,0,2017-04-18,33005000,5100,4,0,0,0,0,0,0,0,0,5106,5,0,0,0,0,0,0,0,0
329,2017-04-18,09:10:06,0,SF705,XZCE,5102,5068,5108,1164,29653780,13692,14076,5376,4864,5120,5100,0,5070,0,0,0,2017-04-18,33006000,5100,4,0,0,0,0,0,0,0,0,5104,1,0,0,0,0,0,0,0,0
330,2017-04-18,09:10:07,0,SF705,XZCE,5102,5068,5108,1164,29653780,13692,14076,5376,4864,5120,5100,0,5070,0,0,0,2017-04-18,33007000,5100,3,0,0,0,0,0,0,0,0,5104,1,0,0,0,0,0,0,0,0
331,2017-04-18,09:10:08,0,SF705,XZCE,5104,5068,5108,1166,29704820,13692,14076,5376,4864,5120,5100,0,5070,0,0,0,2017-04-18,33008000,5100,3,0,0,0,0,0,0,0,0,5106,5,0,0,0,0,0,0,0,0
332,2017-04-18,09:10:09,0,SF705,XZCE,5104,5068,5108,1166,29704820,13692,14076,5376,4864,5120,5100,0,5070,0,0,0,2017-04-18,33009000,5102,1,0,0,0,0,0,0,0,0,5106,5,0,0,0,0,0,0,0,0
333,2017-04-18,09:10:09,0,SF705,XZCE,5104,5068,5108,1166,29704820,13692,14076,5376,4864,5120,5100,0,5070,0,0,0,2017-04-18,33009000,5102,2,0,0,0,0,0,0,0,0,5106,5,0,0,0,0,0,0,0,0
334,2017-04-18,09:10:09,0,SF705,XZCE,5102,5068,5108,1168,29755840,13694,14076,5376,4864,5120,5100,0,5070,0,0,0,2017-04-18,33009000,5102,1,0,0,0,0,0,0,0,0,5106,5,0,0,0,0,0,0,0,0
335,2017-04-18,09:10:11,0,SF705,XZCE,5102,5068,5108,1170,29806860,13692,14076,5376,4864,5120,5100,0,5070,0,0,0,2017-04-18,33011000,5100,4,0,0,0,0,0,0,0,0,5102,4,0,0,0,0,0,0,0,0
336,2017-04-18,09:10:12,0,SF705,XZCE,5102,5068,5108,1170,29806860,13692,14076,5376,4864,5120,5100,0,5070,0,0,0,2017-04-18,33012000,5100,6,0,0,0,0,0,0,0,0,5102,4,0,0,0,0,0,0,0,0
337,2017-04-18,09:10:14,0,SF705,XZCE,5102,5068,5108,1176,29959920,13686,14076,5376,4864,5120,5100,0,5070,0,0,0,2017-04-18,33014000,5100,6,0,0,0,0,0,0,0,0,5102,2,0,0,0,0,0,0,0,0
338,2017-04-18,09:10:14,0,SF705,XZCE,5102,5068,5108,1180,30061960,13684,14076,5376,4864,5120,5100,0,5070,0,0,0,2017-04-18,33014000,5102,3,0,0,0,0,0,0,0,0,5106,5,0,0,0,0,0,0,0,0
339,2017-04-18,09:10:16,0,SF705,XZCE,5102,5068,5108,1180,30061960,13684,14076,5376,4864,5120,5100,0,5070,0,0,0,2017-04-18,33016000,5100,6,0,0,0,0,0,0,0,0,5106,5,0,0,0,0,0,0,0,0
340,2017-04-18,09:10:17,0,SF705,XZCE,5102,5068,5108,1180,30061960,13684,14076,5376,4864,5120,5100,0,5070,0,0,0,2017-04-18,33017000,5100,6,0,0,0,0,0,0,0,0,5106,6,0,0,0,0,0,0,0,0
341,2017-04-18,09:10:18,0,SF705,XZCE,5100,5068,5108,1200,30571960,13672,14076,5376,4864,5120,5100,0,5070,0,0,0,2017-04-18,33018000,5100,10,0,0,0,0,0,0,0,0,5106,6,0,0,0,0,0,0,0,0
342,2017-04-18,09:10:20,0,SF705,XZCE,5100,5068,5108,1200,30571960,13672,14076,5376,4864,5120,5100,0,5070,0,0,0,2017-04-18,33020000,5100,10,0,0,0,0,0,0,0,0,5104,1,0,0,0,0,0,0,0,0
343,2017-04-18,09:10:20,0,SF705,XZCE,5100,5068,5108,1204,30673960,13668,14076,5376,4864,5120,5100,0,5070,0,0,0,2017-04-18,33020000,5100,2,0,0,0,0,0,0,0,0,5104,1,0,0,0,0,0,0,0,0
344,2017-04-18,09:10:21,0,SF705,XZCE,5100,5068,5108,1204,30673960,13668,14076,5376,4864,5120,5100,0,5070,0,0,0,2017-04-18,33021000,5100,2,0,0,0,0,0,0,0,0,5102,10,0,0,0,0,0,0,0,0
345,2017-04-18,09:10:22,0,SF705,XZCE,5100,5068,5108,1206,30724960,13668,14076,5376,4864,5120,5100,0,5070,0,0,0,2017-04-18,33022000,5100,1,0,0,0,0,0,0,0,0,5102,10,0,0,0,0,0,0,0,0
346,2017-04-18,09:10:23,0,SF705,XZCE,5100,5068,5108,1208,30775960,13668,14076,5376,4864,5120,5100,0,5070,0,0,0,2017-04-18,33023000,5098,12,0,0,0,0,0,0,0,0,5100,1,0,0,0,0,0,0,0,0
347,2017-04-18,09:10:24,0,SF705,XZCE,5100,5068,5108,1208,30775960,13668,14076,5376,4864,5120,5100,0,5070,0,0,0,2017-04-18,33024000,5098,12,0,0,0,0,0,0,0,0,5100,3,0,0,0,0,0,0,0,0
348,2017-04-18,09:10:26,0,SF705,XZCE,5100,5068,5108,1208,30775960,13668,14076,5376,4864,5120,5100,0,5070,0,0,0,2017-04-18,33026000,5098,12,0,0,0,0,0,0,0,0,5100,2,0,0,0,0,0,0,0,0
349,2017-04-18,09:10:29,0,SF705,XZCE,5100,5068,5108,1212,30877960,13668,14076,5376,4864,5120,5100,0,5070,0,0,0,2017-04-18,33029000,5098,12,0,0,0,0,0,0,0,0,5102,10,0,0,0,0,0,0,0,0
350,2017-04-18,09:10:33,0,SF705,XZCE,5098,5068,5108,1236,31489720,13650,14076,5376,4864,5120,5100,0,5070,0,0,0,2017-04-18,33033000,5098,5,0,0,0,0,0,0,0,0,5102,10,0,0,0,0,0,0,0,0
351,2017-04-18,09:10:34,0,SF705,XZCE,5098,5068,5108,1236,31489720,13650,14076,5376,4864,5120,5100,0,5070,0,0,0,2017-04-18,33034000,5098,9,0,0,0,0,0,0,0,0,5102,10,0,0,0,0,0,0,0,0
352,2017-04-18,09:10:35,0,SF705,XZCE,5098,5068,5108,1238,31540700,13650,14076,5376,4864,5120,5100,0,5070,0,0,0,2017-04-18,33035000,5098,8,0,0,0,0,0,0,0,0,5102,10,0,0,0,0,0,0,0,0
353,2017-04-18,09:10:37,0,SF705,XZCE,5102,5068,5108,1240,31591720,13648,14076,5376,4864,5120,5100,0,5070,0,0,0,2017-04-18,33037000,5098,8,0,0,0,0,0,0,0,0,5102,9,0,0,0,0,0,0,0,0
354,2017-04-18,09:10:44,0,SF705,XZCE,5098,5068,5108,1242,31642700,13648,14076,5376,4864,5120,5100,0,5070,0,0,0,2017-04-18,33044000,5098,7,0,0,0,0,0,0,0,0,5102,9,0,0,0,0,0,0,0,0
355,2017-04-18,09:10:44,0,SF705,XZCE,5102,5068,5108,1248,31795760,13642,14076,5376,4864,5120,5100,0,5070,0,0,0,2017-04-18,33044000,5098,4,0,0,0,0,0,0,0,0,5102,6,0,0,0,0,0,0,0,0
356,2017-04-18,09:10:45,0,SF705,XZCE,5098,5068,5108,1250,31846740,13644,14076,5376,4864,5120,5100,0,5070,0,0,0,2017-04-18,33045000,5098,3,0,0,0,0,0,0,0,0,5102,6,0,0,0,0,0,0,0,0
357,2017-04-18,09:10:47,0,SF705,XZCE,5098,5068,5108,1250,31846740,13644,14076,5376,4864,5120,5100,0,5070,0,0,0,2017-04-18,33047000,5100,1,0,0,0,0,0,0,0,0,5102,6,0,0,0,0,0,0,0,0
358,2017-04-18,09:10:47,0,SF705,XZCE,5100,5068,5108,1252,31897740,13646,14076,5376,4864,5120,5100,0,5070,0,0,0,2017-04-18,33047000,5098,3,0,0,0,0,0,0,0,0,5100,8,0,0,0,0,0,0,0,0
359,2017-04-18,09:10:48,0,SF705,XZCE,5100,5068,5108,1252,31897740,13646,14076,5376,4864,5120,5100,0,5070,0,0,0,2017-04-18,33048000,5098,4,0,0,0,0,0,0,0,0,5100,8,0,0,0,0,0,0,0,0
360,2017-04-18,09:10:49,0,SF705,XZCE,5098,5068,5108,1258,32050680,13646,14076,5376,4864,5120,5100,0,5070,0,0,0,2017-04-18,33049000,5098,2,0,0,0,0,0,0,0,0,5102,6,0,0,0,0,0,0,0,0
361,2017-04-18,09:10:50,0,SF705,XZCE,5100,5068,5108,1260,32101680,13644,14076,5376,4864,5120,5100,0,5070,0,0,0,2017-04-18,33050000,5098,2,0,0,0,0,0,0,0,0,5100,6,0,0,0,0,0,0,0,0
362,2017-04-18,09:10:54,0,SF705,XZCE,5100,5068,5108,1260,32101680,13644,14076,5376,4864,5120,5100,0,5070,0,0,0,2017-04-18,33054000,5098,2,0,0,0,0,0,0,0,0,5102,6,0,0,0,0,0,0,0,0
363,2017-04-18,09:11:16,0,SF705,XZCE,5098,5068,5108,1264,32203640,13644,14076,5376,4864,5120,5100,0,5070,0,0,0,2017-04-18,33076000,5096,8,0,0,0,0,0,0,0,0,5102,6,0,0,0,0,0,0,0,0
364,2017-04-18,09:11:20,0,SF705,XZCE,5098,5068,5108,1264,32203640,13644,14076,5376,4864,5120,5100,0,5070,0,0,0,2017-04-18,33080000,5096,9,0,0,0,0,0,0,0,0,5102,6,0,0,0,0,0,0,0,0
365,2017-04-18,09:11:30,0,SF705,XZCE,5098,5068,5108,1264,32203640,13644,14076,5376,4864,5120,5100,0,5070,0,0,0,2017-04-18,33090000,5096,9,0,0,0,0,0,0,0,0,5100,1,0,0,0,0,0,0,0,0
366,2017-04-18,09:11:30,0,SF705,XZCE,5098,5068,5108,1264,32203640,13644,14076,5376,4864,5120,5100,0,5070,0,0,0,2017-04-18,33090000,5096,9,0,0,0,0,0,0,0,0,5100,2,0,0,0,0,0,0,0,0
367,2017-04-18,09:11:32,0,SF705,XZCE,5100,5068,5108,1266,32254640,13642,14076,5376,4864,5120,5100,0,5070,0,0,0,2017-04-18,33092000,5096,9,0,0,0,0,0,0,0,0,5100,1,0,0,0,0,0,0,0,0
368,2017-04-18,09:11:39,0,SF705,XZCE,5100,5068,5108,1272,32407640,13638,14076,5376,4864,5120,5100,0,5070,0,0,0,2017-04-18,33099000,5096,9,0,0,0,0,0,0,0,0,5100,4,0,0,0,0,0,0,0,0
369,2017-04-18,09:11:53,0,SF705,XZCE,5100,5068,5108,1272,32407640,13638,14076,5376,4864,5120,5100,0,5070,0,0,0,2017-04-18,33113000,5096,9,0,0,0,0,0,0,0,0,5102,6,0,0,0,0,0,0,0,0
370,2017-04-18,09:11:57,0,SF705,XZCE,5100,5068,5108,1272,32407640,13638,14076,5376,4864,5120,5100,0,5070,0,0,0,2017-04-18,33117000,5096,8,0,0,0,0,0,0,0,0,5102,6,0,0,0,0,0,0,0,0
371,2017-04-18,09:11:58,0,SF705,XZCE,5102,5068,5108,1276,32509680,13638,14076,5376,4864,5120,5100,0,5070,0,0,0,2017-04-18,33118000,5096,8,0,0,0,0,0,0,0,0,5102,4,0,0,0,0,0,0,0,0
372,2017-04-18,09:12:02,0,SF705,XZCE,5102,5068,5108,1276,32509680,13638,14076,5376,4864,5120,5100,0,5070,0,0,0,2017-04-18,33122000,5098,3,0,0,0,0,0,0,0,0,5102,4,0,0,0,0,0,0,0,0
373,2017-04-18,09:12:05,0,SF705,XZCE,5102,5068,5108,1276,32509680,13638,14076,5376,4864,5120,5100,0,5070,0,0,0,2017-04-18,33125000,5098,4,0,0,0,0,0,0,0,0,5102,4,0,0,0,0,0,0,0,0
374,2017-04-18,09:12:07,0,SF705,XZCE,5102,5068,5108,1276,32509680,13638,14076,5376,4864,5120,5100,0,5070,0,0,0,2017-04-18,33127000,5100,4,0,0,0,0,0,0,0,0,5102,4,0,0,0,0,0,0,0,0
375,2017-04-18,09:12:08,0,SF705,XZCE,5102,5068,5108,1284,32713760,13638,14076,5376,4864,5120,5100,0,5070,0,0,0,2017-04-18,33128000,5100,5,0,0,0,0,0,0,0,0,5104,12,0,0,0,0,0,0,0,0
376,2017-04-18,09:12:09,0,SF705,XZCE,5102,5068,5108,1284,32713760,13638,14076,5376,4864,5120,5100,0,5070,0,0,0,2017-04-18,33129000,5102,1,0,0,0,0,0,0,0,0,5104,12,0,0,0,0,0,0,0,0
377,2017-04-18,09:12:09,0,SF705,XZCE,5104,5068,5108,1286,32764800,13638,14076,5376,4864,5120,5100,0,5070,0,0,0,2017-04-18,33129000,5100,9,0,0,0,0,0,0,0,0,5104,11,0,0,0,0,0,0,0,0
378,2017-04-18,09:12:17,0,SF705,XZCE,5104,5068,5108,1294,32968960,13638,14076,5376,4864,5120,5100,0,5070,0,0,0,2017-04-18,33137000,5100,9,0,0,0,0,0,0,0,0,5104,7,0,0,0,0,0,0,0,0
379,2017-04-18,09:12:18,0,SF705,XZCE,5100,5068,5108,1296,33019960,13638,14076,5376,4864,5120,5100,0,5070,0,0,0,2017-04-18,33138000,5100,8,0,0,0,0,0,0,0,0,5104,7,0,0,0,0,0,0,0,0
380,2017-04-18,09:12:22,0,SF705,XZCE,5100,5068,5108,1296,33019960,13638,14076,5376,4864,5120,5100,0,5070,0,0,0,2017-04-18,33142000,5100,3,0,0,0,0,0,0,0,0,5104,7,0,0,0,0,0,0,0,0
381,2017-04-18,09:12:23,0,SF705,XZCE,5100,5068,5108,1300,33121960,13638,14076,5376,4864,5120,5100,0,5070,0,0,0,2017-04-18,33143000,5100,1,0,0,0,0,0,0,0,0,5104,7,0,0,0,0,0,0,0,0
382,2017-04-18,09:12:26,0,SF705,XZCE,5100,5068,5108,1300,33121960,13638,14076,5376,4864,5120,5100,0,5070,0,0,0,2017-04-18,33146000,5100,4,0,0,0,0,0,0,0,0,5104,7,0,0,0,0,0,0,0,0
383,2017-04-18,09:12:27,0,SF705,XZCE,5100,5068,5108,1300,33121960,13638,14076,5376,4864,5120,5100,0,5070,0,0,0,2017-04-18,33147000,5100,4,0,0,0,0,0,0,0,0,5104,9,0,0,0,0,0,0,0,0
384,2017-04-18,09:12:34,0,SF705,XZCE,5104,5068,5108,1302,33173000,13636,14076,5376,4864,5120,5100,0,5070,0,0,0,2017-04-18,33154000,5100,4,0,0,0,0,0,0,0,0,5104,8,0,0,0,0,0,0,0,0
385,2017-04-18,09:12:35,0,SF705,XZCE,5104,5068,5108,1302,33173000,13636,14076,5376,4864,5120,5100,0,5070,0,0,0,2017-04-18,33155000,5100,5,0,0,0,0,0,0,0,0,5104,8,0,0,0,0,0,0,0,0
386,2017-04-18,09:12:36,0,SF705,XZCE,5104,5068,5108,1308,33326120,13632,14076,5376,4864,5120,5100,0,5070,0,0,0,2017-04-18,33156000,5102,1,0,0,0,0,0,0,0,0,5104,5,0,0,0,0,0,0,0,0
387,2017-04-18,09:12:36,0,SF705,XZCE,5104,5068,5108,1310,33377160,13630,14076,5376,4864,5120,5100,0,5070,0,0,0,2017-04-18,33156000,5100,4,0,0,0,0,0,0,0,0,5104,4,0,0,0,0,0,0,0,0
388,2017-04-18,09:12:40,0,SF705,XZCE,5100,5068,5108,1314,33479160,13626,14076,5376,4864,5120,5100,0,5070,0,0,0,2017-04-18,33160000,5100,2,0,0,0,0,0,0,0,0,5104,4,0,0,0,0,0,0,0,0
389,2017-04-18,09:12:42,0,SF705,XZCE,5106,5068,5108,1342,34194000,13628,14076,5376,4864,5120,5100,0,5070,0,0,0,2017-04-18,33162000,5106,7,0,0,0,0,0,0,0,0,5108,12,0,0,0,0,0,0,0,0
390,2017-04-18,09:12:44,0,SF705,XZCE,5106,5068,5108,1346,34296120,13628,14076,5376,4864,5120,5100,0,5070,0,0,0,2017-04-18,33164000,5106,5,0,0,0,0,0,0,0,0,5108,12,0,0,0,0,0,0,0,0
391,2017-04-18,09:12:45,0,SF705,XZCE,5106,5068,5108,1352,34449300,13628,14076,5376,4864,5120,5100,0,5070,0,0,0,2017-04-18,33165000,5106,2,0,0,0,0,0,0,0,0,5108,12,0,0,0,0,0,0,0,0
392,2017-04-18,09:12:46,0,SF705,XZCE,5106,5068,5108,1358,34602480,13632,14076,5376,4864,5120,5100,0,5070,0,0,0,2017-04-18,33166000,5100,2,0,0,0,0,0,0,0,0,5108,12,0,0,0,0,0,0,0,0
393,2017-04-18,09:12:48,0,SF705,XZCE,5106,5068,5108,1358,34602480,13632,14076,5376,4864,5120,5100,0,5070,0,0,0,2017-04-18,33168000,5102,1,0,0,0,0,0,0,0,0,5108,12,0,0,0,0,0,0,0,0
394,2017-04-18,09:12:50,0,SF705,XZCE,5106,5068,5108,1358,34602480,13632,14076,5376,4864,5120,5100,0,5070,0,0,0,2017-04-18,33170000,5104,1,0,0,0,0,0,0,0,0,5108,12,0,0,0,0,0,0,0,0
395,2017-04-18,09:12:52,0,SF705,XZCE,5106,5068,5108,1358,34602480,13632,14076,5376,4864,5120,5100,0,5070,0,0,0,2017-04-18,33172000,5104,1,0,0,0,0,0,0,0,0,5106,5,0,0,0,0,0,0,0,0
396,2017-04-18,09:12:52,0,SF705,XZCE,5106,5068,5108,1362,34704600,13636,14076,5376,4864,5120,5100,0,5070,0,0,0,2017-04-18,33172000,5104,1,0,0,0,0,0,0,0,0,5106,4,0,0,0,0,0,0,0,0
397,2017-04-18,09:12:53,0,SF705,XZCE,5106,5068,5108,1366,34806720,13636,14076,5376,4864,5120,5100,0,5070,0,0,0,2017-04-18,33173000,5104,1,0,0,0,0,0,0,0,0,5106,2,0,0,0,0,0,0,0,0
398,2017-04-18,09:12:53,0,SF705,XZCE,5106,5068,5108,1366,34806720,13636,14076,5376,4864,5120,5100,0,5070,0,0,0,2017-04-18,33173000,5104,2,0,0,0,0,0,0,0,0,5106,2,0,0,0,0,0,0,0,0
399,2017-04-18,09:12:55,0,SF705,XZCE,5106,5068,5108,1368,34857780,13636,14076,5376,4864,5120,5100,0,5070,0,0,0,2017-04-18,33175000,5104,2,0,0,0,0,0,0,0,0,5106,1,0,0,0,0,0,0,0,0
400,2017-04-18,09:12:56,0,SF705,XZCE,5106,5068,5108,1370,34908840,13638,14076,5376,4864,5120,5100,0,5070,0,0,0,2017-04-18,33176000,5106,1,0,0,0,0,0,0,0,0,5108,12,0,0,0,0,0,0,0,0
401,2017-04-18,09:12:57,0,SF705,XZCE,5110,5068,5110,1416,36084140,13592,14076,5376,4864,5120,5100,0,5070,0,0,0,2017-04-18,33177000,5104,2,0,0,0,0,0,0,0,0,5112,1,0,0,0,0,0,0,0,0
402,2017-04-18,09:12:59,0,SF705,XZCE,5104,5068,5110,1418,36135180,13590,14076,5376,4864,5120,5100,0,5070,0,0,0,2017-04-18,33179000,5104,1,0,0,0,0,0,0,0,0,5112,1,0,0,0,0,0,0,0,0
403,2017-04-18,09:13:02,0,SF705,XZCE,5104,5068,5110,1418,36135180,13590,14076,5376,4864,5120,5100,0,5070,0,0,0,2017-04-18,33182000,5104,1,0,0,0,0,0,0,0,0,5112,2,0,0,0,0,0,0,0,0
404,2017-04-18,09:13:06,0,SF705,XZCE,5104,5068,5110,1418,36135180,13590,14076,5376,4864,5120,5100,0,5070,0,0,0,2017-04-18,33186000,5104,1,0,0,0,0,0,0,0,0,5112,3,0,0,0,0,0,0,0,0
405,2017-04-18,09:13:08,0,SF705,XZCE,5112,5068,5112,1420,36186300,13590,14076,5376,4864,5120,5100,0,5070,0,0,0,2017-04-18,33188000,5104,1,0,0,0,0,0,0,0,0,5112,2,0,0,0,0,0,0,0,0
406,2017-04-18,09:13:09,0,SF705,XZCE,5112,5068,5112,1420,36186300,13590,14076,5376,4864,5120,5100,0,5070,0,0,0,2017-04-18,33189000,5106,1,0,0,0,0,0,0,0,0,5112,2,0,0,0,0,0,0,0,0
407,2017-04-18,09:13:17,0,SF705,XZCE,5112,5068,5112,1428,36390780,13588,14076,5376,4864,5120,5100,0,5070,0,0,0,2017-04-18,33197000,5106,6,0,0,0,0,0,0,0,0,5112,1,0,0,0,0,0,0,0,0
408,2017-04-18,09:13:17,0,SF705,XZCE,5112,5068,5112,1428,36390780,13588,14076,5376,4864,5120,5100,0,5070,0,0,0,2017-04-18,33197000,5106,6,0,0,0,0,0,0,0,0,5110,1,0,0,0,0,0,0,0,0
409,2017-04-18,09:13:19,0,SF705,XZCE,5112,5068,5112,1428,36390780,13588,14076,5376,4864,5120,5100,0,5070,0,0,0,2017-04-18,33199000,5106,2,0,0,0,0,0,0,0,0,5110,1,0,0,0,0,0,0,0,0
410,2017-04-18,09:13:21,0,SF705,XZCE,5110,5068,5112,1430,36441880,13588,14076,5376,4864,5120,5100,0,5070,0,0,0,2017-04-18,33201000,5106,2,0,0,0,0,0,0,0,0,5112,5,0,0,0,0,0,0,0,0
411,2017-04-18,09:13:22,0,SF705,XZCE,5112,5068,5112,1436,36595240,13582,14076,5376,4864,5120,5100,0,5070,0,0,0,2017-04-18,33202000,5106,2,0,0,0,0,0,0,0,0,5112,2,0,0,0,0,0,0,0,0
412,2017-04-18,09:13:26,0,SF705,XZCE,5112,5068,5112,1436,36595240,13582,14076,5376,4864,5120,5100,0,5070,0,0,0,2017-04-18,33206000,5106,2,0,0,0,0,0,0,0,0,5110,1,0,0,0,0,0,0,0,0
413,2017-04-18,09:13:33,0,SF705,XZCE,5112,5068,5112,1436,36595240,13582,14076,5376,4864,5120,5100,0,5070,0,0,0,2017-04-18,33213000,5106,2,0,0,0,0,0,0,0,0,5110,2,0,0,0,0,0,0,0,0
414,2017-04-18,09:13:35,0,SF705,XZCE,5106,5068,5112,1440,36697360,13586,14076,5376,4864,5120,5100,0,5070,0,0,0,2017-04-18,33215000,5104,8,0,0,0,0,0,0,0,0,5110,2,0,0,0,0,0,0,0,0
415,2017-04-18,09:13:37,0,SF705,XZCE,5110,5068,5112,1442,36748460,13586,14076,5376,4864,5120,5100,0,5070,0,0,0,2017-04-18,33217000,5104,8,0,0,0,0,0,0,0,0,5110,1,0,0,0,0,0,0,0,0
416,2017-04-18,09:13:41,0,SF705,XZCE,5112,5068,5112,1446,36850700,13584,14076,5376,4864,5120,5100,0,5070,0,0,0,2017-04-18,33221000,5104,9,0,0,0,0,0,0,0,0,5112,11,0,0,0,0,0,0,0,0
417,2017-04-18,09:13:41,0,SF705,XZCE,5112,5068,5112,1446,36850700,13584,14076,5376,4864,5120,5100,0,5070,0,0,0,2017-04-18,33221000,5104,9,0,0,0,0,0,0,0,0,5106,9,0,0,0,0,0,0,0,0
418,2017-04-18,09:13:42,0,SF705,XZCE,5112,5068,5112,1446,36850700,13584,14076,5376,4864,5120,5100,0,5070,0,0,0,2017-04-18,33222000,5104,10,0,0,0,0,0,0,0,0,5106,9,0,0,0,0,0,0,0,0
419,2017-04-18,09:13:44,0,SF705,XZCE,5106,5068,5112,1456,37106000,13574,14076,5376,4864,5120,5100,0,5070,0,0,0,2017-04-18,33224000,5104,10,0,0,0,0,0,0,0,0,5106,4,0,0,0,0,0,0,0,0
420,2017-04-18,09:13:44,0,SF705,XZCE,5106,5068,5112,1458,37157060,13574,14076,5376,4864,5120,5100,0,5070,0,0,0,2017-04-18,33224000,5104,10,0,0,0,0,0,0,0,0,5112,11,0,0,0,0,0,0,0,0
421,2017-04-18,09:13:46,0,SF705,XZCE,5106,5068,5112,1458,37157060,13574,14076,5376,4864,5120,5100,0,5070,0,0,0,2017-04-18,33226000,5104,14,0,0,0,0,0,0,0,0,5112,11,0,0,0,0,0,0,0,0
422,2017-04-18,09:13:47,0,SF705,XZCE,5106,5068,5112,1458,37157060,13574,14076,5376,4864,5120,5100,0,5070,0,0,0,2017-04-18,33227000,5104,15,0,0,0,0,0,0,0,0,5112,11,0,0,0,0,0,0,0,0
423,2017-04-18,09:13:48,0,SF705,XZCE,5106,5068,5112,1458,37157060,13574,14076,5376,4864,5120,5100,0,5070,0,0,0,2017-04-18,33228000,5108,1,0,0,0,0,0,0,0,0,5112,11,0,0,0,0,0,0,0,0
424,2017-04-18,09:13:50,0,SF705,XZCE,5106,5068,5112,1458,37157060,13574,14076,5376,4864,5120,5100,0,5070,0,0,0,2017-04-18,33230000,5110,1,0,0,0,0,0,0,0,0,5112,12,0,0,0,0,0,0,0,0
425,2017-04-18,09:13:50,0,SF705,XZCE,5110,5068,5112,1460,37208160,13574,14076,5376,4864,5120,5100,0,5070,0,0,0,2017-04-18,33230000,5104,15,0,0,0,0,0,0,0,0,5110,5,0,0,0,0,0,0,0,0
426,2017-04-18,09:13:51,0,SF705,XZCE,5110,5068,5112,1468,37412560,13574,14076,5376,4864,5120,5100,0,5070,0,0,0,2017-04-18,33231000,5104,15,0,0,0,0,0,0,0,0,5110,4,0,0,0,0,0,0,0,0
427,2017-04-18,09:13:51,0,SF705,XZCE,5104,5068,5112,1472,37514640,13572,14076,5376,4864,5120,5100,0,5070,0,0,0,2017-04-18,33231000,5104,13,0,0,0,0,0,0,0,0,5110,4,0,0,0,0,0,0,0,0
428,2017-04-18,09:13:52,0,SF705,XZCE,5104,5068,5112,1472,37514640,13572,14076,5376,4864,5120,5100,0,5070,0,0,0,2017-04-18,33232000,5104,13,0,0,0,0,0,0,0,0,5110,5,0,0,0,0,0,0,0,0
429,2017-04-18,09:14:00,0,SF705,XZCE,5104,5068,5112,1472,37514640,13572,14076,5376,4864,5120,5100,0,5070,0,0,0,2017-04-18,33240000,5104,13,0,0,0,0,0,0,0,0,5110,1,0,0,0,0,0,0,0,0
430,2017-04-18,09:14:01,0,SF705,XZCE,5110,5068,5112,1474,37565740,13572,14076,5376,4864,5120,5100,0,5070,0,0,0,2017-04-18,33241000,5110,14,0,0,0,0,0,0,0,0,5112,12,0,0,0,0,0,0,0,0
431,2017-04-18,09:14:01,0,SF705,XZCE,5112,5068,5112,1482,37770220,13572,14076,5376,4864,5120,5100,0,5070,0,0,0,2017-04-18,33241000,5110,15,0,0,0,0,0,0,0,0,5112,8,0,0,0,0,0,0,0,0
432,2017-04-18,09:14:03,0,SF705,XZCE,5112,5068,5112,1482,37770220,13572,14076,5376,4864,5120,5100,0,5070,0,0,0,2017-04-18,33243000,5110,1,0,0,0,0,0,0,0,0,5112,8,0,0,0,0,0,0,0,0
433,2017-04-18,09:14:05,0,SF705,XZCE,5112,5068,5112,1482,37770220,13572,14076,5376,4864,5120,5100,0,5070,0,0,0,2017-04-18,33245000,5106,89,0,0,0,0,0,0,0,0,5112,8,0,0,0,0,0,0,0,0
434,2017-04-18,09:14:06,0,SF705,XZCE,5112,5068,5112,1482,37770220,13572,14076,5376,4864,5120,5100,0,5070,0,0,0,2017-04-18,33246000,5104,13,0,0,0,0,0,0,0,0,5112,8,0,0,0,0,0,0,0,0
435,2017-04-18,09:14:07,0,SF705,XZCE,5108,5068,5112,1484,37821300,13570,14076,5376,4864,5120,5100,0,5070,0,0,0,2017-04-18,33247000,5104,13,0,0,0,0,0,0,0,0,5112,8,0,0,0,0,0,0,0,0
436,2017-04-18,09:14:10,0,SF705,XZCE,5112,5068,5112,1486,37872420,13570,14076,5376,4864,5120,5100,0,5070,0,0,0,2017-04-18,33250000,5104,14,0,0,0,0,0,0,0,0,5112,7,0,0,0,0,0,0,0,0
437,2017-04-18,09:14:11,0,SF705,XZCE,5112,5068,5112,1486,37872420,13570,14076,5376,4864,5120,5100,0,5070,0,0,0,2017-04-18,33251000,5104,15,0,0,0,0,0,0,0,0,5112,7,0,0,0,0,0,0,0,0
438,2017-04-18,09:14:11,0,SF705,XZCE,5112,5068,5112,1486,37872420,13570,14076,5376,4864,5120,5100,0,5070,0,0,0,2017-04-18,33251000,5104,14,0,0,0,0,0,0,0,0,5110,1,0,0,0,0,0,0,0,0
439,2017-04-18,09:14:11,0,SF705,XZCE,5112,5068,5112,1486,37872420,13570,14076,5376,4864,5120,5100,0,5070,0,0,0,2017-04-18,33251000,5106,1,0,0,0,0,0,0,0,0,5110,1,0,0,0,0,0,0,0,0
440,2017-04-18,09:14:15,0,SF705,XZCE,5110,5068,5112,1488,37923520,13572,14076,5376,4864,5120,5100,0,5070,0,0,0,2017-04-18,33255000,5106,1,0,0,0,0,0,0,0,0,5112,7,0,0,0,0,0,0,0,0
441,2017-04-18,09:14:15,0,SF705,XZCE,5110,5068,5112,1490,37974620,13570,14076,5376,4864,5120,5100,0,5070,0,0,0,2017-04-18,33255000,5106,2,0,0,0,0,0,0,0,0,5112,7,0,0,0,0,0,0,0,0
442,2017-04-18,09:14:18,0,SF705,XZCE,5110,5068,5112,1490,37974620,13570,14076,5376,4864,5120,5100,0,5070,0,0,0,2017-04-18,33258000,5106,2,0,0,0,0,0,0,0,0,5110,5,0,0,0,0,0,0,0,0
443,2017-04-18,09:14:18,0,SF705,XZCE,5110,5068,5112,1490,37974620,13570,14076,5376,4864,5120,5100,0,5070,0,0,0,2017-04-18,33258000,5106,1,0,0,0,0,0,0,0,0,5110,5,0,0,0,0,0,0,0,0
444,2017-04-18,09:14:20,0,SF705,XZCE,5110,5068,5112,1490,37974620,13570,14076,5376,4864,5120,5100,0,5070,0,0,0,2017-04-18,33260000,5108,1,0,0,0,0,0,0,0,0,5110,5,0,0,0,0,0,0,0,0
445,2017-04-18,09:14:22,0,SF705,XZCE,5110,5068,5112,1490,37974620,13570,14076,5376,4864,5120,5100,0,5070,0,0,0,2017-04-18,33262000,5108,1,0,0,0,0,0,0,0,0,5110,6,0,0,0,0,0,0,0,0
446,2017-04-18,09:14:22,0,SF705,XZCE,5110,5068,5112,1490,37974620,13570,14076,5376,4864,5120,5100,0,5070,0,0,0,2017-04-18,33262000,5108,1,0,0,0,0,0,0,0,0,5110,1,0,0,0,0,0,0,0,0
447,2017-04-18,09:14:25,0,SF705,XZCE,5108,5068,5112,1492,38025700,13570,14076,5376,4864,5120,5100,0,5070,0,0,0,2017-04-18,33265000,5106,2,0,0,0,0,0,0,0,0,5108,1,0,0,0,0,0,0,0,0
448,2017-04-18,09:14:27,0,SF705,XZCE,5108,5068,5112,1492,38025700,13570,14076,5376,4864,5120,5100,0,5070,0,0,0,2017-04-18,33267000,5104,14,0,0,0,0,0,0,0,0,5108,1,0,0,0,0,0,0,0,0
449,2017-04-18,09:14:29,0,SF705,XZCE,5108,5068,5112,1494,38076780,13572,14076,5376,4864,5120,5100,0,5070,0,0,0,2017-04-18,33269000,5106,89,0,0,0,0,0,0,0,0,5110,7,0,0,0,0,0,0,0,0
450,2017-04-18,09:14:30,0,SF705,XZCE,5108,5068,5112,1494,38076780,13572,14076,5376,4864,5120,5100,0,5070,0,0,0,2017-04-18,33270000,5106,89,0,0,0,0,0,0,0,0,5110,2,0,0,0,0,0,0,0,0
451,2017-04-18,09:14:35,0,SF705,XZCE,5110,5068,5112,1496,38127880,13572,14076,5376,4864,5120,5100,0,5070,0,0,0,2017-04-18,33275000,5108,1,0,0,0,0,0,0,0,0,5112,7,0,0,0,0,0,0,0,0
452,2017-04-18,09:14:39,0,SF705,XZCE,5110,5068,5112,1496,38127880,13572,14076,5376,4864,5120,5100,0,5070,0,0,0,2017-04-18,33279000,5106,89,0,0,0,0,0,0,0,0,5110,5,0,0,0,0,0,0,0,0
453,2017-04-18,09:14:43,0,SF705,XZCE,5110,5068,5112,1496,38127880,13572,14076,5376,4864,5120,5100,0,5070,0,0,0,2017-04-18,33283000,5104,13,0,0,0,0,0,0,0,0,5110,5,0,0,0,0,0,0,0,0
454,2017-04-18,09:14:45,0,SF705,XZCE,5110,5068,5112,1496,38127880,13572,14076,5376,4864,5120,5100,0,5070,0,0,0,2017-04-18,33285000,5104,13,0,0,0,0,0,0,0,0,5106,1,0,0,0,0,0,0,0,0
455,2017-04-18,09:14:46,0,SF705,XZCE,5110,5068,5112,1496,38127880,13572,14076,5376,4864,5120,5100,0,5070,0,0,0,2017-04-18,33286000,5104,13,0,0,0,0,0,0,0,0,5110,5,0,0,0,0,0,0,0,0
456,2017-04-18,09:14:48,0,SF705,XZCE,5106,5068,5112,1504,38332120,13574,14076,5376,4864,5120,5100,0,5070,0,0,0,2017-04-18,33288000,5104,13,0,0,0,0,0,0,0,0,5106,6,0,0,0,0,0,0,0,0
457,2017-04-18,09:14:50,0,SF705,XZCE,5104,5068,5112,1506,38383160,13576,14076,5376,4864,5120,5100,0,5070,0,0,0,2017-04-18,33290000,5104,12,0,0,0,0,0,0,0,0,5106,6,0,0,0,0,0,0,0,0
458,2017-04-18,09:14:50,0,SF705,XZCE,5106,5068,5112,1512,38536340,13576,14076,5376,4864,5120,5100,0,5070,0,0,0,2017-04-18,33290000,5104,12,0,0,0,0,0,0,0,0,5110,6,0,0,0,0,0,0,0,0
459,2017-04-18,09:14:50,0,SF705,XZCE,5110,5068,5112,1514,38587440,13578,14076,5376,4864,5120,5100,0,5070,0,0,0,2017-04-18,33290000,5104,12,0,0,0,0,0,0,0,0,5110,5,0,0,0,0,0,0,0,0
460,2017-04-18,09:14:51,0,SF705,XZCE,5106,5068,5112,1520,38740620,13572,14076,5376,4864,5120,5100,0,5070,0,0,0,2017-04-18,33291000,5104,12,0,0,0,0,0,0,0,0,5108,1,0,0,0,0,0,0,0,0
461,2017-04-18,09:14:52,0,SF705,XZCE,5106,5068,5112,1520,38740620,13572,14076,5376,4864,5120,5100,0,5070,0,0,0,2017-04-18,33292000,5104,12,0,0,0,0,0,0,0,0,5106,1,0,0,0,0,0,0,0,0
462,2017-04-18,09:14:52,0,SF705,XZCE,5106,5068,5112,1522,38791680,13570,14076,5376,4864,5120,5100,0,5070,0,0,0,2017-04-18,33292000,5104,12,0,0,0,0,0,0,0,0,5110,5,0,0,0,0,0,0,0,0
463,2017-04-18,09:14:53,0,SF705,XZCE,5106,5068,5112,1522,38791680,13570,14076,5376,4864,5120,5100,0,5070,0,0,0,2017-04-18,33293000,5106,3,0,0,0,0,0,0,0,0,5110,5,0,0,0,0,0,0,0,0
464,2017-04-18,09:14:57,0,SF705,XZCE,5106,5068,5112,1522,38791680,13570,14076,5376,4864,5120,5100,0,5070,0,0,0,2017-04-18,33297000,5106,3,0,0,0,0,0,0,0,0,5108,1,0,0,0,0,0,0,0,0
465,2017-04-18,09:15:00,0,SF705,XZCE,5106,5068,5112,1522,38791680,13570,14076,5376,4864,5120,5100,0,5070,0,0,0,2017-04-18,33300000,5106,7,0,0,0,0,0,0,0,0,5108,1,0,0,0,0,0,0,0,0
466,2017-04-18,09:15:15,0,SF705,XZCE,5108,5068,5112,1524,38842760,13570,14076,5376,4864,5120,5100,0,5070,0,0,0,2017-04-18,33315000,5106,7,0,0,0,0,0,0,0,0,5110,5,0,0,0,0,0,0,0,0
467,2017-04-18,09:15:25,0,SF705,XZCE,5108,5068,5112,1524,38842760,13570,14076,5376,4864,5120,5100,0,5070,0,0,0,2017-04-18,33325000,5106,7,0,0,0,0,0,0,0,0,5110,1,0,0,0,0,0,0,0,0
468,2017-04-18,09:15:36,0,SF705,XZCE,5110,5068,5112,1526,38893860,13570,14076,5376,4864,5120,5100,0,5070,0,0,0,2017-04-18,33336000,5106,7,0,0,0,0,0,0,0,0,5112,7,0,0,0,0,0,0,0,0
469,2017-04-18,09:15:48,0,SF705,XZCE,5110,5068,5112,1526,38893860,13570,14076,5376,4864,5120,5100,0,5070,0,0,0,2017-04-18,33348000,5106,8,0,0,0,0,0,0,0,0,5112,7,0,0,0,0,0,0,0,0
470,2017-04-18,09:15:49,0,SF705,XZCE,5110,5068,5112,1526,38893860,13570,14076,5376,4864,5120,5100,0,5070,0,0,0,2017-04-18,33349000,5108,2,0,0,0,0,0,0,0,0,5112,7,0,0,0,0,0,0,0,0
471,2017-04-18,09:15:50,0,SF705,XZCE,5110,5068,5112,1526,38893860,13570,14076,5376,4864,5120,5100,0,5070,0,0,0,2017-04-18,33350000,5110,1,0,0,0,0,0,0,0,0,5112,7,0,0,0,0,0,0,0,0
472,2017-04-18,09:15:51,0,SF705,XZCE,5106,5068,5112,1536,39149160,13568,14076,5376,4864,5120,5100,0,5070,0,0,0,2017-04-18,33351000,5106,6,0,0,0,0,0,0,0,0,5112,5,0,0,0,0,0,0,0,0
473,2017-04-18,09:15:51,0,SF705,XZCE,5112,5068,5112,1538,39200280,13566,14076,5376,4864,5120,5100,0,5070,0,0,0,2017-04-18,33351000,5108,1,0,0,0,0,0,0,0,0,5112,4,0,0,0,0,0,0,0,0
474,2017-04-18,09:15:54,0,SF705,XZCE,5112,5068,5112,1546,39404760,13558,14076,5376,4864,5120,5100,0,5070,0,0,0,2017-04-18,33354000,5112,16,0,0,0,0,0,0,0,0,5114,10,0,0,0,0,0,0,0,0
475,2017-04-18,09:15:59,0,SF705,XZCE,5112,5068,5112,1546,39404760,13558,14076,5376,4864,5120,5100,0,5070,0,0,0,2017-04-18,33359000,5112,17,0,0,0,0,0,0,0,0,5114,10,0,0,0,0,0,0,0,0
476,2017-04-18,09:16:00,0,SF705,XZCE,5112,5068,5114,1550,39507000,13556,14076,5376,4864,5120,5100,0,5070,0,0,0,2017-04-18,33360000,5112,16,0,0,0,0,0,0,0,0,5114,9,0,0,0,0,0,0,0,0
477,2017-04-18,09:16:01,0,SF705,XZCE,5114,5068,5114,1552,39558140,13554,14076,5376,4864,5120,5100,0,5070,0,0,0,2017-04-18,33361000,5112,15,0,0,0,0,0,0,0,0,5114,8,0,0,0,0,0,0,0,0
478,2017-04-18,09:16:01,0,SF705,XZCE,5114,5068,5114,1554,39609280,13554,14076,5376,4864,5120,5100,0,5070,0,0,0,2017-04-18,33361000,5112,16,0,0,0,0,0,0,0,0,5114,7,0,0,0,0,0,0,0,0
479,2017-04-18,09:16:02,0,SF705,XZCE,5114,5068,5114,1556,39660420,13552,14076,5376,4864,5120,5100,0,5070,0,0,0,2017-04-18,33362000,5112,16,0,0,0,0,0,0,0,0,5114,6,0,0,0,0,0,0,0,0
480,2017-04-18,09:16:04,0,SF705,XZCE,5114,5068,5114,1560,39762700,13552,14076,5376,4864,5120,5100,0,5070,0,0,0,2017-04-18,33364000,5112,16,0,0,0,0,0,0,0,0,5114,4,0,0,0,0,0,0,0,0
481,2017-04-18,09:16:04,0,SF705,XZCE,5114,5068,5114,1562,39813840,13552,14076,5376,4864,5120,5100,0,5070,0,0,0,2017-04-18,33364000,5112,16,0,0,0,0,0,0,0,0,5114,3,0,0,0,0,0,0,0,0
482,2017-04-18,09:16:04,0,SF705,XZCE,5114,5068,5114,1568,39967260,13552,14076,5376,4864,5120,5100,0,5070,0,0,0,2017-04-18,33364000,5114,11,0,0,0,0,0,0,0,0,5116,11,0,0,0,0,0,0,0,0
483,2017-04-18,09:16:08,0,SF705,XZCE,5116,5068,5116,1590,40530020,13554,14076,5376,4864,5120,5100,0,5070,0,0,0,2017-04-18,33368000,5116,14,0,0,0,0,0,0,0,0,5118,23,0,0,0,0,0,0,0,0
484,2017-04-18,09:16:12,0,SF705,XZCE,5118,5068,5118,1594,40632380,13552,14076,5376,4864,5120,5100,0,5070,0,0,0,2017-04-18,33372000,5116,14,0,0,0,0,0,0,0,0,5118,21,0,0,0,0,0,0,0,0
485,2017-04-18,09:16:13,0,SF705,XZCE,5116,5068,5118,1622,41348620,13552,14076,5376,4864,5120,5100,0,5070,0,0,0,2017-04-18,33373000,5112,1,0,0,0,0,0,0,0,0,5114,2,0,0,0,0,0,0,0,0
486,2017-04-18,09:16:14,0,SF705,XZCE,5116,5068,5118,1622,41348620,13552,14076,5376,4864,5120,5100,0,5070,0,0,0,2017-04-18,33374000,5108,1,0,0,0,0,0,0,0,0,5114,2,0,0,0,0,0,0,0,0
487,2017-04-18,09:16:15,0,SF705,XZCE,5112,5068,5118,1624,41399740,13550,14076,5376,4864,5120,5100,0,5070,0,0,0,2017-04-18,33375000,5108,1,0,0,0,0,0,0,0,0,5112,1,0,0,0,0,0,0,0,0
488,2017-04-18,09:16:15,0,SF705,XZCE,5112,5068,5118,1624,41399740,13550,14076,5376,4864,5120,5100,0,5070,0,0,0,2017-04-18,33375000,5112,1,0,0,0,0,0,0,0,0,5114,1,0,0,0,0,0,0,0,0
489,2017-04-18,09:16:19,0,SF705,XZCE,5114,5068,5118,1626,41450880,13548,14076,5376,4864,5120,5100,0,5070,0,0,0,2017-04-18,33379000,5114,14,0,0,0,0,0,0,0,0,5116,8,0,0,0,0,0,0,0,0
490,2017-04-18,09:16:22,0,SF705,XZCE,5114,5068,5118,1632,41604300,13542,14076,5376,4864,5120,5100,0,5070,0,0,0,2017-04-18,33382000,5114,11,0,0,0,0,0,0,0,0,5116,8,0,0,0,0,0,0,0,0
491,2017-04-18,09:16:23,0,SF705,XZCE,5114,5068,5118,1638,41757720,13538,14076,5376,4864,5120,5100,0,5070,0,0,0,2017-04-18,33383000,5114,8,0,0,0,0,0,0,0,0,5116,8,0,0,0,0,0,0,0,0
492,2017-04-18,09:16:24,0,SF705,XZCE,5116,5068,5118,1652,42115840,13538,14076,5376,4864,5120,5100,0,5070,0,0,0,2017-04-18,33384000,5114,8,0,0,0,0,0,0,0,0,5116,2,0,0,0,0,0,0,0,0
493,2017-04-18,09:16:25,0,SF705,XZCE,5116,5068,5118,1654,42167000,13540,14076,5376,4864,5120,5100,0,5070,0,0,0,2017-04-18,33385000,5114,8,0,0,0,0,0,0,0,0,5116,1,0,0,0,0,0,0,0,0
494,2017-04-18,09:16:29,0,SF705,XZCE,5116,5068,5118,1656,42218160,13538,14076,5376,4864,5120,5100,0,5070,0,0,0,2017-04-18,33389000,5116,3,0,0,0,0,0,0,0,0,5118,21,0,0,0,0,0,0,0,0
495,2017-04-18,09:16:30,0,SF705,XZCE,5116,5068,5118,1660,42320480,13536,14076,5376,4864,5120,5100,0,5070,0,0,0,2017-04-18,33390000,5116,1,0,0,0,0,0,0,0,0,5118,21,0,0,0,0,0,0,0,0
496,2017-04-18,09:16:31,0,SF705,XZCE,5118,5068,5118,1662,42371660,13534,14076,5376,4864,5120,5100,0,5070,0,0,0,2017-04-18,33391000,5116,1,0,0,0,0,0,0,0,0,5118,20,0,0,0,0,0,0,0,0
497,2017-04-18,09:16:38,0,SF705,XZCE,5116,5068,5118,1664,42422820,13532,14076,5376,4864,5120,5100,0,5070,0,0,0,2017-04-18,33398000,5112,2,0,0,0,0,0,0,0,0,5118,20,0,0,0,0,0,0,0,0
498,2017-04-18,09:16:39,0,SF705,XZCE,5118,5068,5118,1680,42832260,13516,14076,5376,4864,5120,5100,0,5070,0,0,0,2017-04-18,33399000,5112,2,0,0,0,0,0,0,0,0,5118,12,0,0,0,0,0,0,0,0
499,2017-04-18,09:16:41,0,SF705,XZCE,5112,5068,5118,1682,42883380,13516,14076,5376,4864,5120,5100,0,5070,0,0,0,2017-04-18,33401000,5112,1,0,0,0,0,0,0,0,0,5118,12,0,0,0,0,0,0,0,0
500,2017-04-18,09:16:41,0,SF705,XZCE,5112,5068,5118,1682,42883380,13516,14076,5376,4864,5120,5100,0,5070,0,0,0,2017-04-18,33401000,5112,1,0,0,0,0,0,0,0,0,5118,13,0,0,0,0,0,0,0,0
501,2017-04-18,09:16:42,0,SF705,XZCE,5118,5068,5118,1688,43036920,13510,14076,5376,4864,5120,5100,0,5070,0,0,0,2017-04-18,33402000,5112,1,0,0,0,0,0,0,0,0,5118,10,0,0,0,0,0,0,0,0
502,2017-04-18,09:16:44,0,SF705,XZCE,5118,5068,5118,1694,43190460,13504,14076,5376,4864,5120,5100,0,5070,0,0,0,2017-04-18,33404000,5112,1,0,0,0,0,0,0,0,0,5118,9,0,0,0,0,0,0,0,0
503,2017-04-18,09:16:47,0,SF705,XZCE,5118,5068,5118,1694,43190460,13504,14076,5376,4864,5120,5100,0,5070,0,0,0,2017-04-18,33407000,5114,3,0,0,0,0,0,0,0,0,5118,9,0,0,0,0,0,0,0,0
504,2017-04-18,09:16:52,0,SF705,XZCE,5114,5068,5118,1700,43343880,13498,14076,5376,4864,5120,5100,0,5070,0,0,0,2017-04-18,33412000,5112,1,0,0,0,0,0,0,0,0,5114,1,0,0,0,0,0,0,0,0
505,2017-04-18,09:16:54,0,SF705,XZCE,5114,5068,5118,1700,43343880,13498,14076,5376,4864,5120,5100,0,5070,0,0,0,2017-04-18,33414000,5112,6,0,0,0,0,0,0,0,0,5114,1,0,0,0,0,0,0,0,0
506,2017-04-18,09:16:55,0,SF705,XZCE,5114,5068,5118,1702,43395020,13498,14076,5376,4864,5120,5100,0,5070,0,0,0,2017-04-18,33415000,5114,9,0,0,0,0,0,0,0,0,5118,9,0,0,0,0,0,0,0,0
507,2017-04-18,09:16:57,0,SF705,XZCE,5114,5068,5118,1704,43446160,13498,14076,5376,4864,5120,5100,0,5070,0,0,0,2017-04-18,33417000,5114,8,0,0,0,0,0,0,0,0,5118,9,0,0,0,0,0,0,0,0
508,2017-04-18,09:16:57,0,SF705,XZCE,5114,5068,5118,1704,43446160,13498,14076,5376,4864,5120,5100,0,5070,0,0,0,2017-04-18,33417000,5112,6,0,0,0,0,0,0,0,0,5118,9,0,0,0,0,0,0,0,0
509,2017-04-18,09:17:12,0,SF705,XZCE,5114,5068,5118,1704,43446160,13498,14076,5376,4864,5120,5100,0,5070,0,0,0,2017-04-18,33432000,5112,6,0,0,0,0,0,0,0,0,5118,17,0,0,0,0,0,0,0,0
510,2017-04-18,09:17:22,0,SF705,XZCE,5114,5068,5118,1704,43446160,13498,14076,5376,4864,5120,5100,0,5070,0,0,0,2017-04-18,33442000,5112,5,0,0,0,0,0,0,0,0,5116,1,0,0,0,0,0,0,0,0
511,2017-04-18,09:17:26,0,SF705,XZCE,5112,5068,5118,1714,43701760,13498,14076,5376,4864,5120,5100,0,5070,0,0,0,2017-04-18,33446000,5110,5,0,0,0,0,0,0,0,0,5112,25,0,0,0,0,0,0,0,0
512,2017-04-18,09:17:32,0,SF705,XZCE,5112,5068,5118,1764,44979760,13540,14076,5376,4864,5120,5100,0,5070,0,0,0,2017-04-18,33452000,5112,3,0,0,0,0,0,0,0,0,5116,1,0,0,0,0,0,0,0,0
513,2017-04-18,09:17:34,0,SF705,XZCE,5112,5068,5118,1764,44979760,13540,14076,5376,4864,5120,5100,0,5070,0,0,0,2017-04-18,33454000,5110,5,0,0,0,0,0,0,0,0,5116,1,0,0,0,0,0,0,0,0
514,2017-04-18,09:17:38,0,SF705,XZCE,5112,5068,5118,1764,44979760,13540,14076,5376,4864,5120,5100,0,5070,0,0,0,2017-04-18,33458000,5110,5,0,0,0,0,0,0,0,0,5114,1,0,0,0,0,0,0,0,0
515,2017-04-18,09:17:39,0,SF705,XZCE,5112,5068,5118,1764,44979760,13540,14076,5376,4864,5120,5100,0,5070,0,0,0,2017-04-18,33459000,5112,1,0,0,0,0,0,0,0,0,5114,1,0,0,0,0,0,0,0,0
516,2017-04-18,09:17:41,0,SF705,XZCE,5114,5068,5118,1766,45030900,13538,14076,5376,4864,5120,5100,0,5070,0,0,0,2017-04-18,33461000,5114,4,0,0,0,0,0,0,0,0,5116,1,0,0,0,0,0,0,0,0
517,2017-04-18,09:17:43,0,SF705,XZCE,5114,5068,5118,1766,45030900,13538,14076,5376,4864,5120,5100,0,5070,0,0,0,2017-04-18,33463000,5112,1,0,0,0,0,0,0,0,0,5116,1,0,0,0,0,0,0,0,0
518,2017-04-18,09:17:45,0,SF705,XZCE,5114,5068,5118,1766,45030900,13538,14076,5376,4864,5120,5100,0,5070,0,0,0,2017-04-18,33465000,5112,1,0,0,0,0,0,0,0,0,5116,2,0,0,0,0,0,0,0,0
519,2017-04-18,09:17:46,0,SF705,XZCE,5114,5068,5118,1766,45030900,13538,14076,5376,4864,5120,5100,0,5070,0,0,0,2017-04-18,33466000,5112,2,0,0,0,0,0,0,0,0,5116,2,0,0,0,0,0,0,0,0
520,2017-04-18,09:17:47,0,SF705,XZCE,5114,5068,5118,1766,45030900,13538,14076,5376,4864,5120,5100,0,5070,0,0,0,2017-04-18,33467000,5114,1,0,0,0,0,0,0,0,0,5116,2,0,0,0,0,0,0,0,0
521,2017-04-18,09:17:49,0,SF705,XZCE,5114,5068,5118,1766,45030900,13538,14076,5376,4864,5120,5100,0,5070,0,0,0,2017-04-18,33469000,5112,1,0,0,0,0,0,0,0,0,5116,2,0,0,0,0,0,0,0,0
522,2017-04-18,09:17:49,0,SF705,XZCE,5116,5068,5118,1768,45082060,13538,14076,5376,4864,5120,5100,0,5070,0,0,0,2017-04-18,33469000,5112,1,0,0,0,0,0,0,0,0,5116,1,0,0,0,0,0,0,0,0
523,2017-04-18,09:17:50,0,SF705,XZCE,5116,5068,5118,1768,45082060,13538,14076,5376,4864,5120,5100,0,5070,0,0,0,2017-04-18,33470000,5114,1,0,0,0,0,0,0,0,0,5116,1,0,0,0,0,0,0,0,0
524,2017-04-18,09:17:50,0,SF705,XZCE,5116,5068,5118,1768,45082060,13538,14076,5376,4864,5120,5100,0,5070,0,0,0,2017-04-18,33470000,5112,2,0,0,0,0,0,0,0,0,5116,1,0,0,0,0,0,0,0,0
525,2017-04-18,09:17:51,0,SF705,XZCE,5116,5068,5118,1768,45082060,13538,14076,5376,4864,5120,5100,0,5070,0,0,0,2017-04-18,33471000,5112,2,0,0,0,0,0,0,0,0,5114,1,0,0,0,0,0,0,0,0
526,2017-04-18,09:17:52,0,SF705,XZCE,5114,5068,5118,1770,45133200,13538,14076,5376,4864,5120,5100,0,5070,0,0,0,2017-04-18,33472000,5112,1,0,0,0,0,0,0,0,0,5116,1,0,0,0,0,0,0,0,0
527,2017-04-18,09:17:53,0,SF705,XZCE,5114,5068,5118,1770,45133200,13538,14076,5376,4864,5120,5100,0,5070,0,0,0,2017-04-18,33473000,5114,4,0,0,0,0,0,0,0,0,5116,1,0,0,0,0,0,0,0,0
528,2017-04-18,09:17:58,0,SF705,XZCE,5114,5068,5118,1770,45133200,13538,14076,5376,4864,5120,5100,0,5070,0,0,0,2017-04-18,33478000,5112,2,0,0,0,0,0,0,0,0,5114,5,0,0,0,0,0,0,0,0
529,2017-04-18,09:18:08,0,SF705,XZCE,5112,5068,5118,1772,45184320,13538,14076,5376,4864,5120,5100,0,5070,0,0,0,2017-04-18,33488000,5112,1,0,0,0,0,0,0,0,0,5114,5,0,0,0,0,0,0,0,0
530,2017-04-18,09:18:10,0,SF705,XZCE,5112,5068,5118,1774,45235440,13538,14076,5376,4864,5120,5100,0,5070,0,0,0,2017-04-18,33490000,5110,5,0,0,0,0,0,0,0,0,5114,5,0,0,0,0,0,0,0,0
531,2017-04-18,09:18:19,0,SF705,XZCE,5110,5068,5118,1776,45286540,13540,14076,5376,4864,5120,5100,0,5070,0,0,0,2017-04-18,33499000,5110,4,0,0,0,0,0,0,0,0,5114,5,0,0,0,0,0,0,0,0
532,2017-04-18,09:18:21,0,SF705,XZCE,5110,5068,5118,1776,45286540,13540,14076,5376,4864,5120,5100,0,5070,0,0,0,2017-04-18,33501000,5110,3,0,0,0,0,0,0,0,0,5114,5,0,0,0,0,0,0,0,0
533,2017-04-18,09:18:22,0,SF705,XZCE,5110,5068,5118,1782,45439840,13538,14076,5376,4864,5120,5100,0,5070,0,0,0,2017-04-18,33502000,5108,14,0,0,0,0,0,0,0,0,5110,2,0,0,0,0,0,0,0,0
534,2017-04-18,09:18:22,0,SF705,XZCE,5110,5068,5118,1786,45542040,13534,14076,5376,4864,5120,5100,0,5070,0,0,0,2017-04-18,33502000,5110,9,0,0,0,0,0,0,0,0,5118,17,0,0,0,0,0,0,0,0
535,2017-04-18,09:18:23,0,SF705,XZCE,5110,5068,5118,1786,45542040,13534,14076,5376,4864,5120,5100,0,5070,0,0,0,2017-04-18,33503000,5114,1,0,0,0,0,0,0,0,0,5118,17,0,0,0,0,0,0,0,0
536,2017-04-18,09:18:24,0,SF705,XZCE,5116,5068,5118,1794,45746680,13534,14076,5376,4864,5120,5100,0,5070,0,0,0,2017-04-18,33504000,5114,1,0,0,0,0,0,0,0,0,5116,4,0,0,0,0,0,0,0,0
537,2017-04-18,09:18:25,0,SF705,XZCE,5116,5068,5118,1796,45797840,13536,14076,5376,4864,5120,5100,0,5070,0,0,0,2017-04-18,33505000,5114,1,0,0,0,0,0,0,0,0,5116,3,0,0,0,0,0,0,0,0
538,2017-04-18,09:18:26,0,SF705,XZCE,5116,5068,5118,1796,45797840,13536,14076,5376,4864,5120,5100,0,5070,0,0,0,2017-04-18,33506000,5114,1,0,0,0,0,0,0,0,0,5116,1,0,0,0,0,0,0,0,0
539,2017-04-18,09:18:28,0,SF705,XZCE,5114,5068,5118,1798,45848980,13534,14076,5376,4864,5120,5100,0,5070,0,0,0,2017-04-18,33508000,5108,11,0,0,0,0,0,0,0,0,5116,3,0,0,0,0,0,0,0,0
540,2017-04-18,09:18:32,0,SF705,XZCE,5114,5068,5118,1798,45848980,13534,14076,5376,4864,5120,5100,0,5070,0,0,0,2017-04-18,33512000,5108,9,0,0,0,0,0,0,0,0,5116,3,0,0,0,0,0,0,0,0
541,2017-04-18,09:18:33,0,SF705,XZCE,5114,5068,5118,1798,45848980,13534,14076,5376,4864,5120,5100,0,5070,0,0,0,2017-04-18,33513000,5108,9,0,0,0,0,0,0,0,0,5114,5,0,0,0,0,0,0,0,0
542,2017-04-18,09:18:41,0,SF705,XZCE,5108,5068,5118,1814,46257620,13518,14076,5376,4864,5120,5100,0,5070,0,0,0,2017-04-18,33521000,5108,1,0,0,0,0,0,0,0,0,5114,5,0,0,0,0,0,0,0,0
543,2017-04-18,09:18:42,0,SF705,XZCE,5106,5068,5118,1820,46410800,13512,14076,5376,4864,5120,5100,0,5070,0,0,0,2017-04-18,33522000,5106,7,0,0,0,0,0,0,0,0,5114,5,0,0,0,0,0,0,0,0
544,2017-04-18,09:18:48,0,SF705,XZCE,5106,5068,5118,1820,46410800,13512,14076,5376,4864,5120,5100,0,5070,0,0,0,2017-04-18,33528000,5106,7,0,0,0,0,0,0,0,0,5114,6,0,0,0,0,0,0,0,0
545,2017-04-18,09:18:50,0,SF705,XZCE,5106,5068,5118,1822,46461860,13512,14076,5376,4864,5120,5100,0,5070,0,0,0,2017-04-18,33530000,5106,6,0,0,0,0,0,0,0,0,5114,6,0,0,0,0,0,0,0,0
546,2017-04-18,09:18:51,0,SF705,XZCE,5106,5068,5118,1822,46461860,13512,14076,5376,4864,5120,5100,0,5070,0,0,0,2017-04-18,33531000,5106,6,0,0,0,0,0,0,0,0,5114,1,0,0,0,0,0,0,0,0
547,2017-04-18,09:18:53,0,SF705,XZCE,5106,5068,5118,1822,46461860,13512,14076,5376,4864,5120,5100,0,5070,0,0,0,2017-04-18,33533000,5106,6,0,0,0,0,0,0,0,0,5114,2,0,0,0,0,0,0,0,0
548,2017-04-18,09:18:53,0,SF705,XZCE,5106,5068,5118,1834,46768220,13500,14076,5376,4864,5120,5100,0,5070,0,0,0,2017-04-18,33533000,5104,2,0,0,0,0,0,0,0,0,5114,22,0,0,0,0,0,0,0,0
549,2017-04-18,09:18:56,0,SF705,XZCE,5104,5068,5118,1836,46819260,13500,14076,5376,4864,5120,5100,0,5070,0,0,0,2017-04-18,33536000,5104,1,0,0,0,0,0,0,0,0,5114,22,0,0,0,0,0,0,0,0
550,2017-04-18,09:18:58,0,SF705,XZCE,5104,5068,5118,1836,46819260,13500,14076,5376,4864,5120,5100,0,5070,0,0,0,2017-04-18,33538000,5104,1,0,0,0,0,0,0,0,0,5106,2,0,0,0,0,0,0,0,0
551,2017-04-18,09:19:02,0,SF705,XZCE,5106,5068,5118,1838,46870320,13498,14076,5376,4864,5120,5100,0,5070,0,0,0,2017-04-18,33542000,5104,1,0,0,0,0,0,0,0,0,5106,1,0,0,0,0,0,0,0,0
552,2017-04-18,09:19:04,0,SF705,XZCE,5106,5068,5118,1840,46921380,13496,14076,5376,4864,5120,5100,0,5070,0,0,0,2017-04-18,33544000,5104,1,0,0,0,0,0,0,0,0,5112,2,0,0,0,0,0,0,0,0
553,2017-04-18,09:19:04,0,SF705,XZCE,5104,5068,5118,1842,46972420,13494,14076,5376,4864,5120,5100,0,5070,0,0,0,2017-04-18,33544000,5100,2,0,0,0,0,0,0,0,0,5112,1,0,0,0,0,0,0,0,0
554,2017-04-18,09:19:07,0,SF705,XZCE,5104,5068,5118,1842,46972420,13494,14076,5376,4864,5120,5100,0,5070,0,0,0,2017-04-18,33547000,5104,4,0,0,0,0,0,0,0,0,5112,1,0,0,0,0,0,0,0,0
555,2017-04-18,09:19:07,0,SF705,XZCE,5104,5068,5118,1842,46972420,13494,14076,5376,4864,5120,5100,0,5070,0,0,0,2017-04-18,33547000,5104,4,0,0,0,0,0,0,0,0,5110,1,0,0,0,0,0,0,0,0
556,2017-04-18,09:19:12,0,SF705,XZCE,5104,5068,5118,1852,47227620,13496,14076,5376,4864,5120,5100,0,5070,0,0,0,2017-04-18,33552000,5100,3,0,0,0,0,0,0,0,0,5104,8,0,0,0,0,0,0,0,0
557,2017-04-18,09:19:18,0,SF705,XZCE,5104,5068,5118,1852,47227620,13496,14076,5376,4864,5120,5100,0,5070,0,0,0,2017-04-18,33558000,5100,4,0,0,0,0,0,0,0,0,5104,8,0,0,0,0,0,0,0,0
558,2017-04-18,09:19:20,0,SF705,XZCE,5104,5068,5118,1856,47329700,13496,14076,5376,4864,5120,5100,0,5070,0,0,0,2017-04-18,33560000,5102,1,0,0,0,0,0,0,0,0,5104,6,0,0,0,0,0,0,0,0
559,2017-04-18,09:19:28,0,SF705,XZCE,5102,5068,5118,1864,47533780,13488,14076,5376,4864,5120,5100,0,5070,0,0,0,2017-04-18,33568000,5100,4,0,0,0,0,0,0,0,0,5102,7,0,0,0,0,0,0,0,0
560,2017-04-18,09:19:29,0,SF705,XZCE,5102,5068,5118,1878,47890920,13488,14076,5376,4864,5120,5100,0,5070,0,0,0,2017-04-18,33569000,5100,4,0,0,0,0,0,0,0,0,5104,6,0,0,0,0,0,0,0,0
561,2017-04-18,09:19:29,0,SF705,XZCE,5102,5068,5118,1878,47890920,13488,14076,5376,4864,5120,5100,0,5070,0,0,0,2017-04-18,33569000,5100,4,0,0,0,0,0,0,0,0,5104,16,0,0,0,0,0,0,0,0
562,2017-04-18,09:19:39,0,SF705,XZCE,5102,5068,5118,1878,47890920,13488,14076,5376,4864,5120,5100,0,5070,0,0,0,2017-04-18,33579000,5100,6,0,0,0,0,0,0,0,0,5102,2,0,0,0,0,0,0,0,0
563,2017-04-18,09:19:40,0,SF705,XZCE,5102,5068,5118,1878,47890920,13488,14076,5376,4864,5120,5100,0,5070,0,0,0,2017-04-18,33580000,5100,7,0,0,0,0,0,0,0,0,5102,2,0,0,0,0,0,0,0,0
