,dataDate,dataTime,dataMillisec,instrumentID,exchangeCD,lastPrice,lowPrice,highPrice,volume,value,openInterest,preOpenInterest,upperLimitPrice,lowerLimitPrice,preSettlementPrice,prevClosePrice,settlementPrice,openPrice,closePrice,preDelta,currDelta,clearingDay,milliSecOffset,bidPrice1,bidVolume1,bidPrice2,bidVolume2,bidPrice3,bidVolume3,bidPrice4,bidVolume4,bidPrice5,bidVolume5,askPrice1,askVolume1,askPrice2,askVolume2,askPrice3,askVolume3,askPrice4,askVolume4,askPrice5,askVolume5
0,2017-04-17,19:32:02,0,SM705,XZCE,5738,0,0,0,0,35264,35264,6140,5444,5792,5738,0,0,0,0,0,2017-04-18,70322000,0,0,0,0,0,0,0,0,0,0,0,0,0,0,0,0,0,0,0,0
1,2017-04-18,08:59:00,0,SM705,XZCE,5730,5730,5730,70,2005500,35260,35264,6140,5444,5792,5738,0,5730,0,0,0,2017-04-18,32340000,5730,50,0,0,0,0,0,0,0,0,5736,7,0,0,0,0,0,0,0,0
2,2017-04-18,08:59:00,0,SM705,XZCE,5730,5730,5730,70,2005500,35260,35264,6140,5444,5792,5738,0,5730,0,0,0,2017-04-18,32340000,5730,50,0,0,0,0,0,0,0,0,5736,7,0,0,0,0,0,0,0,0
3,2017-04-18,09:00:00,0,SM705,XZCE,5730,5730,5730,74,2120100,35260,35264,6140,5444,5792,5738,0,5730,0,0,0,2017-04-18,32400000,5732,10,0,0,0,0,0,0,0,0,5736,8,0,0,0,0,0,0,0,0
4,2017-04-18,09:00:00,0,SM705,XZCE,5730,5730,5736,164,4698600,35322,35264,6140,5444,5792,5738,0,5730,0,0,0,2017-04-18,32400000,5734,1,0,0,0,0,0,0,0,0,5736,4,0,0,0,0,0,0,0,0
5,2017-04-18,09:00:00,0,SM705,XZCE,5730,5730,5730,74,2120100,35260,35264,6140,5444,5792,5738,0,5730,0,0,0,2017-04-18,32400000,5732,10,0,0,0,0,0,0,0,0,5736,8,0,0,0,0,0,0,0,0
6,2017-04-18,09:00:00,0,SM705,XZCE,5730,5730,5736,164,4698600,35322,35264,6140,5444,5792,5738,0,5730,0,0,0,2017-04-18,32400000,5734,1,0,0,0,0,0,0,0,0,5736,4,0,0,0,0,0,0,0,0
7,2017-04-18,09:00:01,0,SM705,XZCE,5730,5730,5738,216,6188400,35316,35264,6140,5444,5792,5738,0,5730,0,0,0,2017-04-18,32401000,5730,15,0,0,0,0,0,0,0,0,5736,10,0,0,0,0,0,0,0,0
8,2017-04-18,09:00:01,0,SM705,XZCE,5730,5730,5738,270,7735500,35334,35264,6140,5444,5792,5738,0,5730,0,0,0,2017-04-18,32401000,5722,5,0,0,0,0,0,0,0,0,5724,10,0,0,0,0,0,0,0,0
9,2017-04-18,09:00:01,0,SM705,XZCE,5730,5730,5738,216,6188400,35316,35264,6140,5444,5792,5738,0,5730,0,0,0,2017-04-18,32401000,5730,15,0,0,0,0,0,0,0,0,5736,10,0,0,0,0,0,0,0,0
10,2017-04-18,09:00:01,0,SM705,XZCE,5730,5730,5738,270,7735500,35334,35264,6140,5444,5792,5738,0,5730,0,0,0,2017-04-18,32401000,5722,5,0,0,0,0,0,0,0,0,5724,10,0,0,0,0,0,0,0,0
11,2017-04-18,09:00:02,0,SM705,XZCE,5714,5714,5738,320,9164000,35352,35264,6140,5444,5792,5738,0,5730,0,0,0,2017-04-18,32402000,5712,2,0,0,0,0,0,0,0,0,5714,4,0,0,0,0,0,0,0,0
12,2017-04-18,09:00:02,0,SM705,XZCE,5714,5714,5738,320,9164000,35352,35264,6140,5444,5792,5738,0,5730,0,0,0,2017-04-18,32402000,5712,2,0,0,0,0,0,0,0,0,5714,4,0,0,0,0,0,0,0,0
13,2017-04-18,09:00:02,0,SM705,XZCE,5712,5712,5738,344,9849440,35372,35264,6140,5444,5792,5738,0,5730,0,0,0,2017-04-18,32402000,5710,9,0,0,0,0,0,0,0,0,5712,5,0,0,0,0,0,0,0,0
14,2017-04-18,09:00:03,0,SM705,XZCE,5722,5710,5738,446,12767660,35402,35264,6140,5444,5792,5738,0,5730,0,0,0,2017-04-18,32403000,5722,1,0,0,0,0,0,0,0,0,5728,1,0,0,0,0,0,0,0,0
15,2017-04-18,09:00:03,0,SM705,XZCE,5720,5708,5738,512,14655260,35406,35264,6140,5444,5792,5738,0,5730,0,0,0,2017-04-18,32403000,5714,4,0,0,0,0,0,0,0,0,5720,3,0,0,0,0,0,0,0,0
16,2017-04-18,09:00:04,0,SM705,XZCE,5716,5708,5738,516,14769580,35406,35264,6140,5444,5792,5738,0,5730,0,0,0,2017-04-18,32404000,5716,9,0,0,0,0,0,0,0,0,5720,3,0,0,0,0,0,0,0,0
17,2017-04-18,09:00:04,0,SM705,XZCE,5714,5708,5738,564,16140940,35430,35264,6140,5444,5792,5738,0,5730,0,0,0,2017-04-18,32404000,5714,10,0,0,0,0,0,0,0,0,5716,4,0,0,0,0,0,0,0,0
18,2017-04-18,09:00:05,0,SM705,XZCE,5720,5708,5738,574,16426940,35430,35264,6140,5444,5792,5738,0,5730,0,0,0,2017-04-18,32405000,5716,9,0,0,0,0,0,0,0,0,5722,5,0,0,0,0,0,0,0,0
19,2017-04-18,09:00:05,0,SM705,XZCE,5718,5708,5738,584,16712840,35426,35264,6140,5444,5792,5738,0,5730,0,0,0,2017-04-18,32405000,5718,5,0,0,0,0,0,0,0,0,5722,5,0,0,0,0,0,0,0,0
20,2017-04-18,09:00:06,0,SM705,XZCE,5722,5708,5738,600,17170600,35418,35264,6140,5444,5792,5738,0,5730,0,0,0,2017-04-18,32406000,5720,6,0,0,0,0,0,0,0,0,5722,2,0,0,0,0,0,0,0,0
21,2017-04-18,09:00:06,0,SM705,XZCE,5722,5708,5738,604,17285040,35418,35264,6140,5444,5792,5738,0,5730,0,0,0,2017-04-18,32406000,5722,9,0,0,0,0,0,0,0,0,5728,2,0,0,0,0,0,0,0,0
22,2017-04-18,09:00:07,0,SM705,XZCE,5724,5708,5738,622,17800200,35410,35264,6140,5444,5792,5738,0,5730,0,0,0,2017-04-18,32407000,5722,5,0,0,0,0,0,0,0,0,5728,2,0,0,0,0,0,0,0,0
23,2017-04-18,09:00:07,0,SM705,XZCE,5722,5708,5738,636,18200740,35404,35264,6140,5444,5792,5738,0,5730,0,0,0,2017-04-18,32407000,5720,9,0,0,0,0,0,0,0,0,5722,9,0,0,0,0,0,0,0,0
24,2017-04-18,09:00:08,0,SM705,XZCE,5722,5708,5738,648,18544060,35400,35264,6140,5444,5792,5738,0,5730,0,0,0,2017-04-18,32408000,5722,3,0,0,0,0,0,0,0,0,5728,3,0,0,0,0,0,0,0,0
25,2017-04-18,09:00:08,0,SM705,XZCE,5722,5708,5738,670,19173480,35390,35264,6140,5444,5792,5738,0,5730,0,0,0,2017-04-18,32408000,5720,7,0,0,0,0,0,0,0,0,5726,1,0,0,0,0,0,0,0,0
26,2017-04-18,09:00:09,0,SM705,XZCE,5720,5708,5738,688,19688280,35400,35264,6140,5444,5792,5738,0,5730,0,0,0,2017-04-18,32409000,5718,6,0,0,0,0,0,0,0,0,5724,4,0,0,0,0,0,0,0,0
27,2017-04-18,09:00:09,0,SM705,XZCE,5724,5708,5738,690,19745520,35402,35264,6140,5444,5792,5738,0,5730,0,0,0,2017-04-18,32409000,5722,2,0,0,0,0,0,0,0,0,5724,2,0,0,0,0,0,0,0,0
28,2017-04-18,09:00:10,0,SM705,XZCE,5722,5708,5738,702,20088840,35414,35264,6140,5444,5792,5738,0,5730,0,0,0,2017-04-18,32410000,5720,1,0,0,0,0,0,0,0,0,5722,2,0,0,0,0,0,0,0,0
29,2017-04-18,09:00:10,0,SM705,XZCE,5728,5708,5738,714,20432520,35418,35264,6140,5444,5792,5738,0,5730,0,0,0,2017-04-18,32410000,5724,2,0,0,0,0,0,0,0,0,5728,2,0,0,0,0,0,0,0,0
30,2017-04-18,09:00:11,0,SM705,XZCE,5728,5708,5738,720,20604360,35416,35264,6140,5444,5792,5738,0,5730,0,0,0,2017-04-18,32411000,5726,1,0,0,0,0,0,0,0,0,5730,7,0,0,0,0,0,0,0,0
31,2017-04-18,09:00:11,0,SM705,XZCE,5730,5708,5738,724,20718960,35418,35264,6140,5444,5792,5738,0,5730,0,0,0,2017-04-18,32411000,5724,4,0,0,0,0,0,0,0,0,5730,5,0,0,0,0,0,0,0,0
32,2017-04-18,09:00:12,0,SM705,XZCE,5730,5708,5738,734,21005460,35414,35264,6140,5444,5792,5738,0,5730,0,0,0,2017-04-18,32412000,5726,2,0,0,0,0,0,0,0,0,5730,10,0,0,0,0,0,0,0,0
33,2017-04-18,09:00:12,0,SM705,XZCE,5726,5708,5738,740,21177240,35416,35264,6140,5444,5792,5738,0,5730,0,0,0,2017-04-18,32412000,5726,3,0,0,0,0,0,0,0,0,5730,9,0,0,0,0,0,0,0,0
34,2017-04-18,09:00:13,0,SM705,XZCE,5726,5708,5738,742,21234500,35418,35264,6140,5444,5792,5738,0,5730,0,0,0,2017-04-18,32413000,5728,1,0,0,0,0,0,0,0,0,5730,9,0,0,0,0,0,0,0,0
35,2017-04-18,09:00:13,0,SM705,XZCE,5726,5708,5738,768,21978880,35430,35264,6140,5444,5792,5738,0,5730,0,0,0,2017-04-18,32413000,5722,23,0,0,0,0,0,0,0,0,5726,25,0,0,0,0,0,0,0,0
36,2017-04-18,09:00:14,0,SM705,XZCE,5722,5708,5738,772,22093320,35428,35264,6140,5444,5792,5738,0,5730,0,0,0,2017-04-18,32414000,5722,2,0,0,0,0,0,0,0,0,5726,25,0,0,0,0,0,0,0,0
37,2017-04-18,09:00:14,0,SM705,XZCE,5722,5708,5738,772,22093320,35428,35264,6140,5444,5792,5738,0,5730,0,0,0,2017-04-18,32414000,5722,2,0,0,0,0,0,0,0,0,5724,2,0,0,0,0,0,0,0,0
38,2017-04-18,09:00:15,0,SM705,XZCE,5718,5708,5738,784,22436400,35430,35264,6140,5444,5792,5738,0,5730,0,0,0,2017-04-18,32415000,5718,5,0,0,0,0,0,0,0,0,5722,2,0,0,0,0,0,0,0,0
39,2017-04-18,09:00:15,0,SM705,XZCE,5718,5708,5738,784,22436400,35430,35264,6140,5444,5792,5738,0,5730,0,0,0,2017-04-18,32415000,5718,6,0,0,0,0,0,0,0,0,5722,2,0,0,0,0,0,0,0,0
40,2017-04-18,09:00:16,0,SM705,XZCE,5718,5708,5738,798,22836660,35428,35264,6140,5444,5792,5738,0,5730,0,0,0,2017-04-18,32416000,5716,2,0,0,0,0,0,0,0,0,5718,8,0,0,0,0,0,0,0,0
41,2017-04-18,09:00:16,0,SM705,XZCE,5718,5708,5738,816,23351280,35422,35264,6140,5444,5792,5738,0,5730,0,0,0,2017-04-18,32416000,5718,5,0,0,0,0,0,0,0,0,5724,2,0,0,0,0,0,0,0,0
42,2017-04-18,09:00:17,0,SM705,XZCE,5724,5708,5738,826,23637480,35414,35264,6140,5444,5792,5738,0,5730,0,0,0,2017-04-18,32417000,5718,6,0,0,0,0,0,0,0,0,5724,1,0,0,0,0,0,0,0,0
43,2017-04-18,09:00:17,0,SM705,XZCE,5722,5708,5738,830,23751920,35414,35264,6140,5444,5792,5738,0,5730,0,0,0,2017-04-18,32417000,5718,6,0,0,0,0,0,0,0,0,5724,1,0,0,0,0,0,0,0,0
44,2017-04-18,09:00:17,0,SM705,XZCE,5718,5708,5738,832,23809100,35416,35264,6140,5444,5792,5738,0,5730,0,0,0,2017-04-18,32417000,5718,5,0,0,0,0,0,0,0,0,5724,1,0,0,0,0,0,0,0,0
45,2017-04-18,09:00:18,0,SM705,XZCE,5718,5708,5738,834,23866280,35418,35264,6140,5444,5792,5738,0,5730,0,0,0,2017-04-18,32418000,5718,4,0,0,0,0,0,0,0,0,5722,1,0,0,0,0,0,0,0,0
46,2017-04-18,09:00:19,0,SM705,XZCE,5718,5708,5738,834,23866280,35418,35264,6140,5444,5792,5738,0,5730,0,0,0,2017-04-18,32419000,5718,23,0,0,0,0,0,0,0,0,5722,1,0,0,0,0,0,0,0,0
47,2017-04-18,09:00:19,0,SM705,XZCE,5718,5708,5738,836,23923460,35420,35264,6140,5444,5792,5738,0,5730,0,0,0,2017-04-18,32419000,5718,22,0,0,0,0,0,0,0,0,5722,2,0,0,0,0,0,0,0,0
48,2017-04-18,09:00:20,0,SM705,XZCE,5718,5708,5738,846,24209360,35426,35264,6140,5444,5792,5738,0,5730,0,0,0,2017-04-18,32420000,5718,18,0,0,0,0,0,0,0,0,5722,9,0,0,0,0,0,0,0,0
49,2017-04-18,09:00:21,0,SM705,XZCE,5718,5708,5738,846,24209360,35426,35264,6140,5444,5792,5738,0,5730,0,0,0,2017-04-18,32421000,5720,3,0,0,0,0,0,0,0,0,5722,9,0,0,0,0,0,0,0,0
50,2017-04-18,09:00:21,0,SM705,XZCE,5722,5708,5738,860,24609900,35412,35264,6140,5444,5792,5738,0,5730,0,0,0,2017-04-18,32421000,5720,3,0,0,0,0,0,0,0,0,5722,4,0,0,0,0,0,0,0,0
51,2017-04-18,09:00:22,0,SM705,XZCE,5724,5708,5738,872,24953340,35414,35264,6140,5444,5792,5738,0,5730,0,0,0,2017-04-18,32422000,5722,2,0,0,0,0,0,0,0,0,5728,5,0,0,0,0,0,0,0,0
52,2017-04-18,09:00:22,0,SM705,XZCE,5724,5708,5738,872,24953340,35414,35264,6140,5444,5792,5738,0,5730,0,0,0,2017-04-18,32422000,5726,1,0,0,0,0,0,0,0,0,5728,5,0,0,0,0,0,0,0,0
53,2017-04-18,09:00:23,0,SM705,XZCE,5728,5708,5738,896,25640700,35402,35264,6140,5444,5792,5738,0,5730,0,0,0,2017-04-18,32423000,5724,1,0,0,0,0,0,0,0,0,5728,1,0,0,0,0,0,0,0,0
54,2017-04-18,09:00:23,0,SM705,XZCE,5728,5708,5738,900,25755260,35400,35264,6140,5444,5792,5738,0,5730,0,0,0,2017-04-18,32423000,5726,3,0,0,0,0,0,0,0,0,5730,9,0,0,0,0,0,0,0,0
55,2017-04-18,09:00:24,0,SM705,XZCE,5724,5708,5738,912,26098700,35412,35264,6140,5444,5792,5738,0,5730,0,0,0,2017-04-18,32424000,5722,4,0,0,0,0,0,0,0,0,5724,19,0,0,0,0,0,0,0,0
56,2017-04-18,09:00:24,0,SM705,XZCE,5724,5708,5738,912,26098700,35412,35264,6140,5444,5792,5738,0,5730,0,0,0,2017-04-18,32424000,5722,4,0,0,0,0,0,0,0,0,5724,22,0,0,0,0,0,0,0,0
57,2017-04-18,09:00:25,0,SM705,XZCE,5724,5708,5738,956,27357980,35428,35264,6140,5444,5792,5738,0,5730,0,0,0,2017-04-18,32425000,5724,2,0,0,0,0,0,0,0,0,5726,1,0,0,0,0,0,0,0,0
58,2017-04-18,09:00:25,0,SM705,XZCE,5726,5708,5738,960,27472500,35428,35264,6140,5444,5792,5738,0,5730,0,0,0,2017-04-18,32425000,5726,1,0,0,0,0,0,0,0,0,5728,2,0,0,0,0,0,0,0,0
59,2017-04-18,09:00:26,0,SM705,XZCE,5728,5708,5738,962,27529780,35428,35264,6140,5444,5792,5738,0,5730,0,0,0,2017-04-18,32426000,5730,1,0,0,0,0,0,0,0,0,5734,7,0,0,0,0,0,0,0,0
60,2017-04-18,09:00:26,0,SM705,XZCE,5728,5708,5738,962,27529780,35428,35264,6140,5444,5792,5738,0,5730,0,0,0,2017-04-18,32426000,5730,5,0,0,0,0,0,0,0,0,5734,2,0,0,0,0,0,0,0,0
61,2017-04-18,09:00:27,0,SM705,XZCE,5734,5708,5738,974,27873820,35438,35264,6140,5444,5792,5738,0,5730,0,0,0,2017-04-18,32427000,5730,3,0,0,0,0,0,0,0,0,5734,1,0,0,0,0,0,0,0,0
62,2017-04-18,09:00:27,0,SM705,XZCE,5734,5708,5738,976,27931160,35438,35264,6140,5444,5792,5738,0,5730,0,0,0,2017-04-18,32427000,5732,2,0,0,0,0,0,0,0,0,5736,9,0,0,0,0,0,0,0,0
63,2017-04-18,09:00:28,0,SM705,XZCE,5736,5708,5738,980,28045880,35438,35264,6140,5444,5792,5738,0,5730,0,0,0,2017-04-18,32428000,5732,3,0,0,0,0,0,0,0,0,5736,8,0,0,0,0,0,0,0,0
64,2017-04-18,09:00:28,0,SM705,XZCE,5732,5708,5738,1014,29020320,35444,35264,6140,5444,5792,5738,0,5730,0,0,0,2017-04-18,32428000,5732,1,0,0,0,0,0,0,0,0,5736,4,0,0,0,0,0,0,0,0
65,2017-04-18,09:00:29,0,SM705,XZCE,5736,5708,5738,1022,29249760,35452,35264,6140,5444,5792,5738,0,5730,0,0,0,2017-04-18,32429000,5736,4,0,0,0,0,0,0,0,0,5738,1,0,0,0,0,0,0,0,0
66,2017-04-18,09:00:29,0,SM705,XZCE,5742,5708,5742,1028,29422020,35458,35264,6140,5444,5792,5738,0,5730,0,0,0,2017-04-18,32429000,5742,4,0,0,0,0,0,0,0,0,5744,4,0,0,0,0,0,0,0,0
67,2017-04-18,09:00:30,0,SM705,XZCE,5742,5708,5744,1042,29823960,35466,35264,6140,5444,5792,5738,0,5730,0,0,0,2017-04-18,32430000,5738,1,0,0,0,0,0,0,0,0,5742,6,0,0,0,0,0,0,0,0
68,2017-04-18,09:00:30,0,SM705,XZCE,5742,5708,5744,1042,29823960,35466,35264,6140,5444,5792,5738,0,5730,0,0,0,2017-04-18,32430000,5738,1,0,0,0,0,0,0,0,0,5742,7,0,0,0,0,0,0,0,0
69,2017-04-18,09:00:31,0,SM705,XZCE,5742,5708,5744,1044,29881380,35466,35264,6140,5444,5792,5738,0,5730,0,0,0,2017-04-18,32431000,5738,3,0,0,0,0,0,0,0,0,5742,6,0,0,0,0,0,0,0,0
70,2017-04-18,09:00:31,0,SM705,XZCE,5742,5708,5744,1058,30283320,35476,35264,6140,5444,5792,5738,0,5730,0,0,0,2017-04-18,32431000,5738,2,0,0,0,0,0,0,0,0,5754,1,0,0,0,0,0,0,0,0
71,2017-04-18,09:00:32,0,SM705,XZCE,5750,5708,5750,1062,30398320,35476,35264,6140,5444,5792,5738,0,5730,0,0,0,2017-04-18,32432000,5746,1,0,0,0,0,0,0,0,0,5750,5,0,0,0,0,0,0,0,0
72,2017-04-18,09:00:32,0,SM705,XZCE,5750,5708,5750,1066,30513320,35472,35264,6140,5444,5792,5738,0,5730,0,0,0,2017-04-18,32432000,5744,9,0,0,0,0,0,0,0,0,5750,5,0,0,0,0,0,0,0,0
73,2017-04-18,09:00:33,0,SM705,XZCE,5750,5708,5750,1066,30513320,35472,35264,6140,5444,5792,5738,0,5730,0,0,0,2017-04-18,32433000,5744,11,0,0,0,0,0,0,0,0,5750,4,0,0,0,0,0,0,0,0
74,2017-04-18,09:00:33,0,SM705,XZCE,5746,5708,5750,1074,30743160,35478,35264,6140,5444,5792,5738,0,5730,0,0,0,2017-04-18,32433000,5744,11,0,0,0,0,0,0,0,0,5746,2,0,0,0,0,0,0,0,0
75,2017-04-18,09:00:34,0,SM705,XZCE,5746,5708,5750,1078,30858080,35482,35264,6140,5444,5792,5738,0,5730,0,0,0,2017-04-18,32434000,5746,5,0,0,0,0,0,0,0,0,5750,15,0,0,0,0,0,0,0,0
76,2017-04-18,09:00:34,0,SM705,XZCE,5746,5708,5750,1084,31030460,35484,35264,6140,5444,5792,5738,0,5730,0,0,0,2017-04-18,32434000,5746,2,0,0,0,0,0,0,0,0,5750,15,0,0,0,0,0,0,0,0
77,2017-04-18,09:00:35,0,SM705,XZCE,5744,5708,5750,1092,31260220,35482,35264,6140,5444,5792,5738,0,5730,0,0,0,2017-04-18,32435000,5744,7,0,0,0,0,0,0,0,0,5748,2,0,0,0,0,0,0,0,0
78,2017-04-18,09:00:35,0,SM705,XZCE,5746,5708,5750,1096,31375140,35480,35264,6140,5444,5792,5738,0,5730,0,0,0,2017-04-18,32435000,5744,7,0,0,0,0,0,0,0,0,5746,2,0,0,0,0,0,0,0,0
79,2017-04-18,09:00:36,0,SM705,XZCE,5746,5708,5750,1096,31375140,35480,35264,6140,5444,5792,5738,0,5730,0,0,0,2017-04-18,32436000,5744,7,0,0,0,0,0,0,0,0,5746,3,0,0,0,0,0,0,0,0
80,2017-04-18,09:00:36,0,SM705,XZCE,5746,5708,5750,1098,31432600,35480,35264,6140,5444,5792,5738,0,5730,0,0,0,2017-04-18,32436000,5744,7,0,0,0,0,0,0,0,0,5746,2,0,0,0,0,0,0,0,0
81,2017-04-18,09:00:37,0,SM705,XZCE,5746,5708,5750,1104,31604980,35482,35264,6140,5444,5792,5738,0,5730,0,0,0,2017-04-18,32437000,5744,6,0,0,0,0,0,0,0,0,5746,2,0,0,0,0,0,0,0,0
82,2017-04-18,09:00:37,0,SM705,XZCE,5746,5708,5750,1104,31604980,35482,35264,6140,5444,5792,5738,0,5730,0,0,0,2017-04-18,32437000,5744,6,0,0,0,0,0,0,0,0,5746,12,0,0,0,0,0,0,0,0
83,2017-04-18,09:00:38,0,SM705,XZCE,5742,5708,5750,1162,33270160,35496,35264,6140,5444,5792,5738,0,5730,0,0,0,2017-04-18,32438000,5740,2,0,0,0,0,0,0,0,0,5742,2,0,0,0,0,0,0,0,0
84,2017-04-18,09:00:38,0,SM705,XZCE,5738,5708,5750,1172,33557060,35502,35264,6140,5444,5792,5738,0,5730,0,0,0,2017-04-18,32438000,5736,3,0,0,0,0,0,0,0,0,5738,2,0,0,0,0,0,0,0,0
85,2017-04-18,09:00:39,0,SM705,XZCE,5736,5708,5750,1180,33786500,35502,35264,6140,5444,5792,5738,0,5730,0,0,0,2017-04-18,32439000,5732,1,0,0,0,0,0,0,0,0,5738,5,0,0,0,0,0,0,0,0
86,2017-04-18,09:00:39,0,SM705,XZCE,5732,5708,5750,1182,33843820,35502,35264,6140,5444,5792,5738,0,5730,0,0,0,2017-04-18,32439000,5730,5,0,0,0,0,0,0,0,0,5736,5,0,0,0,0,0,0,0,0
87,2017-04-18,09:00:40,0,SM705,XZCE,5730,5708,5750,1194,34187620,35514,35264,6140,5444,5792,5738,0,5730,0,0,0,2017-04-18,32440000,5730,1,0,0,0,0,0,0,0,0,5734,3,0,0,0,0,0,0,0,0
88,2017-04-18,09:00:40,0,SM705,XZCE,5730,5708,5750,1198,34302220,35514,35264,6140,5444,5792,5738,0,5730,0,0,0,2017-04-18,32440000,5730,1,0,0,0,0,0,0,0,0,5734,2,0,0,0,0,0,0,0,0
89,2017-04-18,09:00:41,0,SM705,XZCE,5732,5708,5750,1200,34359540,35514,35264,6140,5444,5792,5738,0,5730,0,0,0,2017-04-18,32441000,5728,7,0,0,0,0,0,0,0,0,5734,2,0,0,0,0,0,0,0,0
90,2017-04-18,09:00:41,0,SM705,XZCE,5734,5708,5750,1204,34474220,35510,35264,6140,5444,5792,5738,0,5730,0,0,0,2017-04-18,32441000,5734,27,0,0,0,0,0,0,0,0,5736,28,0,0,0,0,0,0,0,0
91,2017-04-18,09:00:42,0,SM705,XZCE,5734,5708,5750,1228,35162300,35500,35264,6140,5444,5792,5738,0,5730,0,0,0,2017-04-18,32442000,5734,16,0,0,0,0,0,0,0,0,5736,26,0,0,0,0,0,0,0,0
92,2017-04-18,09:00:43,0,SM705,XZCE,5734,5708,5750,1228,35162300,35500,35264,6140,5444,5792,5738,0,5730,0,0,0,2017-04-18,32443000,5734,18,0,0,0,0,0,0,0,0,5736,26,0,0,0,0,0,0,0,0
93,2017-04-18,09:00:43,0,SM705,XZCE,5734,5708,5750,1244,35621020,35490,35264,6140,5444,5792,5738,0,5730,0,0,0,2017-04-18,32443000,5734,10,0,0,0,0,0,0,0,0,5736,26,0,0,0,0,0,0,0,0
94,2017-04-18,09:00:43,0,SM705,XZCE,5734,5708,5750,1264,36194420,35494,35264,6140,5444,5792,5738,0,5730,0,0,0,2017-04-18,32443000,5730,4,0,0,0,0,0,0,0,0,5734,9,0,0,0,0,0,0,0,0
95,2017-04-18,09:00:44,0,SM705,XZCE,5734,5708,5750,1264,36194420,35494,35264,6140,5444,5792,5738,0,5730,0,0,0,2017-04-18,32444000,5728,6,0,0,0,0,0,0,0,0,5732,1,0,0,0,0,0,0,0,0
96,2017-04-18,09:00:45,0,SM705,XZCE,5734,5708,5750,1264,36194420,35494,35264,6140,5444,5792,5738,0,5730,0,0,0,2017-04-18,32445000,5728,7,0,0,0,0,0,0,0,0,5732,1,0,0,0,0,0,0,0,0
97,2017-04-18,09:00:45,0,SM705,XZCE,5732,5708,5750,1272,36423700,35502,35264,6140,5444,5792,5738,0,5730,0,0,0,2017-04-18,32445000,5732,1,0,0,0,0,0,0,0,0,5734,13,0,0,0,0,0,0,0,0
98,2017-04-18,09:00:46,0,SM705,XZCE,5730,5708,5750,1290,36939400,35516,35264,6140,5444,5792,5738,0,5730,0,0,0,2017-04-18,32446000,5728,2,0,0,0,0,0,0,0,0,5730,6,0,0,0,0,0,0,0,0
99,2017-04-18,09:00:46,0,SM705,XZCE,5730,5708,5750,1296,37111300,35518,35264,6140,5444,5792,5738,0,5730,0,0,0,2017-04-18,32446000,5722,3,0,0,0,0,0,0,0,0,5728,5,0,0,0,0,0,0,0,0
100,2017-04-18,09:00:47,0,SM705,XZCE,5722,5708,5750,1300,37225740,35522,35264,6140,5444,5792,5738,0,5730,0,0,0,2017-04-18,32447000,5724,1,0,0,0,0,0,0,0,0,5728,5,0,0,0,0,0,0,0,0
101,2017-04-18,09:00:47,0,SM705,XZCE,5726,5708,5750,1306,37397520,35524,35264,6140,5444,5792,5738,0,5730,0,0,0,2017-04-18,32447000,5722,2,0,0,0,0,0,0,0,0,5726,3,0,0,0,0,0,0,0,0
102,2017-04-18,09:00:48,0,SM705,XZCE,5722,5708,5750,1314,37626400,35526,35264,6140,5444,5792,5738,0,5730,0,0,0,2017-04-18,32448000,5722,2,0,0,0,0,0,0,0,0,5728,25,0,0,0,0,0,0,0,0
103,2017-04-18,09:00:48,0,SM705,XZCE,5722,5708,5750,1316,37683620,35528,35264,6140,5444,5792,5738,0,5730,0,0,0,2017-04-18,32448000,5722,2,0,0,0,0,0,0,0,0,5728,25,0,0,0,0,0,0,0,0
104,2017-04-18,09:00:49,0,SM705,XZCE,5726,5708,5750,1320,37798140,35530,35264,6140,5444,5792,5738,0,5730,0,0,0,2017-04-18,32449000,5722,1,0,0,0,0,0,0,0,0,5728,25,0,0,0,0,0,0,0,0
105,2017-04-18,09:00:49,0,SM705,XZCE,5720,5708,5750,1332,38141340,35534,35264,6140,5444,5792,5738,0,5730,0,0,0,2017-04-18,32449000,5722,1,0,0,0,0,0,0,0,0,5726,2,0,0,0,0,0,0,0,0
106,2017-04-18,09:00:50,0,SM705,XZCE,5720,5708,5750,1352,38713340,35534,35264,6140,5444,5792,5738,0,5730,0,0,0,2017-04-18,32450000,5720,7,0,0,0,0,0,0,0,0,5726,2,0,0,0,0,0,0,0,0
107,2017-04-18,09:00:50,0,SM705,XZCE,5720,5708,5750,1358,38884940,35540,35264,6140,5444,5792,5738,0,5730,0,0,0,2017-04-18,32450000,5722,1,0,0,0,0,0,0,0,0,5726,2,0,0,0,0,0,0,0,0
108,2017-04-18,09:00:51,0,SM705,XZCE,5720,5708,5750,1360,38942140,35542,35264,6140,5444,5792,5738,0,5730,0,0,0,2017-04-18,32451000,5718,6,0,0,0,0,0,0,0,0,5722,2,0,0,0,0,0,0,0,0
109,2017-04-18,09:00:52,0,SM705,XZCE,5726,5708,5750,1380,39514740,35540,35264,6140,5444,5792,5738,0,5730,0,0,0,2017-04-18,32452000,5726,1,0,0,0,0,0,0,0,0,5728,24,0,0,0,0,0,0,0,0
110,2017-04-18,09:00:52,0,SM705,XZCE,5726,5708,5750,1388,39743780,35540,35264,6140,5444,5792,5738,0,5730,0,0,0,2017-04-18,32452000,5724,3,0,0,0,0,0,0,0,0,5726,1,0,0,0,0,0,0,0,0
111,2017-04-18,09:00:53,0,SM705,XZCE,5724,5708,5750,1390,39801020,35540,35264,6140,5444,5792,5738,0,5730,0,0,0,2017-04-18,32453000,5724,2,0,0,0,0,0,0,0,0,5726,1,0,0,0,0,0,0,0,0
112,2017-04-18,09:00:53,0,SM705,XZCE,5726,5708,5750,1398,40030060,35542,35264,6140,5444,5792,5738,0,5730,0,0,0,2017-04-18,32453000,5718,6,0,0,0,0,0,0,0,0,5724,4,0,0,0,0,0,0,0,0
113,2017-04-18,09:00:54,0,SM705,XZCE,5726,5708,5750,1404,40201840,35542,35264,6140,5444,5792,5738,0,5730,0,0,0,2017-04-18,32454000,5720,2,0,0,0,0,0,0,0,0,5724,1,0,0,0,0,0,0,0,0
114,2017-04-18,09:00:54,0,SM705,XZCE,5724,5708,5750,1410,40373560,35546,35264,6140,5444,5792,5738,0,5730,0,0,0,2017-04-18,32454000,5724,3,0,0,0,0,0,0,0,0,5728,22,0,0,0,0,0,0,0,0
115,2017-04-18,09:00:55,0,SM705,XZCE,5730,5708,5750,1542,44155360,35524,35264,6140,5444,5792,5738,0,5730,0,0,0,2017-04-18,32455000,5732,6,0,0,0,0,0,0,0,0,5738,5,0,0,0,0,0,0,0,0
116,2017-04-18,09:00:55,0,SM705,XZCE,5740,5708,5750,1558,44614560,35532,35264,6140,5444,5792,5738,0,5730,0,0,0,2017-04-18,32455000,5734,2,0,0,0,0,0,0,0,0,5740,2,0,0,0,0,0,0,0,0
117,2017-04-18,09:00:56,0,SM705,XZCE,5740,5708,5750,1558,44614560,35532,35264,6140,5444,5792,5738,0,5730,0,0,0,2017-04-18,32456000,5734,2,0,0,0,0,0,0,0,0,5740,4,0,0,0,0,0,0,0,0
118,2017-04-18,09:00:56,0,SM705,XZCE,5734,5708,5750,1564,44786580,35528,35264,6140,5444,5792,5738,0,5730,0,0,0,2017-04-18,32456000,5734,1,0,0,0,0,0,0,0,0,5738,1,0,0,0,0,0,0,0,0
119,2017-04-18,09:00:56,0,SM705,XZCE,5734,5708,5750,1564,44786580,35528,35264,6140,5444,5792,5738,0,5730,0,0,0,2017-04-18,32456000,5734,2,0,0,0,0,0,0,0,0,5738,1,0,0,0,0,0,0,0,0
120,2017-04-18,09:00:57,0,SM705,XZCE,5738,5708,5750,1566,44843960,35528,35264,6140,5444,5792,5738,0,5730,0,0,0,2017-04-18,32457000,5734,2,0,0,0,0,0,0,0,0,5740,2,0,0,0,0,0,0,0,0
121,2017-04-18,09:00:58,0,SM705,XZCE,5746,5708,5750,1588,45476020,35508,35264,6140,5444,5792,5738,0,5730,0,0,0,2017-04-18,32458000,5740,10,0,0,0,0,0,0,0,0,5746,5,0,0,0,0,0,0,0,0
122,2017-04-18,09:00:58,0,SM705,XZCE,5746,5708,5750,1592,45590940,35506,35264,6140,5444,5792,5738,0,5730,0,0,0,2017-04-18,32458000,5742,4,0,0,0,0,0,0,0,0,5746,3,0,0,0,0,0,0,0,0
123,2017-04-18,09:00:59,0,SM705,XZCE,5742,5708,5750,1602,45878040,35506,35264,6140,5444,5792,5738,0,5730,0,0,0,2017-04-18,32459000,5742,10,0,0,0,0,0,0,0,0,5746,2,0,0,0,0,0,0,0,0
124,2017-04-18,09:00:59,0,SM705,XZCE,5742,5708,5750,1620,46394820,35498,35264,6140,5444,5792,5738,0,5730,0,0,0,2017-04-18,32459000,5742,1,0,0,0,0,0,0,0,0,5746,2,0,0,0,0,0,0,0,0
125,2017-04-18,09:01:00,0,SM705,XZCE,5744,5708,5750,1638,46911780,35502,35264,6140,5444,5792,5738,0,5730,0,0,0,2017-04-18,32460000,5744,3,0,0,0,0,0,0,0,0,5746,2,0,0,0,0,0,0,0,0
126,2017-04-18,09:01:01,0,SM705,XZCE,5746,5708,5750,1648,47199080,35506,35264,6140,5444,5792,5738,0,5730,0,0,0,2017-04-18,32461000,5742,2,0,0,0,0,0,0,0,0,5744,1,0,0,0,0,0,0,0,0
127,2017-04-18,09:01:01,0,SM705,XZCE,5744,5708,5750,1650,47256520,35504,35264,6140,5444,5792,5738,0,5730,0,0,0,2017-04-18,32461000,5742,2,0,0,0,0,0,0,0,0,5748,1,0,0,0,0,0,0,0,0
128,2017-04-18,09:01:02,0,SM705,XZCE,5744,5708,5750,1650,47256520,35504,35264,6140,5444,5792,5738,0,5730,0,0,0,2017-04-18,32462000,5746,1,0,0,0,0,0,0,0,0,5748,1,0,0,0,0,0,0,0,0
129,2017-04-18,09:01:02,0,SM705,XZCE,5752,5708,5752,1656,47429080,35508,35264,6140,5444,5792,5738,0,5730,0,0,0,2017-04-18,32462000,5750,2,0,0,0,0,0,0,0,0,5752,5,0,0,0,0,0,0,0,0
130,2017-04-18,09:01:03,0,SM705,XZCE,5754,5708,5754,1674,47946940,35518,35264,6140,5444,5792,5738,0,5730,0,0,0,2017-04-18,32463000,5752,7,0,0,0,0,0,0,0,0,5756,27,0,0,0,0,0,0,0,0
131,2017-04-18,09:01:03,0,SM705,XZCE,5754,5708,5754,1678,48062020,35516,35264,6140,5444,5792,5738,0,5730,0,0,0,2017-04-18,32463000,5752,7,0,0,0,0,0,0,0,0,5756,27,0,0,0,0,0,0,0,0
132,2017-04-18,09:01:04,0,SM705,XZCE,5754,5708,5756,1746,50018380,35562,35264,6140,5444,5792,5738,0,5730,0,0,0,2017-04-18,32464000,5748,2,0,0,0,0,0,0,0,0,5754,22,0,0,0,0,0,0,0,0
133,2017-04-18,09:01:04,0,SM705,XZCE,5756,5708,5756,1790,51284700,35606,35264,6140,5444,5792,5738,0,5730,0,0,0,2017-04-18,32464000,5750,2,0,0,0,0,0,0,0,0,5756,14,0,0,0,0,0,0,0,0
134,2017-04-18,09:01:05,0,SM705,XZCE,5756,5708,5756,1818,52090540,35616,35264,6140,5444,5792,5738,0,5730,0,0,0,2017-04-18,32465000,5756,38,0,0,0,0,0,0,0,0,5758,2,0,0,0,0,0,0,0,0
135,2017-04-18,09:01:05,0,SM705,XZCE,5762,5708,5762,1838,52666740,35616,35264,6140,5444,5792,5738,0,5730,0,0,0,2017-04-18,32465000,5762,1,0,0,0,0,0,0,0,0,5764,1,0,0,0,0,0,0,0,0
136,2017-04-18,09:01:06,0,SM705,XZCE,5762,5708,5762,1840,52724360,35618,35264,6140,5444,5792,5738,0,5730,0,0,0,2017-04-18,32466000,5762,2,0,0,0,0,0,0,0,0,5764,1,0,0,0,0,0,0,0,0
137,2017-04-18,09:01:06,0,SM705,XZCE,5766,5708,5766,1852,53070320,35618,35264,6140,5444,5792,5738,0,5730,0,0,0,2017-04-18,32466000,5766,5,0,0,0,0,0,0,0,0,5768,7,0,0,0,0,0,0,0,0
138,2017-04-18,09:01:07,0,SM705,XZCE,5768,5708,5768,1860,53301040,35612,35264,6140,5444,5792,5738,0,5730,0,0,0,2017-04-18,32467000,5766,2,0,0,0,0,0,0,0,0,5768,6,0,0,0,0,0,0,0,0
139,2017-04-18,09:01:07,0,SM705,XZCE,5764,5708,5768,1872,53646880,35620,35264,6140,5444,5792,5738,0,5730,0,0,0,2017-04-18,32467000,5762,2,0,0,0,0,0,0,0,0,5768,7,0,0,0,0,0,0,0,0
140,2017-04-18,09:01:08,0,SM705,XZCE,5768,5708,5768,1890,54166000,35628,35264,6140,5444,5792,5738,0,5730,0,0,0,2017-04-18,32468000,5760,1,0,0,0,0,0,0,0,0,5768,7,0,0,0,0,0,0,0,0
141,2017-04-18,09:01:08,0,SM705,XZCE,5766,5708,5768,1896,54338980,35632,35264,6140,5444,5792,5738,0,5730,0,0,0,2017-04-18,32468000,5762,1,0,0,0,0,0,0,0,0,5766,1,0,0,0,0,0,0,0,0
142,2017-04-18,09:01:09,0,SM705,XZCE,5762,5708,5768,1904,54569460,35636,35264,6140,5444,5792,5738,0,5730,0,0,0,2017-04-18,32469000,5762,1,0,0,0,0,0,0,0,0,5768,9,0,0,0,0,0,0,0,0
143,2017-04-18,09:01:09,0,SM705,XZCE,5762,5708,5768,1938,55549000,35626,35264,6140,5444,5792,5738,0,5730,0,0,0,2017-04-18,32469000,5760,1,0,0,0,0,0,0,0,0,5766,1,0,0,0,0,0,0,0,0
144,2017-04-18,09:01:10,0,SM705,XZCE,5770,5708,5770,1958,56126000,35610,35264,6140,5444,5792,5738,0,5730,0,0,0,2017-04-18,32470000,5766,4,0,0,0,0,0,0,0,0,5768,2,0,0,0,0,0,0,0,0
145,2017-04-18,09:01:10,0,SM705,XZCE,5766,5708,5770,1978,56702600,35612,35264,6140,5444,5792,5738,0,5730,0,0,0,2017-04-18,32470000,5766,2,0,0,0,0,0,0,0,0,5768,2,0,0,0,0,0,0,0,0
146,2017-04-18,09:01:11,0,SM705,XZCE,5766,5708,5770,1982,56817920,35610,35264,6140,5444,5792,5738,0,5730,0,0,0,2017-04-18,32471000,5766,1,0,0,0,0,0,0,0,0,5768,1,0,0,0,0,0,0,0,0
147,2017-04-18,09:01:11,0,SM705,XZCE,5768,5708,5772,1988,56990960,35610,35264,6140,5444,5792,5738,0,5730,0,0,0,2017-04-18,32471000,5766,2,0,0,0,0,0,0,0,0,5772,1,0,0,0,0,0,0,0,0
148,2017-04-18,09:01:12,0,SM705,XZCE,5766,5708,5772,1990,57048620,35608,35264,6140,5444,5792,5738,0,5730,0,0,0,2017-04-18,32472000,5768,2,0,0,0,0,0,0,0,0,5770,2,0,0,0,0,0,0,0,0
149,2017-04-18,09:01:12,0,SM705,XZCE,5768,5708,5772,2002,57394700,35606,35264,6140,5444,5792,5738,0,5730,0,0,0,2017-04-18,32472000,5766,31,0,0,0,0,0,0,0,0,5770,2,0,0,0,0,0,0,0,0
150,2017-04-18,09:01:13,0,SM705,XZCE,5766,5708,5772,2004,57452360,35604,35264,6140,5444,5792,5738,0,5730,0,0,0,2017-04-18,32473000,5766,30,0,0,0,0,0,0,0,0,5768,5,0,0,0,0,0,0,0,0
151,2017-04-18,09:01:13,0,SM705,XZCE,5768,5708,5772,2010,57625400,35604,35264,6140,5444,5792,5738,0,5730,0,0,0,2017-04-18,32473000,5766,30,0,0,0,0,0,0,0,0,5768,2,0,0,0,0,0,0,0,0
152,2017-04-18,09:01:14,0,SM705,XZCE,5766,5708,5772,2016,57798380,35598,35264,6140,5444,5792,5738,0,5730,0,0,0,2017-04-18,32474000,5766,27,0,0,0,0,0,0,0,0,5768,3,0,0,0,0,0,0,0,0
153,2017-04-18,09:01:14,0,SM705,XZCE,5768,5708,5772,2044,58605900,35600,35264,6140,5444,5792,5738,0,5730,0,0,0,2017-04-18,32474000,5766,23,0,0,0,0,0,0,0,0,5770,2,0,0,0,0,0,0,0,0
154,2017-04-18,09:01:15,0,SM705,XZCE,5766,5708,5772,2048,58721220,35596,35264,6140,5444,5792,5738,0,5730,0,0,0,2017-04-18,32475000,5766,21,0,0,0,0,0,0,0,0,5768,3,0,0,0,0,0,0,0,0
155,2017-04-18,09:01:15,0,SM705,XZCE,5766,5708,5772,2050,58778880,35596,35264,6140,5444,5792,5738,0,5730,0,0,0,2017-04-18,32475000,5766,20,0,0,0,0,0,0,0,0,5768,4,0,0,0,0,0,0,0,0
156,2017-04-18,09:01:16,0,SM705,XZCE,5766,5708,5772,2090,59932080,35570,35264,6140,5444,5792,5738,0,5730,0,0,0,2017-04-18,32476000,5762,1,0,0,0,0,0,0,0,0,5766,2,0,0,0,0,0,0,0,0
157,2017-04-18,09:01:16,0,SM705,XZCE,5766,5708,5772,2090,59932080,35570,35264,6140,5444,5792,5738,0,5730,0,0,0,2017-04-18,32476000,5762,1,0,0,0,0,0,0,0,0,5764,4,0,0,0,0,0,0,0,0
158,2017-04-18,09:01:17,0,SM705,XZCE,5762,5708,5772,2094,60047320,35570,35264,6140,5444,5792,5738,0,5730,0,0,0,2017-04-18,32477000,5758,6,0,0,0,0,0,0,0,0,5762,4,0,0,0,0,0,0,0,0
159,2017-04-18,09:01:17,0,SM705,XZCE,5764,5708,5772,2108,60450800,35564,35264,6140,5444,5792,5738,0,5730,0,0,0,2017-04-18,32477000,5758,6,0,0,0,0,0,0,0,0,5764,2,0,0,0,0,0,0,0,0
160,2017-04-18,09:01:18,0,SM705,XZCE,5766,5708,5772,2128,61027400,35576,35264,6140,5444,5792,5738,0,5730,0,0,0,2017-04-18,32478000,5760,4,0,0,0,0,0,0,0,0,5766,2,0,0,0,0,0,0,0,0
161,2017-04-18,09:01:18,0,SM705,XZCE,5766,5708,5772,2128,61027400,35576,35264,6140,5444,5792,5738,0,5730,0,0,0,2017-04-18,32478000,5762,3,0,0,0,0,0,0,0,0,5766,1,0,0,0,0,0,0,0,0
162,2017-04-18,09:01:19,0,SM705,XZCE,5764,5708,5772,2142,61430880,35570,35264,6140,5444,5792,5738,0,5730,0,0,0,2017-04-18,32479000,5764,6,0,0,0,0,0,0,0,0,5768,9,0,0,0,0,0,0,0,0
163,2017-04-18,09:01:20,0,SM705,XZCE,5766,5708,5772,2154,61776840,35582,35264,6140,5444,5792,5738,0,5730,0,0,0,2017-04-18,32480000,5764,6,0,0,0,0,0,0,0,0,5768,9,0,0,0,0,0,0,0,0
164,2017-04-18,09:01:20,0,SM705,XZCE,5764,5708,5772,2156,61834480,35580,35264,6140,5444,5792,5738,0,5730,0,0,0,2017-04-18,32480000,5764,5,0,0,0,0,0,0,0,0,5768,9,0,0,0,0,0,0,0,0
165,2017-04-18,09:01:21,0,SM705,XZCE,5768,5708,5772,2182,62584320,35582,35264,6140,5444,5792,5738,0,5730,0,0,0,2017-04-18,32481000,5768,9,0,0,0,0,0,0,0,0,5770,11,0,0,0,0,0,0,0,0
166,2017-04-18,09:01:21,0,SM705,XZCE,5768,5708,5772,2200,63103440,35594,35264,6140,5444,5792,5738,0,5730,0,0,0,2017-04-18,32481000,5764,3,0,0,0,0,0,0,0,0,5768,2,0,0,0,0,0,0,0,0
167,2017-04-18,09:01:22,0,SM705,XZCE,5768,5708,5772,2202,63161120,35596,35264,6140,5444,5792,5738,0,5730,0,0,0,2017-04-18,32482000,5764,3,0,0,0,0,0,0,0,0,5768,1,0,0,0,0,0,0,0,0
168,2017-04-18,09:01:22,0,SM705,XZCE,5768,5708,5772,2206,63276480,35600,35264,6140,5444,5792,5738,0,5730,0,0,0,2017-04-18,32482000,5768,10,0,0,0,0,0,0,0,0,5770,1,0,0,0,0,0,0,0,0
169,2017-04-18,09:01:23,0,SM705,XZCE,5768,5708,5772,2214,63507200,35604,35264,6140,5444,5792,5738,0,5730,0,0,0,2017-04-18,32483000,5768,6,0,0,0,0,0,0,0,0,5770,1,0,0,0,0,0,0,0,0
170,2017-04-18,09:01:23,0,SM705,XZCE,5770,5708,5772,2218,63622600,35606,35264,6140,5444,5792,5738,0,5730,0,0,0,2017-04-18,32483000,5768,5,0,0,0,0,0,0,0,0,5770,1,0,0,0,0,0,0,0,0
171,2017-04-18,09:01:24,0,SM705,XZCE,5768,5708,5772,2220,63680280,35606,35264,6140,5444,5792,5738,0,5730,0,0,0,2017-04-18,32484000,5768,4,0,0,0,0,0,0,0,0,5770,7,0,0,0,0,0,0,0,0
172,2017-04-18,09:01:25,0,SM705,XZCE,5770,5708,5772,2232,64026480,35612,35264,6140,5444,5792,5738,0,5730,0,0,0,2017-04-18,32485000,5766,1,0,0,0,0,0,0,0,0,5770,6,0,0,0,0,0,0,0,0
173,2017-04-18,09:01:25,0,SM705,XZCE,5768,5708,5772,2234,64084160,35612,35264,6140,5444,5792,5738,0,5730,0,0,0,2017-04-18,32485000,5766,1,0,0,0,0,0,0,0,0,5768,1,0,0,0,0,0,0,0,0
174,2017-04-18,09:01:26,0,SM705,XZCE,5764,5708,5772,2242,64314720,35614,35264,6140,5444,5792,5738,0,5730,0,0,0,2017-04-18,32486000,5762,2,0,0,0,0,0,0,0,0,5764,7,0,0,0,0,0,0,0,0
175,2017-04-18,09:01:27,0,SM705,XZCE,5764,5708,5772,2252,64602920,35616,35264,6140,5444,5792,5738,0,5730,0,0,0,2017-04-18,32487000,5758,2,0,0,0,0,0,0,0,0,5760,1,0,0,0,0,0,0,0,0
176,2017-04-18,09:01:27,0,SM705,XZCE,5760,5708,5772,2260,64833320,35620,35264,6140,5444,5792,5738,0,5730,0,0,0,2017-04-18,32487000,5760,5,0,0,0,0,0,0,0,0,5766,10,0,0,0,0,0,0,0,0
177,2017-04-18,09:01:28,0,SM705,XZCE,5760,5708,5772,2268,65063720,35628,35264,6140,5444,5792,5738,0,5730,0,0,0,2017-04-18,32488000,5760,3,0,0,0,0,0,0,0,0,5764,2,0,0,0,0,0,0,0,0
178,2017-04-18,09:01:28,0,SM705,XZCE,5764,5708,5772,2280,65409560,35634,35264,6140,5444,5792,5738,0,5730,0,0,0,2017-04-18,32488000,5764,10,0,0,0,0,0,0,0,0,5766,12,0,0,0,0,0,0,0,0
179,2017-04-18,09:01:29,0,SM705,XZCE,5764,5708,5772,2300,65985960,35644,35264,6140,5444,5792,5738,0,5730,0,0,0,2017-04-18,32489000,5758,1,0,0,0,0,0,0,0,0,5764,4,0,0,0,0,0,0,0,0
180,2017-04-18,09:01:29,0,SM705,XZCE,5764,5708,5772,2300,65985960,35644,35264,6140,5444,5792,5738,0,5730,0,0,0,2017-04-18,32489000,5760,1,0,0,0,0,0,0,0,0,5764,27,0,0,0,0,0,0,0,0
181,2017-04-18,09:01:30,0,SM705,XZCE,5764,5708,5772,2300,65985960,35644,35264,6140,5444,5792,5738,0,5730,0,0,0,2017-04-18,32490000,5760,2,0,0,0,0,0,0,0,0,5764,27,0,0,0,0,0,0,0,0
182,2017-04-18,09:01:30,0,SM705,XZCE,5764,5708,5772,2302,66043600,35644,35264,6140,5444,5792,5738,0,5730,0,0,0,2017-04-18,32490000,5760,2,0,0,0,0,0,0,0,0,5764,26,0,0,0,0,0,0,0,0
183,2017-04-18,09:01:31,0,SM705,XZCE,5756,5708,5772,2316,66446520,35650,35264,6140,5444,5792,5738,0,5730,0,0,0,2017-04-18,32491000,5756,2,0,0,0,0,0,0,0,0,5758,6,0,0,0,0,0,0,0,0
184,2017-04-18,09:01:31,0,SM705,XZCE,5760,5708,5772,2350,67425720,35656,35264,6140,5444,5792,5738,0,5730,0,0,0,2017-04-18,32491000,5760,24,0,0,0,0,0,0,0,0,5762,8,0,0,0,0,0,0,0,0
185,2017-04-18,09:01:32,0,SM705,XZCE,5760,5708,5772,2398,68808120,35646,35264,6140,5444,5792,5738,0,5730,0,0,0,2017-04-18,32492000,5756,2,0,0,0,0,0,0,0,0,5760,1,0,0,0,0,0,0,0,0
186,2017-04-18,09:01:32,0,SM705,XZCE,5764,5708,5772,2410,69153960,35642,35264,6140,5444,5792,5738,0,5730,0,0,0,2017-04-18,32492000,5760,1,0,0,0,0,0,0,0,0,5762,10,0,0,0,0,0,0,0,0
187,2017-04-18,09:01:33,0,SM705,XZCE,5760,5708,5772,2412,69211560,35642,35264,6140,5444,5792,5738,0,5730,0,0,0,2017-04-18,32493000,5756,6,0,0,0,0,0,0,0,0,5760,11,0,0,0,0,0,0,0,0
188,2017-04-18,09:01:33,0,SM705,XZCE,5756,5708,5772,2414,69269120,35644,35264,6140,5444,5792,5738,0,5730,0,0,0,2017-04-18,32493000,5756,5,0,0,0,0,0,0,0,0,5760,11,0,0,0,0,0,0,0,0
189,2017-04-18,09:01:34,0,SM705,XZCE,5760,5708,5772,2416,69326720,35646,35264,6140,5444,5792,5738,0,5730,0,0,0,2017-04-18,32494000,5756,5,0,0,0,0,0,0,0,0,5760,10,0,0,0,0,0,0,0,0
190,2017-04-18,09:01:34,0,SM705,XZCE,5756,5708,5772,2420,69441840,35644,35264,6140,5444,5792,5738,0,5730,0,0,0,2017-04-18,32494000,5756,3,0,0,0,0,0,0,0,0,5760,10,0,0,0,0,0,0,0,0
191,2017-04-18,09:01:35,0,SM705,XZCE,5760,5708,5772,2426,69614640,35646,35264,6140,5444,5792,5738,0,5730,0,0,0,2017-04-18,32495000,5756,2,0,0,0,0,0,0,0,0,5760,9,0,0,0,0,0,0,0,0
192,2017-04-18,09:01:36,0,SM705,XZCE,5760,5708,5772,2428,69672240,35646,35264,6140,5444,5792,5738,0,5730,0,0,0,2017-04-18,32496000,5756,2,0,0,0,0,0,0,0,0,5760,8,0,0,0,0,0,0,0,0
193,2017-04-18,09:01:36,0,SM705,XZCE,5760,5708,5772,2430,69729840,35648,35264,6140,5444,5792,5738,0,5730,0,0,0,2017-04-18,32496000,5756,2,0,0,0,0,0,0,0,0,5760,8,0,0,0,0,0,0,0,0
194,2017-04-18,09:01:37,0,SM705,XZCE,5756,5708,5772,2434,69844960,35646,35264,6140,5444,5792,5738,0,5730,0,0,0,2017-04-18,32497000,5756,5,0,0,0,0,0,0,0,0,5760,9,0,0,0,0,0,0,0,0
195,2017-04-18,09:01:37,0,SM705,XZCE,5760,5708,5772,2446,70190560,35648,35264,6140,5444,5792,5738,0,5730,0,0,0,2017-04-18,32497000,5754,2,0,0,0,0,0,0,0,0,5758,4,0,0,0,0,0,0,0,0
196,2017-04-18,09:01:38,0,SM705,XZCE,5760,5708,5772,2468,70824160,35664,35264,6140,5444,5792,5738,0,5730,0,0,0,2017-04-18,32498000,5756,12,0,0,0,0,0,0,0,0,5758,3,0,0,0,0,0,0,0,0
197,2017-04-18,09:01:38,0,SM705,XZCE,5758,5708,5772,2474,70996900,35670,35264,6140,5444,5792,5738,0,5730,0,0,0,2017-04-18,32498000,5758,9,0,0,0,0,0,0,0,0,5760,1,0,0,0,0,0,0,0,0
198,2017-04-18,09:01:39,0,SM705,XZCE,5760,5708,5772,2480,71169700,35668,35264,6140,5444,5792,5738,0,5730,0,0,0,2017-04-18,32499000,5758,7,0,0,0,0,0,0,0,0,5762,1,0,0,0,0,0,0,0,0
199,2017-04-18,09:01:40,0,SM705,XZCE,5758,5708,5772,2482,71227280,35670,35264,6140,5444,5792,5738,0,5730,0,0,0,2017-04-18,32500000,5758,2,0,0,0,0,0,0,0,0,5762,2,0,0,0,0,0,0,0,0
200,2017-04-18,09:01:40,0,SM705,XZCE,5758,5708,5772,2486,71342440,35670,35264,6140,5444,5792,5738,0,5730,0,0,0,2017-04-18,32500000,5752,1,0,0,0,0,0,0,0,0,5758,8,0,0,0,0,0,0,0,0
201,2017-04-18,09:01:41,0,SM705,XZCE,5758,5708,5772,2496,71630340,35672,35264,6140,5444,5792,5738,0,5730,0,0,0,2017-04-18,32501000,5754,1,0,0,0,0,0,0,0,0,5758,3,0,0,0,0,0,0,0,0
202,2017-04-18,09:01:41,0,SM705,XZCE,5758,5708,5772,2498,71687920,35674,35264,6140,5444,5792,5738,0,5730,0,0,0,2017-04-18,32501000,5754,1,0,0,0,0,0,0,0,0,5758,2,0,0,0,0,0,0,0,0
203,2017-04-18,09:01:42,0,SM705,XZCE,5758,5708,5772,2500,71745500,35676,35264,6140,5444,5792,5738,0,5730,0,0,0,2017-04-18,32502000,5754,1,0,0,0,0,0,0,0,0,5758,1,0,0,0,0,0,0,0,0
204,2017-04-18,09:01:43,0,SM705,XZCE,5758,5708,5772,2500,71745500,35676,35264,6140,5444,5792,5738,0,5730,0,0,0,2017-04-18,32503000,5754,3,0,0,0,0,0,0,0,0,5758,1,0,0,0,0,0,0,0,0
205,2017-04-18,09:01:43,0,SM705,XZCE,5758,5708,5772,2500,71745500,35676,35264,6140,5444,5792,5738,0,5730,0,0,0,2017-04-18,32503000,5754,2,0,0,0,0,0,0,0,0,5758,1,0,0,0,0,0,0,0,0
206,2017-04-18,09:01:44,0,SM705,XZCE,5756,5708,5772,2504,71860620,35680,35264,6140,5444,5792,5738,0,5730,0,0,0,2017-04-18,32504000,5754,2,0,0,0,0,0,0,0,0,5760,4,0,0,0,0,0,0,0,0
207,2017-04-18,09:01:44,0,SM705,XZCE,5754,5708,5772,2510,72033240,35686,35264,6140,5444,5792,5738,0,5730,0,0,0,2017-04-18,32504000,5752,1,0,0,0,0,0,0,0,0,5754,5,0,0,0,0,0,0,0,0
208,2017-04-18,09:01:45,0,SM705,XZCE,5754,5708,5772,2522,72378480,35690,35264,6140,5444,5792,5738,0,5730,0,0,0,2017-04-18,32505000,5752,1,0,0,0,0,0,0,0,0,5758,3,0,0,0,0,0,0,0,0
209,2017-04-18,09:01:45,0,SM705,XZCE,5758,5708,5772,2530,72608800,35696,35264,6140,5444,5792,5738,0,5730,0,0,0,2017-04-18,32505000,5754,2,0,0,0,0,0,0,0,0,5762,15,0,0,0,0,0,0,0,0
210,2017-04-18,09:01:46,0,SM705,XZCE,5758,5708,5772,2530,72608800,35696,35264,6140,5444,5792,5738,0,5730,0,0,0,2017-04-18,32506000,5758,1,0,0,0,0,0,0,0,0,5762,16,0,0,0,0,0,0,0,0
211,2017-04-18,09:01:46,0,SM705,XZCE,5758,5708,5772,2534,72723960,35698,35264,6140,5444,5792,5738,0,5730,0,0,0,2017-04-18,32506000,5754,4,0,0,0,0,0,0,0,0,5758,7,0,0,0,0,0,0,0,0
212,2017-04-18,09:01:47,0,SM705,XZCE,5758,5708,5772,2548,73127020,35700,35264,6140,5444,5792,5738,0,5730,0,0,0,2017-04-18,32507000,5756,1,0,0,0,0,0,0,0,0,5758,6,0,0,0,0,0,0,0,0
213,2017-04-18,09:01:48,0,SM705,XZCE,5758,5708,5772,2548,73127020,35700,35264,6140,5444,5792,5738,0,5730,0,0,0,2017-04-18,32508000,5756,1,0,0,0,0,0,0,0,0,5758,9,0,0,0,0,0,0,0,0
214,2017-04-18,09:01:48,0,SM705,XZCE,5756,5708,5772,2550,73184580,35700,35264,6140,5444,5792,5738,0,5730,0,0,0,2017-04-18,32508000,5756,1,0,0,0,0,0,0,0,0,5758,1,0,0,0,0,0,0,0,0
215,2017-04-18,09:01:49,0,SM705,XZCE,5756,5708,5772,2552,73242140,35700,35264,6140,5444,5792,5738,0,5730,0,0,0,2017-04-18,32509000,5754,4,0,0,0,0,0,0,0,0,5756,14,0,0,0,0,0,0,0,0
216,2017-04-18,09:01:49,0,SM705,XZCE,5754,5708,5772,2562,73529840,35696,35264,6140,5444,5792,5738,0,5730,0,0,0,2017-04-18,32509000,5752,3,0,0,0,0,0,0,0,0,5756,10,0,0,0,0,0,0,0,0
217,2017-04-18,09:01:50,0,SM705,XZCE,5754,5708,5772,2564,73587380,35696,35264,6140,5444,5792,5738,0,5730,0,0,0,2017-04-18,32510000,5752,3,0,0,0,0,0,0,0,0,5754,1,0,0,0,0,0,0,0,0
218,2017-04-18,09:01:50,0,SM705,XZCE,5752,5708,5772,2572,73817460,35696,35264,6140,5444,5792,5738,0,5730,0,0,0,2017-04-18,32510000,5748,3,0,0,0,0,0,0,0,0,5752,1,0,0,0,0,0,0,0,0
219,2017-04-18,09:01:51,0,SM705,XZCE,5756,5708,5772,2580,74047700,35698,35264,6140,5444,5792,5738,0,5730,0,0,0,2017-04-18,32511000,5748,3,0,0,0,0,0,0,0,0,5756,2,0,0,0,0,0,0,0,0
220,2017-04-18,09:01:51,0,SM705,XZCE,5752,5708,5772,2588,74277780,35698,35264,6140,5444,5792,5738,0,5730,0,0,0,2017-04-18,32511000,5750,3,0,0,0,0,0,0,0,0,5752,1,0,0,0,0,0,0,0,0
221,2017-04-18,09:01:52,0,SM705,XZCE,5752,5708,5772,2590,74335300,35700,35264,6140,5444,5792,5738,0,5730,0,0,0,2017-04-18,32512000,5752,1,0,0,0,0,0,0,0,0,5756,2,0,0,0,0,0,0,0,0
222,2017-04-18,09:01:52,0,SM705,XZCE,5752,5708,5772,2594,74450340,35702,35264,6140,5444,5792,5738,0,5730,0,0,0,2017-04-18,32512000,5752,6,0,0,0,0,0,0,0,0,5756,2,0,0,0,0,0,0,0,0
223,2017-04-18,09:01:53,0,SM705,XZCE,5752,5708,5772,2594,74450340,35702,35264,6140,5444,5792,5738,0,5730,0,0,0,2017-04-18,32513000,5752,11,0,0,0,0,0,0,0,0,5756,3,0,0,0,0,0,0,0,0
224,2017-04-18,09:01:53,0,SM705,XZCE,5752,5708,5772,2594,74450340,35702,35264,6140,5444,5792,5738,0,5730,0,0,0,2017-04-18,32513000,5754,1,0,0,0,0,0,0,0,0,5756,3,0,0,0,0,0,0,0,0
225,2017-04-18,09:01:54,0,SM705,XZCE,5758,5708,5772,2624,75314040,35678,35264,6140,5444,5792,5738,0,5730,0,0,0,2017-04-18,32514000,5758,2,0,0,0,0,0,0,0,0,5760,12,0,0,0,0,0,0,0,0
226,2017-04-18,09:01:54,0,SM705,XZCE,5758,5708,5772,2634,75601940,35682,35264,6140,5444,5792,5738,0,5730,0,0,0,2017-04-18,32514000,5758,4,0,0,0,0,0,0,0,0,5760,10,0,0,0,0,0,0,0,0
227,2017-04-18,09:01:55,0,SM705,XZCE,5756,5708,5772,2646,75947300,35676,35264,6140,5444,5792,5738,0,5730,0,0,0,2017-04-18,32515000,5752,12,0,0,0,0,0,0,0,0,5758,7,0,0,0,0,0,0,0,0
228,2017-04-18,09:01:55,0,SM705,XZCE,5754,5708,5772,2652,76119920,35674,35264,6140,5444,5792,5738,0,5730,0,0,0,2017-04-18,32515000,5752,11,0,0,0,0,0,0,0,0,5758,12,0,0,0,0,0,0,0,0
229,2017-04-18,09:01:56,0,SM705,XZCE,5754,5708,5772,2652,76119920,35674,35264,6140,5444,5792,5738,0,5730,0,0,0,2017-04-18,32516000,5752,11,0,0,0,0,0,0,0,0,5756,12,0,0,0,0,0,0,0,0
230,2017-04-18,09:01:57,0,SM705,XZCE,5752,5708,5772,2658,76292480,35674,35264,6140,5444,5792,5738,0,5730,0,0,0,2017-04-18,32517000,5752,8,0,0,0,0,0,0,0,0,5754,7,0,0,0,0,0,0,0,0
231,2017-04-18,09:01:58,0,SM705,XZCE,5752,5708,5772,2658,76292480,35674,35264,6140,5444,5792,5738,0,5730,0,0,0,2017-04-18,32518000,5752,10,0,0,0,0,0,0,0,0,5754,7,0,0,0,0,0,0,0,0
232,2017-04-18,09:01:58,0,SM705,XZCE,5754,5708,5772,2662,76407560,35674,35264,6140,5444,5792,5738,0,5730,0,0,0,2017-04-18,32518000,5752,15,0,0,0,0,0,0,0,0,5754,4,0,0,0,0,0,0,0,0
233,2017-04-18,09:01:59,0,SM705,XZCE,5752,5708,5772,2664,76465080,35674,35264,6140,5444,5792,5738,0,5730,0,0,0,2017-04-18,32519000,5752,14,0,0,0,0,0,0,0,0,5754,4,0,0,0,0,0,0,0,0
234,2017-04-18,09:01:59,0,SM705,XZCE,5752,5708,5772,2666,76522600,35674,35264,6140,5444,5792,5738,0,5730,0,0,0,2017-04-18,32519000,5752,13,0,0,0,0,0,0,0,0,5754,3,0,0,0,0,0,0,0,0
235,2017-04-18,09:02:00,0,SM705,XZCE,5752,5708,5772,2672,76695160,35668,35264,6140,5444,5792,5738,0,5730,0,0,0,2017-04-18,32520000,5752,10,0,0,0,0,0,0,0,0,5756,9,0,0,0,0,0,0,0,0
236,2017-04-18,09:02:00,0,SM705,XZCE,5756,5708,5772,2684,77040520,35658,35264,6140,5444,5792,5738,0,5730,0,0,0,2017-04-18,32520000,5752,10,0,0,0,0,0,0,0,0,5756,4,0,0,0,0,0,0,0,0
237,2017-04-18,09:02:01,0,SM705,XZCE,5752,5708,5772,2686,77098040,35660,35264,6140,5444,5792,5738,0,5730,0,0,0,2017-04-18,32521000,5752,9,0,0,0,0,0,0,0,0,5756,4,0,0,0,0,0,0,0,0
238,2017-04-18,09:02:01,0,SM705,XZCE,5752,5708,5772,2686,77098040,35660,35264,6140,5444,5792,5738,0,5730,0,0,0,2017-04-18,32521000,5754,1,0,0,0,0,0,0,0,0,5756,5,0,0,0,0,0,0,0,0
239,2017-04-18,09:02:02,0,SM705,XZCE,5752,5708,5772,2692,77270600,35658,35264,6140,5444,5792,5738,0,5730,0,0,0,2017-04-18,32522000,5752,7,0,0,0,0,0,0,0,0,5756,7,0,0,0,0,0,0,0,0
240,2017-04-18,09:02:02,0,SM705,XZCE,5756,5708,5772,2694,77328160,35658,35264,6140,5444,5792,5738,0,5730,0,0,0,2017-04-18,32522000,5752,7,0,0,0,0,0,0,0,0,5754,4,0,0,0,0,0,0,0,0
241,2017-04-18,09:02:03,0,SM705,XZCE,5752,5708,5772,2710,77788320,35658,35264,6140,5444,5792,5738,0,5730,0,0,0,2017-04-18,32523000,5750,3,0,0,0,0,0,0,0,0,5752,3,0,0,0,0,0,0,0,0
242,2017-04-18,09:02:04,0,SM705,XZCE,5752,5708,5772,2714,77903360,35658,35264,6140,5444,5792,5738,0,5730,0,0,0,2017-04-18,32524000,5750,2,0,0,0,0,0,0,0,0,5752,2,0,0,0,0,0,0,0,0
243,2017-04-18,09:02:05,0,SM705,XZCE,5750,5708,5772,2720,78075860,35658,35264,6140,5444,5792,5738,0,5730,0,0,0,2017-04-18,32525000,5748,2,0,0,0,0,0,0,0,0,5750,3,0,0,0,0,0,0,0,0
244,2017-04-18,09:02:05,0,SM705,XZCE,5750,5708,5772,2724,78190860,35658,35264,6140,5444,5792,5738,0,5730,0,0,0,2017-04-18,32525000,5748,1,0,0,0,0,0,0,0,0,5750,2,0,0,0,0,0,0,0,0
245,2017-04-18,09:02:06,0,SM705,XZCE,5750,5708,5772,2724,78190860,35658,35264,6140,5444,5792,5738,0,5730,0,0,0,2017-04-18,32526000,5748,2,0,0,0,0,0,0,0,0,5750,18,0,0,0,0,0,0,0,0
246,2017-04-18,09:02:06,0,SM705,XZCE,5748,5708,5772,2750,78938100,35668,35264,6140,5444,5792,5738,0,5730,0,0,0,2017-04-18,32526000,5744,11,0,0,0,0,0,0,0,0,5746,1,0,0,0,0,0,0,0,0
247,2017-04-18,09:02:07,0,SM705,XZCE,5744,5708,5772,2756,79110420,35672,35264,6140,5444,5792,5738,0,5730,0,0,0,2017-04-18,32527000,5744,9,0,0,0,0,0,0,0,0,5748,8,0,0,0,0,0,0,0,0
248,2017-04-18,09:02:07,0,SM705,XZCE,5744,5708,5772,2778,79742260,35672,35264,6140,5444,5792,5738,0,5730,0,0,0,2017-04-18,32527000,5744,1,0,0,0,0,0,0,0,0,5750,28,0,0,0,0,0,0,0,0
249,2017-04-18,09:02:08,0,SM705,XZCE,5744,5708,5772,2780,79799700,35672,35264,6140,5444,5792,5738,0,5730,0,0,0,2017-04-18,32528000,5742,2,0,0,0,0,0,0,0,0,5744,1,0,0,0,0,0,0,0,0
250,2017-04-18,09:02:08,0,SM705,XZCE,5744,5708,5772,2784,79914580,35672,35264,6140,5444,5792,5738,0,5730,0,0,0,2017-04-18,32528000,5742,1,0,0,0,0,0,0,0,0,5744,5,0,0,0,0,0,0,0,0
251,2017-04-18,09:02:09,0,SM705,XZCE,5742,5708,5772,2786,79972000,35674,35264,6140,5444,5792,5738,0,5730,0,0,0,2017-04-18,32529000,5738,14,0,0,0,0,0,0,0,0,5744,14,0,0,0,0,0,0,0,0
252,2017-04-18,09:02:09,0,SM705,XZCE,5738,5708,5772,2804,80488420,35688,35264,6140,5444,5792,5738,0,5730,0,0,0,2017-04-18,32529000,5736,3,0,0,0,0,0,0,0,0,5742,6,0,0,0,0,0,0,0,0
253,2017-04-18,09:02:10,0,SM705,XZCE,5736,5708,5772,2806,80545780,35690,35264,6140,5444,5792,5738,0,5730,0,0,0,2017-04-18,32530000,5736,2,0,0,0,0,0,0,0,0,5740,3,0,0,0,0,0,0,0,0
254,2017-04-18,09:02:10,0,SM705,XZCE,5736,5708,5772,2806,80545780,35690,35264,6140,5444,5792,5738,0,5730,0,0,0,2017-04-18,32530000,5736,2,0,0,0,0,0,0,0,0,5738,5,0,0,0,0,0,0,0,0
255,2017-04-18,09:02:11,0,SM705,XZCE,5738,5708,5772,2808,80603160,35692,35264,6140,5444,5792,5738,0,5730,0,0,0,2017-04-18,32531000,5736,2,0,0,0,0,0,0,0,0,5738,6,0,0,0,0,0,0,0,0
256,2017-04-18,09:02:11,0,SM705,XZCE,5738,5708,5772,2808,80603160,35692,35264,6140,5444,5792,5738,0,5730,0,0,0,2017-04-18,32531000,5736,4,0,0,0,0,0,0,0,0,5738,6,0,0,0,0,0,0,0,0
257,2017-04-18,09:02:12,0,SM705,XZCE,5738,5708,5772,2822,81004820,35702,35264,6140,5444,5792,5738,0,5730,0,0,0,2017-04-18,32532000,5738,13,0,0,0,0,0,0,0,0,5742,3,0,0,0,0,0,0,0,0
258,2017-04-18,09:02:12,0,SM705,XZCE,5738,5708,5772,2832,81291720,35704,35264,6140,5444,5792,5738,0,5730,0,0,0,2017-04-18,32532000,5738,10,0,0,0,0,0,0,0,0,5742,2,0,0,0,0,0,0,0,0
259,2017-04-18,09:02:13,0,SM705,XZCE,5738,5708,5772,2842,81578620,35710,35264,6140,5444,5792,5738,0,5730,0,0,0,2017-04-18,32533000,5740,1,0,0,0,0,0,0,0,0,5742,2,0,0,0,0,0,0,0,0
260,2017-04-18,09:02:13,0,SM705,XZCE,5738,5708,5772,2848,81750760,35712,35264,6140,5444,5792,5738,0,5730,0,0,0,2017-04-18,32533000,5738,10,0,0,0,0,0,0,0,0,5742,3,0,0,0,0,0,0,0,0
261,2017-04-18,09:02:14,0,SM705,XZCE,5742,5708,5772,2852,81865600,35716,35264,6140,5444,5792,5738,0,5730,0,0,0,2017-04-18,32534000,5738,17,0,0,0,0,0,0,0,0,5742,1,0,0,0,0,0,0,0,0
262,2017-04-18,09:02:14,0,SM705,XZCE,5742,5708,5772,2856,81980440,35718,35264,6140,5444,5792,5738,0,5730,0,0,0,2017-04-18,32534000,5738,8,0,0,0,0,0,0,0,0,5742,7,0,0,0,0,0,0,0,0
263,2017-04-18,09:02:15,0,SM705,XZCE,5742,5708,5772,2862,82152700,35718,35264,6140,5444,5792,5738,0,5730,0,0,0,2017-04-18,32535000,5738,9,0,0,0,0,0,0,0,0,5742,4,0,0,0,0,0,0,0,0
264,2017-04-18,09:02:15,0,SM705,XZCE,5740,5708,5772,2874,82497100,35706,35264,6140,5444,5792,5738,0,5730,0,0,0,2017-04-18,32535000,5740,4,0,0,0,0,0,0,0,0,5742,6,0,0,0,0,0,0,0,0
265,2017-04-18,09:02:16,0,SM705,XZCE,5742,5708,5772,2894,83071300,35708,35264,6140,5444,5792,5738,0,5730,0,0,0,2017-04-18,32536000,5740,1,0,0,0,0,0,0,0,0,5744,9,0,0,0,0,0,0,0,0
266,2017-04-18,09:02:16,0,SM705,XZCE,5744,5708,5772,2916,83703140,35716,35264,6140,5444,5792,5738,0,5730,0,0,0,2017-04-18,32536000,5744,1,0,0,0,0,0,0,0,0,5746,1,0,0,0,0,0,0,0,0
267,2017-04-18,09:02:17,0,SM705,XZCE,5746,5708,5772,2920,83818060,35716,35264,6140,5444,5792,5738,0,5730,0,0,0,2017-04-18,32537000,5746,6,0,0,0,0,0,0,0,0,5748,1,0,0,0,0,0,0,0,0
268,2017-04-18,09:02:17,0,SM705,XZCE,5750,5708,5772,2924,83933060,35712,35264,6140,5444,5792,5738,0,5730,0,0,0,2017-04-18,32537000,5746,6,0,0,0,0,0,0,0,0,5750,4,0,0,0,0,0,0,0,0
269,2017-04-18,09:02:18,0,SM705,XZCE,5746,5708,5772,2936,84277820,35700,35264,6140,5444,5792,5738,0,5730,0,0,0,2017-04-18,32538000,5744,2,0,0,0,0,0,0,0,0,5750,4,0,0,0,0,0,0,0,0
270,2017-04-18,09:02:18,0,SM705,XZCE,5746,5708,5772,2936,84277820,35700,35264,6140,5444,5792,5738,0,5730,0,0,0,2017-04-18,32538000,5744,2,0,0,0,0,0,0,0,0,5750,5,0,0,0,0,0,0,0,0
271,2017-04-18,09:02:19,0,SM705,XZCE,5750,5708,5772,2938,84335320,35700,35264,6140,5444,5792,5738,0,5730,0,0,0,2017-04-18,32539000,5748,1,0,0,0,0,0,0,0,0,5750,4,0,0,0,0,0,0,0,0
272,2017-04-18,09:02:20,0,SM705,XZCE,5748,5708,5772,2940,84392800,35702,35264,6140,5444,5792,5738,0,5730,0,0,0,2017-04-18,32540000,5744,2,0,0,0,0,0,0,0,0,5750,10,0,0,0,0,0,0,0,0
273,2017-04-18,09:02:22,0,SM705,XZCE,5744,5708,5772,2944,84507680,35700,35264,6140,5444,5792,5738,0,5730,0,0,0,2017-04-18,32542000,5742,9,0,0,0,0,0,0,0,0,5744,12,0,0,0,0,0,0,0,0
274,2017-04-18,09:02:23,0,SM705,XZCE,5744,5708,5772,2968,85196960,35714,35264,6140,5444,5792,5738,0,5730,0,0,0,2017-04-18,32543000,5744,8,0,0,0,0,0,0,0,0,5746,2,0,0,0,0,0,0,0,0
275,2017-04-18,09:02:23,0,SM705,XZCE,5748,5708,5772,2992,85886720,35714,35264,6140,5444,5792,5738,0,5730,0,0,0,2017-04-18,32543000,5748,8,0,0,0,0,0,0,0,0,5750,10,0,0,0,0,0,0,0,0
276,2017-04-18,09:02:24,0,SM705,XZCE,5752,5708,5772,3014,86519440,35718,35264,6140,5444,5792,5738,0,5730,0,0,0,2017-04-18,32544000,5752,1,0,0,0,0,0,0,0,0,5754,1,0,0,0,0,0,0,0,0
277,2017-04-18,09:02:24,0,SM705,XZCE,5750,5708,5772,3018,86634440,35716,35264,6140,5444,5792,5738,0,5730,0,0,0,2017-04-18,32544000,5750,1,0,0,0,0,0,0,0,0,5752,1,0,0,0,0,0,0,0,0
278,2017-04-18,09:02:25,0,SM705,XZCE,5750,5708,5772,3030,86979440,35724,35264,6140,5444,5792,5738,0,5730,0,0,0,2017-04-18,32545000,5750,6,0,0,0,0,0,0,0,0,5752,1,0,0,0,0,0,0,0,0
279,2017-04-18,09:02:25,0,SM705,XZCE,5750,5708,5772,3030,86979440,35724,35264,6140,5444,5792,5738,0,5730,0,0,0,2017-04-18,32545000,5750,1,0,0,0,0,0,0,0,0,5752,1,0,0,0,0,0,0,0,0
280,2017-04-18,09:02:26,0,SM705,XZCE,5750,5708,5772,3030,86979440,35724,35264,6140,5444,5792,5738,0,5730,0,0,0,2017-04-18,32546000,5750,1,0,0,0,0,0,0,0,0,5752,2,0,0,0,0,0,0,0,0
281,2017-04-18,09:02:26,0,SM705,XZCE,5750,5708,5772,3032,87036940,35724,35264,6140,5444,5792,5738,0,5730,0,0,0,2017-04-18,32546000,5748,1,0,0,0,0,0,0,0,0,5752,2,0,0,0,0,0,0,0,0
282,2017-04-18,09:02:27,0,SM705,XZCE,5748,5708,5772,3034,87094420,35722,35264,6140,5444,5792,5738,0,5730,0,0,0,2017-04-18,32547000,5748,2,0,0,0,0,0,0,0,0,5752,2,0,0,0,0,0,0,0,0
283,2017-04-18,09:02:27,0,SM705,XZCE,5748,5708,5772,3034,87094420,35722,35264,6140,5444,5792,5738,0,5730,0,0,0,2017-04-18,32547000,5748,3,0,0,0,0,0,0,0,0,5750,2,0,0,0,0,0,0,0,0
284,2017-04-18,09:02:28,0,SM705,XZCE,5748,5708,5772,3036,87151900,35722,35264,6140,5444,5792,5738,0,5730,0,0,0,2017-04-18,32548000,5748,2,0,0,0,0,0,0,0,0,5750,2,0,0,0,0,0,0,0,0
285,2017-04-18,09:02:29,0,SM705,XZCE,5748,5708,5772,3040,87266860,35722,35264,6140,5444,5792,5738,0,5730,0,0,0,2017-04-18,32549000,5746,1,0,0,0,0,0,0,0,0,5750,18,0,0,0,0,0,0,0,0
286,2017-04-18,09:02:30,0,SM705,XZCE,5750,5708,5772,3042,87324360,35724,35264,6140,5444,5792,5738,0,5730,0,0,0,2017-04-18,32550000,5744,5,0,0,0,0,0,0,0,0,5750,17,0,0,0,0,0,0,0,0
287,2017-04-18,09:02:30,0,SM705,XZCE,5750,5708,5772,3042,87324360,35724,35264,6140,5444,5792,5738,0,5730,0,0,0,2017-04-18,32550000,5748,1,0,0,0,0,0,0,0,0,5750,17,0,0,0,0,0,0,0,0
288,2017-04-18,09:02:31,0,SM705,XZCE,5750,5708,5772,3042,87324360,35724,35264,6140,5444,5792,5738,0,5730,0,0,0,2017-04-18,32551000,5748,1,0,0,0,0,0,0,0,0,5750,19,0,0,0,0,0,0,0,0
289,2017-04-18,09:02:31,0,SM705,XZCE,5748,5708,5772,3044,87381840,35724,35264,6140,5444,5792,5738,0,5730,0,0,0,2017-04-18,32551000,5744,5,0,0,0,0,0,0,0,0,5748,10,0,0,0,0,0,0,0,0
290,2017-04-18,09:02:32,0,SM705,XZCE,5748,5708,5772,3044,87381840,35724,35264,6140,5444,5792,5738,0,5730,0,0,0,2017-04-18,32552000,5744,5,0,0,0,0,0,0,0,0,5746,2,0,0,0,0,0,0,0,0
291,2017-04-18,09:02:32,0,SM705,XZCE,5746,5708,5772,3048,87496760,35724,35264,6140,5444,5792,5738,0,5730,0,0,0,2017-04-18,32552000,5744,3,0,0,0,0,0,0,0,0,5746,1,0,0,0,0,0,0,0,0
292,2017-04-18,09:02:33,0,SM705,XZCE,5746,5708,5772,3054,87669140,35724,35264,6140,5444,5792,5738,0,5730,0,0,0,2017-04-18,32553000,5742,2,0,0,0,0,0,0,0,0,5746,6,0,0,0,0,0,0,0,0
293,2017-04-18,09:02:33,0,SM705,XZCE,5746,5708,5772,3056,87726600,35726,35264,6140,5444,5792,5738,0,5730,0,0,0,2017-04-18,32553000,5742,2,0,0,0,0,0,0,0,0,5746,5,0,0,0,0,0,0,0,0
294,2017-04-18,09:02:34,0,SM705,XZCE,5746,5708,5772,3056,87726600,35726,35264,6140,5444,5792,5738,0,5730,0,0,0,2017-04-18,32554000,5742,2,0,0,0,0,0,0,0,0,5744,8,0,0,0,0,0,0,0,0
295,2017-04-18,09:02:34,0,SM705,XZCE,5744,5708,5772,3060,87841480,35726,35264,6140,5444,5792,5738,0,5730,0,0,0,2017-04-18,32554000,5742,2,0,0,0,0,0,0,0,0,5744,6,0,0,0,0,0,0,0,0
296,2017-04-18,09:02:35,0,SM705,XZCE,5744,5708,5772,3070,88128680,35716,35264,6140,5444,5792,5738,0,5730,0,0,0,2017-04-18,32555000,5742,2,0,0,0,0,0,0,0,0,5744,1,0,0,0,0,0,0,0,0
297,2017-04-18,09:02:35,0,SM705,XZCE,5742,5708,5772,3076,88300940,35720,35264,6140,5444,5792,5738,0,5730,0,0,0,2017-04-18,32555000,5740,1,0,0,0,0,0,0,0,0,5744,1,0,0,0,0,0,0,0,0
298,2017-04-18,09:02:36,0,SM705,XZCE,5742,5708,5772,3076,88300940,35720,35264,6140,5444,5792,5738,0,5730,0,0,0,2017-04-18,32556000,5740,1,0,0,0,0,0,0,0,0,5742,2,0,0,0,0,0,0,0,0
299,2017-04-18,09:02:36,0,SM705,XZCE,5742,5708,5772,3076,88300940,35720,35264,6140,5444,5792,5738,0,5730,0,0,0,2017-04-18,32556000,5740,4,0,0,0,0,0,0,0,0,5742,2,0,0,0,0,0,0,0,0
300,2017-04-18,09:02:37,0,SM705,XZCE,5742,5708,5772,3076,88300940,35720,35264,6140,5444,5792,5738,0,5730,0,0,0,2017-04-18,32557000,5740,1,0,0,0,0,0,0,0,0,5742,2,0,0,0,0,0,0,0,0
301,2017-04-18,09:02:37,0,SM705,XZCE,5742,5708,5772,3076,88300940,35720,35264,6140,5444,5792,5738,0,5730,0,0,0,2017-04-18,32557000,5740,2,0,0,0,0,0,0,0,0,5742,4,0,0,0,0,0,0,0,0
302,2017-04-18,09:02:38,0,SM705,XZCE,5742,5708,5772,3076,88300940,35720,35264,6140,5444,5792,5738,0,5730,0,0,0,2017-04-18,32558000,5740,1,0,0,0,0,0,0,0,0,5742,4,0,0,0,0,0,0,0,0
303,2017-04-18,09:02:38,0,SM705,XZCE,5742,5708,5772,3076,88300940,35720,35264,6140,5444,5792,5738,0,5730,0,0,0,2017-04-18,32558000,5740,2,0,0,0,0,0,0,0,0,5742,4,0,0,0,0,0,0,0,0
304,2017-04-18,09:02:39,0,SM705,XZCE,5740,5708,5772,3080,88415740,35724,35264,6140,5444,5792,5738,0,5730,0,0,0,2017-04-18,32559000,5738,56,0,0,0,0,0,0,0,0,5742,14,0,0,0,0,0,0,0,0
305,2017-04-18,09:02:39,0,SM705,XZCE,5742,5708,5772,3106,89162200,35716,35264,6140,5444,5792,5738,0,5730,0,0,0,2017-04-18,32559000,5738,56,0,0,0,0,0,0,0,0,5742,3,0,0,0,0,0,0,0,0
306,2017-04-18,09:02:40,0,SM705,XZCE,5738,5708,5772,3114,89391720,35714,35264,6140,5444,5792,5738,0,5730,0,0,0,2017-04-18,32560000,5738,52,0,0,0,0,0,0,0,0,5742,2,0,0,0,0,0,0,0,0
307,2017-04-18,09:02:40,0,SM705,XZCE,5740,5708,5772,3124,89678720,35718,35264,6140,5444,5792,5738,0,5730,0,0,0,2017-04-18,32560000,5738,52,0,0,0,0,0,0,0,0,5740,4,0,0,0,0,0,0,0,0
308,2017-04-18,09:02:41,0,SM705,XZCE,5740,5708,5772,3128,89793520,35722,35264,6140,5444,5792,5738,0,5730,0,0,0,2017-04-18,32561000,5738,52,0,0,0,0,0,0,0,0,5740,6,0,0,0,0,0,0,0,0
309,2017-04-18,09:02:41,0,SM705,XZCE,5738,5708,5772,3134,89965660,35724,35264,6140,5444,5792,5738,0,5730,0,0,0,2017-04-18,32561000,5738,50,0,0,0,0,0,0,0,0,5740,5,0,0,0,0,0,0,0,0
310,2017-04-18,09:02:42,0,SM705,XZCE,5738,5708,5772,3144,90252560,35724,35264,6140,5444,5792,5738,0,5730,0,0,0,2017-04-18,32562000,5738,45,0,0,0,0,0,0,0,0,5740,6,0,0,0,0,0,0,0,0
311,2017-04-18,09:02:42,0,SM705,XZCE,5738,5708,5772,3146,90309940,35724,35264,6140,5444,5792,5738,0,5730,0,0,0,2017-04-18,32562000,5738,44,0,0,0,0,0,0,0,0,5740,6,0,0,0,0,0,0,0,0
312,2017-04-18,09:02:43,0,SM705,XZCE,5738,5708,5772,3174,91113260,35718,35264,6140,5444,5792,5738,0,5730,0,0,0,2017-04-18,32563000,5738,31,0,0,0,0,0,0,0,0,5740,7,0,0,0,0,0,0,0,0
313,2017-04-18,09:02:43,0,SM705,XZCE,5738,5708,5772,3192,91629680,35700,35264,6140,5444,5792,5738,0,5730,0,0,0,2017-04-18,32563000,5738,23,0,0,0,0,0,0,0,0,5740,7,0,0,0,0,0,0,0,0
314,2017-04-18,09:02:44,0,SM705,XZCE,5738,5708,5772,3196,91744440,35700,35264,6140,5444,5792,5738,0,5730,0,0,0,2017-04-18,32564000,5738,26,0,0,0,0,0,0,0,0,5740,7,0,0,0,0,0,0,0,0
315,2017-04-18,09:02:44,0,SM705,XZCE,5738,5708,5772,3218,92375620,35700,35264,6140,5444,5792,5738,0,5730,0,0,0,2017-04-18,32564000,5738,19,0,0,0,0,0,0,0,0,5740,7,0,0,0,0,0,0,0,0
316,2017-04-18,09:02:45,0,SM705,XZCE,5738,5708,5772,3230,92719900,35712,35264,6140,5444,5792,5738,0,5730,0,0,0,2017-04-18,32565000,5738,13,0,0,0,0,0,0,0,0,5740,7,0,0,0,0,0,0,0,0
317,2017-04-18,09:02:45,0,SM705,XZCE,5740,5708,5772,3250,93293900,35722,35264,6140,5444,5792,5738,0,5730,0,0,0,2017-04-18,32565000,5738,24,0,0,0,0,0,0,0,0,5742,12,0,0,0,0,0,0,0,0
318,2017-04-18,09:02:46,0,SM705,XZCE,5742,5708,5772,3254,93408740,35724,35264,6140,5444,5792,5738,0,5730,0,0,0,2017-04-18,32566000,5738,22,0,0,0,0,0,0,0,0,5742,11,0,0,0,0,0,0,0,0
319,2017-04-18,09:02:46,0,SM705,XZCE,5742,5708,5772,3254,93408740,35724,35264,6140,5444,5792,5738,0,5730,0,0,0,2017-04-18,32566000,5738,22,0,0,0,0,0,0,0,0,5740,10,0,0,0,0,0,0,0,0
320,2017-04-18,09:02:47,0,SM705,XZCE,5742,5708,5772,3296,94614560,35704,35264,6140,5444,5792,5738,0,5730,0,0,0,2017-04-18,32567000,5740,43,0,0,0,0,0,0,0,0,5744,1,0,0,0,0,0,0,0,0
321,2017-04-18,09:02:47,0,SM705,XZCE,5744,5708,5772,3308,94959200,35702,35264,6140,5444,5792,5738,0,5730,0,0,0,2017-04-18,32567000,5744,4,0,0,0,0,0,0,0,0,5748,16,0,0,0,0,0,0,0,0
322,2017-04-18,09:02:48,0,SM705,XZCE,5744,5708,5772,3312,95074080,35700,35264,6140,5444,5792,5738,0,5730,0,0,0,2017-04-18,32568000,5742,2,0,0,0,0,0,0,0,0,5746,4,0,0,0,0,0,0,0,0
323,2017-04-18,09:02:48,0,SM705,XZCE,5744,5708,5772,3312,95074080,35700,35264,6140,5444,5792,5738,0,5730,0,0,0,2017-04-18,32568000,5744,4,0,0,0,0,0,0,0,0,5746,5,0,0,0,0,0,0,0,0
324,2017-04-18,09:02:49,0,SM705,XZCE,5744,5708,5772,3312,95074080,35700,35264,6140,5444,5792,5738,0,5730,0,0,0,2017-04-18,32569000,5744,5,0,0,0,0,0,0,0,0,5746,5,0,0,0,0,0,0,0,0
325,2017-04-18,09:02:49,0,SM705,XZCE,5744,5708,5772,3318,95246400,35700,35264,6140,5444,5792,5738,0,5730,0,0,0,2017-04-18,32569000,5744,3,0,0,0,0,0,0,0,0,5746,1,0,0,0,0,0,0,0,0
326,2017-04-18,09:02:49,0,SM705,XZCE,5746,5708,5772,3320,95303860,35698,35264,6140,5444,5792,5738,0,5730,0,0,0,2017-04-18,32569000,5746,4,0,0,0,0,0,0,0,0,5748,16,0,0,0,0,0,0,0,0
327,2017-04-18,09:02:50,0,SM705,XZCE,5746,5708,5772,3328,95533700,35690,35264,6140,5444,5792,5738,0,5730,0,0,0,2017-04-18,32570000,5742,6,0,0,0,0,0,0,0,0,5746,2,0,0,0,0,0,0,0,0
328,2017-04-18,09:02:51,0,SM705,XZCE,5748,5708,5772,3338,95821100,35680,35264,6140,5444,5792,5738,0,5730,0,0,0,2017-04-18,32571000,5742,5,0,0,0,0,0,0,0,0,5748,13,0,0,0,0,0,0,0,0
329,2017-04-18,09:02:51,0,SM705,XZCE,5748,5708,5772,3338,95821100,35680,35264,6140,5444,5792,5738,0,5730,0,0,0,2017-04-18,32571000,5742,5,0,0,0,0,0,0,0,0,5748,14,0,0,0,0,0,0,0,0
330,2017-04-18,09:02:52,0,SM705,XZCE,5740,5708,5772,3368,96682100,35688,35264,6140,5444,5792,5738,0,5730,0,0,0,2017-04-18,32572000,5740,34,0,0,0,0,0,0,0,0,5748,14,0,0,0,0,0,0,0,0
331,2017-04-18,09:02:52,0,SM705,XZCE,5740,5708,5772,3368,96682100,35688,35264,6140,5444,5792,5738,0,5730,0,0,0,2017-04-18,32572000,5742,1,0,0,0,0,0,0,0,0,5746,4,0,0,0,0,0,0,0,0
332,2017-04-18,09:02:53,0,SM705,XZCE,5740,5708,5772,3368,96682100,35688,35264,6140,5444,5792,5738,0,5730,0,0,0,2017-04-18,32573000,5744,1,0,0,0,0,0,0,0,0,5746,2,0,0,0,0,0,0,0,0
333,2017-04-18,09:02:53,0,SM705,XZCE,5744,5708,5772,3370,96739540,35688,35264,6140,5444,5792,5738,0,5730,0,0,0,2017-04-18,32573000,5742,6,0,0,0,0,0,0,0,0,5744,2,0,0,0,0,0,0,0,0
334,2017-04-18,09:02:54,0,SM705,XZCE,5744,5708,5772,3378,96969300,35696,35264,6140,5444,5792,5738,0,5730,0,0,0,2017-04-18,32574000,5744,1,0,0,0,0,0,0,0,0,5748,15,0,0,0,0,0,0,0,0
335,2017-04-18,09:02:54,0,SM705,XZCE,5748,5708,5772,3414,98003940,35682,35264,6140,5444,5792,5738,0,5730,0,0,0,2017-04-18,32574000,5742,9,0,0,0,0,0,0,0,0,5748,10,0,0,0,0,0,0,0,0
336,2017-04-18,09:02:55,0,SM705,XZCE,5744,5708,5772,3432,98520900,35692,35264,6140,5444,5792,5738,0,5730,0,0,0,2017-04-18,32575000,5742,9,0,0,0,0,0,0,0,0,5744,1,0,0,0,0,0,0,0,0
337,2017-04-18,09:02:55,0,SM705,XZCE,5748,5708,5772,3436,98635860,35690,35264,6140,5444,5792,5738,0,5730,0,0,0,2017-04-18,32575000,5744,2,0,0,0,0,0,0,0,0,5748,9,0,0,0,0,0,0,0,0
338,2017-04-18,09:02:56,0,SM705,XZCE,5748,5708,5772,3438,98693340,35692,35264,6140,5444,5792,5738,0,5730,0,0,0,2017-04-18,32576000,5746,1,0,0,0,0,0,0,0,0,5748,8,0,0,0,0,0,0,0,0
339,2017-04-18,09:02:56,0,SM705,XZCE,5748,5708,5772,3456,99210660,35686,35264,6140,5444,5792,5738,0,5730,0,0,0,2017-04-18,32576000,5744,2,0,0,0,0,0,0,0,0,5750,26,0,0,0,0,0,0,0,0
340,2017-04-18,09:02:58,0,SM705,XZCE,5748,5708,5772,3458,99268140,35688,35264,6140,5444,5792,5738,0,5730,0,0,0,2017-04-18,32578000,5744,2,0,0,0,0,0,0,0,0,5750,27,0,0,0,0,0,0,0,0
341,2017-04-18,09:02:58,0,SM705,XZCE,5744,5708,5772,3460,99325580,35688,35264,6140,5444,5792,5738,0,5730,0,0,0,2017-04-18,32578000,5746,1,0,0,0,0,0,0,0,0,5748,1,0,0,0,0,0,0,0,0
342,2017-04-18,09:02:59,0,SM705,XZCE,5748,5708,5772,3520,101049980,35726,35264,6140,5444,5792,5738,0,5730,0,0,0,2017-04-18,32579000,5746,1,0,0,0,0,0,0,0,0,5750,27,0,0,0,0,0,0,0,0
343,2017-04-18,09:03:00,0,SM705,XZCE,5748,5708,5772,3524,101164940,35722,35264,6140,5444,5792,5738,0,5730,0,0,0,2017-04-18,32580000,5748,6,0,0,0,0,0,0,0,0,5750,27,0,0,0,0,0,0,0,0
344,2017-04-18,09:03:01,0,SM705,XZCE,5748,5708,5772,3544,101739740,35716,35264,6140,5444,5792,5738,0,5730,0,0,0,2017-04-18,32581000,5748,5,0,0,0,0,0,0,0,0,5750,18,0,0,0,0,0,0,0,0
345,2017-04-18,09:03:02,0,SM705,XZCE,5750,5708,5772,3546,101797240,35714,35264,6140,5444,5792,5738,0,5730,0,0,0,2017-04-18,32582000,5748,7,0,0,0,0,0,0,0,0,5750,17,0,0,0,0,0,0,0,0
346,2017-04-18,09:03:03,0,SM705,XZCE,5742,5708,5772,3604,103462420,35716,35264,6140,5444,5792,5738,0,5730,0,0,0,2017-04-18,32583000,5740,14,0,0,0,0,0,0,0,0,5756,13,0,0,0,0,0,0,0,0
347,2017-04-18,09:03:03,0,SM705,XZCE,5748,5708,5772,3606,103519900,35714,35264,6140,5444,5792,5738,0,5730,0,0,0,2017-04-18,32583000,5742,5,0,0,0,0,0,0,0,0,5748,3,0,0,0,0,0,0,0,0
348,2017-04-18,09:03:03,0,SM705,XZCE,5748,5708,5772,3608,103577380,35714,35264,6140,5444,5792,5738,0,5730,0,0,0,2017-04-18,32583000,5742,5,0,0,0,0,0,0,0,0,5748,2,0,0,0,0,0,0,0,0
349,2017-04-18,09:03:04,0,SM705,XZCE,5748,5708,5772,3608,103577380,35714,35264,6140,5444,5792,5738,0,5730,0,0,0,2017-04-18,32584000,5742,5,0,0,0,0,0,0,0,0,5746,1,0,0,0,0,0,0,0,0
350,2017-04-18,09:03:05,0,SM705,XZCE,5748,5708,5772,3608,103577380,35714,35264,6140,5444,5792,5738,0,5730,0,0,0,2017-04-18,32585000,5742,8,0,0,0,0,0,0,0,0,5746,2,0,0,0,0,0,0,0,0
351,2017-04-18,09:03:06,0,SM705,XZCE,5742,5708,5772,3612,103692220,35714,35264,6140,5444,5792,5738,0,5730,0,0,0,2017-04-18,32586000,5742,7,0,0,0,0,0,0,0,0,5746,1,0,0,0,0,0,0,0,0
352,2017-04-18,09:03:06,0,SM705,XZCE,5742,5708,5772,3612,103692220,35714,35264,6140,5444,5792,5738,0,5730,0,0,0,2017-04-18,32586000,5742,7,0,0,0,0,0,0,0,0,5746,6,0,0,0,0,0,0,0,0
353,2017-04-18,09:03:07,0,SM705,XZCE,5744,5708,5772,3614,103749660,35712,35264,6140,5444,5792,5738,0,5730,0,0,0,2017-04-18,32587000,5744,2,0,0,0,0,0,0,0,0,5746,6,0,0,0,0,0,0,0,0
354,2017-04-18,09:03:07,0,SM705,XZCE,5744,5708,5772,3626,104094300,35710,35264,6140,5444,5792,5738,0,5730,0,0,0,2017-04-18,32587000,5742,4,0,0,0,0,0,0,0,0,5746,6,0,0,0,0,0,0,0,0
355,2017-04-18,09:03:07,0,SM705,XZCE,5742,5708,5772,3628,104151720,35708,35264,6140,5444,5792,5738,0,5730,0,0,0,2017-04-18,32587000,5742,4,0,0,0,0,0,0,0,0,5746,6,0,0,0,0,0,0,0,0
356,2017-04-18,09:03:08,0,SM705,XZCE,5742,5708,5772,3628,104151720,35708,35264,6140,5444,5792,5738,0,5730,0,0,0,2017-04-18,32588000,5742,3,0,0,0,0,0,0,0,0,5746,6,0,0,0,0,0,0,0,0
357,2017-04-18,09:03:09,0,SM705,XZCE,5742,5708,5772,3630,104209140,35706,35264,6140,5444,5792,5738,0,5730,0,0,0,2017-04-18,32589000,5742,3,0,0,0,0,0,0,0,0,5744,1,0,0,0,0,0,0,0,0
358,2017-04-18,09:03:09,0,SM705,XZCE,5742,5708,5772,3632,104266560,35706,35264,6140,5444,5792,5738,0,5730,0,0,0,2017-04-18,32589000,5742,2,0,0,0,0,0,0,0,0,5744,1,0,0,0,0,0,0,0,0
359,2017-04-18,09:03:10,0,SM705,XZCE,5744,5708,5772,3634,104324000,35708,35264,6140,5444,5792,5738,0,5730,0,0,0,2017-04-18,32590000,5742,1,0,0,0,0,0,0,0,0,5746,6,0,0,0,0,0,0,0,0
360,2017-04-18,09:03:11,0,SM705,XZCE,5744,5708,5772,3634,104324000,35708,35264,6140,5444,5792,5738,0,5730,0,0,0,2017-04-18,32591000,5742,2,0,0,0,0,0,0,0,0,5746,6,0,0,0,0,0,0,0,0
361,2017-04-18,09:03:11,0,SM705,XZCE,5744,5708,5772,3634,104324000,35708,35264,6140,5444,5792,5738,0,5730,0,0,0,2017-04-18,32591000,5742,2,0,0,0,0,0,0,0,0,5744,18,0,0,0,0,0,0,0,0
362,2017-04-18,09:03:12,0,SM705,XZCE,5744,5708,5772,3634,104324000,35708,35264,6140,5444,5792,5738,0,5730,0,0,0,2017-04-18,32592000,5742,8,0,0,0,0,0,0,0,0,5744,18,0,0,0,0,0,0,0,0
363,2017-04-18,09:03:12,0,SM705,XZCE,5744,5708,5772,3636,104381440,35708,35264,6140,5444,5792,5738,0,5730,0,0,0,2017-04-18,32592000,5742,7,0,0,0,0,0,0,0,0,5744,20,0,0,0,0,0,0,0,0
364,2017-04-18,09:03:13,0,SM705,XZCE,5744,5708,5772,3638,104438880,35710,35264,6140,5444,5792,5738,0,5730,0,0,0,2017-04-18,32593000,5742,13,0,0,0,0,0,0,0,0,5744,19,0,0,0,0,0,0,0,0
365,2017-04-18,09:03:14,0,SM705,XZCE,5742,5708,5772,3640,104496300,35710,35264,6140,5444,5792,5738,0,5730,0,0,0,2017-04-18,32594000,5742,13,0,0,0,0,0,0,0,0,5744,19,0,0,0,0,0,0,0,0
366,2017-04-18,09:03:14,0,SM705,XZCE,5744,5708,5772,3654,104898380,35710,35264,6140,5444,5792,5738,0,5730,0,0,0,2017-04-18,32594000,5742,11,0,0,0,0,0,0,0,0,5744,14,0,0,0,0,0,0,0,0
367,2017-04-18,09:03:15,0,SM705,XZCE,5742,5708,5772,3656,104955800,35708,35264,6140,5444,5792,5738,0,5730,0,0,0,2017-04-18,32595000,5742,10,0,0,0,0,0,0,0,0,5744,14,0,0,0,0,0,0,0,0
368,2017-04-18,09:03:15,0,SM705,XZCE,5742,5708,5772,3676,105530000,35714,35264,6140,5444,5792,5738,0,5730,0,0,0,2017-04-18,32595000,5740,24,0,0,0,0,0,0,0,0,5742,27,0,0,0,0,0,0,0,0
369,2017-04-18,09:03:16,0,SM705,XZCE,5742,5708,5772,3696,106104200,35734,35264,6140,5444,5792,5738,0,5730,0,0,0,2017-04-18,32596000,5740,15,0,0,0,0,0,0,0,0,5742,17,0,0,0,0,0,0,0,0
370,2017-04-18,09:03:16,0,SM705,XZCE,5744,5708,5772,3752,107712520,35788,35264,6140,5444,5792,5738,0,5730,0,0,0,2017-04-18,32596000,5740,15,0,0,0,0,0,0,0,0,5744,8,0,0,0,0,0,0,0,0
371,2017-04-18,09:03:17,0,SM705,XZCE,5742,5708,5772,3754,107769940,35790,35264,6140,5444,5792,5738,0,5730,0,0,0,2017-04-18,32597000,5740,15,0,0,0,0,0,0,0,0,5744,7,0,0,0,0,0,0,0,0
372,2017-04-18,09:03:18,0,SM705,XZCE,5740,5708,5772,3756,107827340,35790,35264,6140,5444,5792,5738,0,5730,0,0,0,2017-04-18,32598000,5740,14,0,0,0,0,0,0,0,0,5744,10,0,0,0,0,0,0,0,0
373,2017-04-18,09:03:18,0,SM705,XZCE,5740,5708,5772,3756,107827340,35790,35264,6140,5444,5792,5738,0,5730,0,0,0,2017-04-18,32598000,5740,14,0,0,0,0,0,0,0,0,5742,7,0,0,0,0,0,0,0,0
374,2017-04-18,09:03:19,0,SM705,XZCE,5740,5708,5772,3774,108343940,35780,35264,6140,5444,5792,5738,0,5730,0,0,0,2017-04-18,32599000,5740,5,0,0,0,0,0,0,0,0,5742,1,0,0,0,0,0,0,0,0
375,2017-04-18,09:03:19,0,SM705,XZCE,5742,5708,5772,3776,108401360,35782,35264,6140,5444,5792,5738,0,5730,0,0,0,2017-04-18,32599000,5740,5,0,0,0,0,0,0,0,0,5744,16,0,0,0,0,0,0,0,0
376,2017-04-18,09:03:20,0,SM705,XZCE,5740,5708,5772,3786,108688360,35792,35264,6140,5444,5792,5738,0,5730,0,0,0,2017-04-18,32600000,5738,14,0,0,0,0,0,0,0,0,5740,5,0,0,0,0,0,0,0,0
377,2017-04-18,09:03:20,0,SM705,XZCE,5740,5708,5772,3788,108745760,35792,35264,6140,5444,5792,5738,0,5730,0,0,0,2017-04-18,32600000,5738,14,0,0,0,0,0,0,0,0,5740,4,0,0,0,0,0,0,0,0
378,2017-04-18,09:03:21,0,SM705,XZCE,5738,5708,5772,3792,108860520,35794,35264,6140,5444,5792,5738,0,5730,0,0,0,2017-04-18,32601000,5738,12,0,0,0,0,0,0,0,0,5740,6,0,0,0,0,0,0,0,0
379,2017-04-18,09:03:22,0,SM705,XZCE,5740,5708,5772,3796,108975320,35798,35264,6140,5444,5792,5738,0,5730,0,0,0,2017-04-18,32602000,5738,11,0,0,0,0,0,0,0,0,5740,5,0,0,0,0,0,0,0,0
380,2017-04-18,09:03:22,0,SM705,XZCE,5738,5708,5772,3800,109090080,35802,35264,6140,5444,5792,5738,0,5730,0,0,0,2017-04-18,32602000,5738,9,0,0,0,0,0,0,0,0,5740,4,0,0,0,0,0,0,0,0
381,2017-04-18,09:03:23,0,SM705,XZCE,5740,5708,5772,3804,109204880,35802,35264,6140,5444,5792,5738,0,5730,0,0,0,2017-04-18,32603000,5738,9,0,0,0,0,0,0,0,0,5742,6,0,0,0,0,0,0,0,0
382,2017-04-18,09:03:23,0,SM705,XZCE,5740,5708,5772,3804,109204880,35802,35264,6140,5444,5792,5738,0,5730,0,0,0,2017-04-18,32603000,5738,10,0,0,0,0,0,0,0,0,5740,3,0,0,0,0,0,0,0,0
383,2017-04-18,09:03:24,0,SM705,XZCE,5740,5708,5772,3806,109262280,35802,35264,6140,5444,5792,5738,0,5730,0,0,0,2017-04-18,32604000,5738,10,0,0,0,0,0,0,0,0,5740,2,0,0,0,0,0,0,0,0
384,2017-04-18,09:03:24,0,SM705,XZCE,5736,5708,5772,3828,109893240,35818,35264,6140,5444,5792,5738,0,5730,0,0,0,2017-04-18,32604000,5736,4,0,0,0,0,0,0,0,0,5738,5,0,0,0,0,0,0,0,0
385,2017-04-18,09:03:25,0,SM705,XZCE,5738,5708,5772,3830,109950620,35818,35264,6140,5444,5792,5738,0,5730,0,0,0,2017-04-18,32605000,5736,5,0,0,0,0,0,0,0,0,5738,6,0,0,0,0,0,0,0,0
386,2017-04-18,09:03:26,0,SM705,XZCE,5736,5708,5772,3832,110007980,35820,35264,6140,5444,5792,5738,0,5730,0,0,0,2017-04-18,32606000,5736,4,0,0,0,0,0,0,0,0,5738,6,0,0,0,0,0,0,0,0
387,2017-04-18,09:03:26,0,SM705,XZCE,5738,5708,5772,3834,110065360,35820,35264,6140,5444,5792,5738,0,5730,0,0,0,2017-04-18,32606000,5736,4,0,0,0,0,0,0,0,0,5738,7,0,0,0,0,0,0,0,0
388,2017-04-18,09:03:27,0,SM705,XZCE,5736,5708,5772,3836,110122720,35822,35264,6140,5444,5792,5738,0,5730,0,0,0,2017-04-18,32607000,5736,3,0,0,0,0,0,0,0,0,5738,4,0,0,0,0,0,0,0,0
389,2017-04-18,09:03:27,0,SM705,XZCE,5736,5708,5772,3840,110237440,35820,35264,6140,5444,5792,5738,0,5730,0,0,0,2017-04-18,32607000,5736,1,0,0,0,0,0,0,0,0,5738,2,0,0,0,0,0,0,0,0
390,2017-04-18,09:03:28,0,SM705,XZCE,5736,5708,5772,3840,110237440,35820,35264,6140,5444,5792,5738,0,5730,0,0,0,2017-04-18,32608000,5736,2,0,0,0,0,0,0,0,0,5738,2,0,0,0,0,0,0,0,0
391,2017-04-18,09:03:28,0,SM705,XZCE,5740,5708,5772,3848,110467040,35818,35264,6140,5444,5792,5738,0,5730,0,0,0,2017-04-18,32608000,5736,4,0,0,0,0,0,0,0,0,5740,5,0,0,0,0,0,0,0,0
392,2017-04-18,09:03:29,0,SM705,XZCE,5740,5708,5772,3848,110467040,35818,35264,6140,5444,5792,5738,0,5730,0,0,0,2017-04-18,32609000,5736,3,0,0,0,0,0,0,0,0,5738,2,0,0,0,0,0,0,0,0
393,2017-04-18,09:03:29,0,SM705,XZCE,5736,5708,5772,3856,110696480,35814,35264,6140,5444,5792,5738,0,5730,0,0,0,2017-04-18,32609000,5734,2,0,0,0,0,0,0,0,0,5736,7,0,0,0,0,0,0,0,0
394,2017-04-18,09:03:30,0,SM705,XZCE,5734,5708,5772,3860,110811160,35812,35264,6140,5444,5792,5738,0,5730,0,0,0,2017-04-18,32610000,5734,10,0,0,0,0,0,0,0,0,5736,6,0,0,0,0,0,0,0,0
395,2017-04-18,09:03:30,0,SM705,XZCE,5734,5708,5772,3864,110925840,35810,35264,6140,5444,5792,5738,0,5730,0,0,0,2017-04-18,32610000,5734,8,0,0,0,0,0,0,0,0,5736,10,0,0,0,0,0,0,0,0
396,2017-04-18,09:03:31,0,SM705,XZCE,5736,5708,5772,3890,111671520,35790,35264,6140,5444,5792,5738,0,5730,0,0,0,2017-04-18,32611000,5734,3,0,0,0,0,0,0,0,0,5738,1,0,0,0,0,0,0,0,0
397,2017-04-18,09:03:31,0,SM705,XZCE,5734,5708,5772,3892,111728860,35790,35264,6140,5444,5792,5738,0,5730,0,0,0,2017-04-18,32611000,5734,2,0,0,0,0,0,0,0,0,5738,1,0,0,0,0,0,0,0,0
398,2017-04-18,09:03:32,0,SM705,XZCE,5734,5708,5772,3896,111843540,35790,35264,6140,5444,5792,5738,0,5730,0,0,0,2017-04-18,32612000,5732,16,0,0,0,0,0,0,0,0,5734,9,0,0,0,0,0,0,0,0
399,2017-04-18,09:03:32,0,SM705,XZCE,5734,5708,5772,3914,112359600,35796,35264,6140,5444,5792,5738,0,5730,0,0,0,2017-04-18,32612000,5736,28,0,0,0,0,0,0,0,0,5738,2,0,0,0,0,0,0,0,0
400,2017-04-18,09:03:33,0,SM705,XZCE,5734,5708,5772,3914,112359600,35796,35264,6140,5444,5792,5738,0,5730,0,0,0,2017-04-18,32613000,5736,28,0,0,0,0,0,0,0,0,5738,1,0,0,0,0,0,0,0,0
401,2017-04-18,09:03:33,0,SM705,XZCE,5734,5708,5772,3924,112646300,35806,35264,6140,5444,5792,5738,0,5730,0,0,0,2017-04-18,32613000,5736,23,0,0,0,0,0,0,0,0,5738,1,0,0,0,0,0,0,0,0
402,2017-04-18,09:03:34,0,SM705,XZCE,5738,5708,5772,3926,112703680,35806,35264,6140,5444,5792,5738,0,5730,0,0,0,2017-04-18,32614000,5736,23,0,0,0,0,0,0,0,0,5738,1,0,0,0,0,0,0,0,0
403,2017-04-18,09:03:34,0,SM705,XZCE,5738,5708,5772,3928,112761060,35806,35264,6140,5444,5792,5738,0,5730,0,0,0,2017-04-18,32614000,5738,5,0,0,0,0,0,0,0,0,5740,12,0,0,0,0,0,0,0,0
404,2017-04-18,09:03:35,0,SM705,XZCE,5736,5708,5772,3942,113162580,35796,35264,6140,5444,5792,5738,0,5730,0,0,0,2017-04-18,32615000,5736,21,0,0,0,0,0,0,0,0,5738,1,0,0,0,0,0,0,0,0
405,2017-04-18,09:03:35,0,SM705,XZCE,5736,5708,5772,3944,113219940,35798,35264,6140,5444,5792,5738,0,5730,0,0,0,2017-04-18,32615000,5736,21,0,0,0,0,0,0,0,0,5738,5,0,0,0,0,0,0,0,0
406,2017-04-18,09:03:36,0,SM705,XZCE,5734,5708,5772,3992,114596100,35804,35264,6140,5444,5792,5738,0,5730,0,0,0,2017-04-18,32616000,5732,14,0,0,0,0,0,0,0,0,5738,4,0,0,0,0,0,0,0,0
407,2017-04-18,09:03:36,0,SM705,XZCE,5734,5708,5772,4004,114940140,35794,35264,6140,5444,5792,5738,0,5730,0,0,0,2017-04-18,32616000,5732,13,0,0,0,0,0,0,0,0,5736,3,0,0,0,0,0,0,0,0
408,2017-04-18,09:03:37,0,SM705,XZCE,5734,5708,5772,4004,114940140,35794,35264,6140,5444,5792,5738,0,5730,0,0,0,2017-04-18,32617000,5732,13,0,0,0,0,0,0,0,0,5734,5,0,0,0,0,0,0,0,0
409,2017-04-18,09:03:37,0,SM705,XZCE,5734,5708,5772,4014,115226840,35792,35264,6140,5444,5792,5738,0,5730,0,0,0,2017-04-18,32617000,5732,12,0,0,0,0,0,0,0,0,5736,1,0,0,0,0,0,0,0,0
410,2017-04-18,09:03:38,0,SM705,XZCE,5732,5708,5772,4038,115914680,35794,35264,6140,5444,5792,5738,0,5730,0,0,0,2017-04-18,32618000,5730,16,0,0,0,0,0,0,0,0,5734,1,0,0,0,0,0,0,0,0
411,2017-04-18,09:03:38,0,SM705,XZCE,5732,5708,5772,4040,115972000,35794,35264,6140,5444,5792,5738,0,5730,0,0,0,2017-04-18,32618000,5730,16,0,0,0,0,0,0,0,0,5736,2,0,0,0,0,0,0,0,0
412,2017-04-18,09:03:39,0,SM705,XZCE,5730,5708,5772,4050,116258500,35796,35264,6140,5444,5792,5738,0,5730,0,0,0,2017-04-18,32619000,5732,2,0,0,0,0,0,0,0,0,5736,2,0,0,0,0,0,0,0,0
413,2017-04-18,09:03:39,0,SM705,XZCE,5730,5708,5772,4054,116373100,35798,35264,6140,5444,5792,5738,0,5730,0,0,0,2017-04-18,32619000,5732,2,0,0,0,0,0,0,0,0,5736,2,0,0,0,0,0,0,0,0
414,2017-04-18,09:03:40,0,SM705,XZCE,5730,5708,5772,4056,116430400,35796,35264,6140,5444,5792,5738,0,5730,0,0,0,2017-04-18,32620000,5730,14,0,0,0,0,0,0,0,0,5736,3,0,0,0,0,0,0,0,0
415,2017-04-18,09:03:40,0,SM705,XZCE,5730,5708,5772,4064,116659600,35796,35264,6140,5444,5792,5738,0,5730,0,0,0,2017-04-18,32620000,5730,13,0,0,0,0,0,0,0,0,5736,3,0,0,0,0,0,0,0,0
416,2017-04-18,09:03:41,0,SM705,XZCE,5730,5708,5772,4080,117118000,35790,35264,6140,5444,5792,5738,0,5730,0,0,0,2017-04-18,32621000,5730,4,0,0,0,0,0,0,0,0,5736,3,0,0,0,0,0,0,0,0
417,2017-04-18,09:03:41,0,SM705,XZCE,5730,5708,5772,4080,117118000,35790,35264,6140,5444,5792,5738,0,5730,0,0,0,2017-04-18,32621000,5732,3,0,0,0,0,0,0,0,0,5736,3,0,0,0,0,0,0,0,0
418,2017-04-18,09:03:42,0,SM705,XZCE,5730,5708,5772,4080,117118000,35790,35264,6140,5444,5792,5738,0,5730,0,0,0,2017-04-18,32622000,5732,4,0,0,0,0,0,0,0,0,5736,3,0,0,0,0,0,0,0,0
419,2017-04-18,09:03:42,0,SM705,XZCE,5736,5708,5772,4092,117462160,35786,35264,6140,5444,5792,5738,0,5730,0,0,0,2017-04-18,32622000,5736,44,0,0,0,0,0,0,0,0,5738,5,0,0,0,0,0,0,0,0
420,2017-04-18,09:03:43,0,SM705,XZCE,5736,5708,5772,4104,117806320,35782,35264,6140,5444,5792,5738,0,5730,0,0,0,2017-04-18,32623000,5736,43,0,0,0,0,0,0,0,0,5740,26,0,0,0,0,0,0,0,0
421,2017-04-18,09:03:43,0,SM705,XZCE,5740,5708,5772,4110,117978520,35788,35264,6140,5444,5792,5738,0,5730,0,0,0,2017-04-18,32623000,5736,43,0,0,0,0,0,0,0,0,5740,23,0,0,0,0,0,0,0,0
422,2017-04-18,09:03:45,0,SM705,XZCE,5740,5708,5772,4114,118093320,35792,35264,6140,5444,5792,5738,0,5730,0,0,0,2017-04-18,32625000,5736,43,0,0,0,0,0,0,0,0,5740,21,0,0,0,0,0,0,0,0
423,2017-04-18,09:03:45,0,SM705,XZCE,5740,5708,5772,4114,118093320,35792,35264,6140,5444,5792,5738,0,5730,0,0,0,2017-04-18,32625000,5738,1,0,0,0,0,0,0,0,0,5740,21,0,0,0,0,0,0,0,0
424,2017-04-18,09:03:46,0,SM705,XZCE,5736,5708,5772,4142,118896360,35776,35264,6140,5444,5792,5738,0,5730,0,0,0,2017-04-18,32626000,5736,33,0,0,0,0,0,0,0,0,5740,21,0,0,0,0,0,0,0,0
425,2017-04-18,09:03:46,0,SM705,XZCE,5740,5708,5772,4146,119011160,35780,35264,6140,5444,5792,5738,0,5730,0,0,0,2017-04-18,32626000,5736,33,0,0,0,0,0,0,0,0,5740,19,0,0,0,0,0,0,0,0
426,2017-04-18,09:03:48,0,SM705,XZCE,5740,5708,5772,4146,119011160,35780,35264,6140,5444,5792,5738,0,5730,0,0,0,2017-04-18,32628000,5736,35,0,0,0,0,0,0,0,0,5740,19,0,0,0,0,0,0,0,0
427,2017-04-18,09:03:48,0,SM705,XZCE,5740,5708,5772,4148,119068560,35782,35264,6140,5444,5792,5738,0,5730,0,0,0,2017-04-18,32628000,5736,35,0,0,0,0,0,0,0,0,5740,18,0,0,0,0,0,0,0,0
428,2017-04-18,09:03:48,0,SM705,XZCE,5740,5708,5772,4148,119068560,35782,35264,6140,5444,5792,5738,0,5730,0,0,0,2017-04-18,32628000,5738,2,0,0,0,0,0,0,0,0,5740,18,0,0,0,0,0,0,0,0
429,2017-04-18,09:03:50,0,SM705,XZCE,5740,5708,5772,4148,119068560,35782,35264,6140,5444,5792,5738,0,5730,0,0,0,2017-04-18,32630000,5738,2,0,0,0,0,0,0,0,0,5740,28,0,0,0,0,0,0,0,0
430,2017-04-18,09:03:51,0,SM705,XZCE,5740,5708,5772,4168,119642560,35782,35264,6140,5444,5792,5738,0,5730,0,0,0,2017-04-18,32631000,5738,2,0,0,0,0,0,0,0,0,5740,18,0,0,0,0,0,0,0,0
431,2017-04-18,09:03:51,0,SM705,XZCE,5738,5708,5772,4170,119699940,35780,35264,6140,5444,5792,5738,0,5730,0,0,0,2017-04-18,32631000,5738,2,0,0,0,0,0,0,0,0,5740,28,0,0,0,0,0,0,0,0
432,2017-04-18,09:03:52,0,SM705,XZCE,5738,5708,5772,4172,119757320,35780,35264,6140,5444,5792,5738,0,5730,0,0,0,2017-04-18,32632000,5738,1,0,0,0,0,0,0,0,0,5740,28,0,0,0,0,0,0,0,0
433,2017-04-18,09:03:54,0,SM705,XZCE,5738,5708,5772,4174,119814700,35780,35264,6140,5444,5792,5738,0,5730,0,0,0,2017-04-18,32634000,5736,36,0,0,0,0,0,0,0,0,5738,10,0,0,0,0,0,0,0,0
434,2017-04-18,09:03:54,0,SM705,XZCE,5738,5708,5772,4176,119872080,35780,35264,6140,5444,5792,5738,0,5730,0,0,0,2017-04-18,32634000,5736,36,0,0,0,0,0,0,0,0,5738,9,0,0,0,0,0,0,0,0
435,2017-04-18,09:03:55,0,SM705,XZCE,5738,5708,5772,4178,119929460,35780,35264,6140,5444,5792,5738,0,5730,0,0,0,2017-04-18,32635000,5736,37,0,0,0,0,0,0,0,0,5738,8,0,0,0,0,0,0,0,0
436,2017-04-18,09:03:56,0,SM705,XZCE,5738,5708,5772,4194,120388500,35782,35264,6140,5444,5792,5738,0,5730,0,0,0,2017-04-18,32636000,5738,5,0,0,0,0,0,0,0,0,5740,37,0,0,0,0,0,0,0,0
437,2017-04-18,09:03:56,0,SM705,XZCE,5740,5708,5772,4198,120503300,35786,35264,6140,5444,5792,5738,0,5730,0,0,0,2017-04-18,32636000,5738,5,0,0,0,0,0,0,0,0,5740,35,0,0,0,0,0,0,0,0
438,2017-04-18,09:03:57,0,SM705,XZCE,5740,5708,5772,4228,121364300,35796,35264,6140,5444,5792,5738,0,5730,0,0,0,2017-04-18,32637000,5736,37,0,0,0,0,0,0,0,0,5740,30,0,0,0,0,0,0,0,0
439,2017-04-18,09:03:58,0,SM705,XZCE,5740,5708,5772,4228,121364300,35796,35264,6140,5444,5792,5738,0,5730,0,0,0,2017-04-18,32638000,5736,4,0,0,0,0,0,0,0,0,5738,1,0,0,0,0,0,0,0,0
440,2017-04-18,09:03:58,0,SM705,XZCE,5740,5708,5772,4228,121364300,35796,35264,6140,5444,5792,5738,0,5730,0,0,0,2017-04-18,32638000,5736,37,0,0,0,0,0,0,0,0,5738,1,0,0,0,0,0,0,0,0
441,2017-04-18,09:03:59,0,SM705,XZCE,5740,5708,5772,4228,121364300,35796,35264,6140,5444,5792,5738,0,5730,0,0,0,2017-04-18,32639000,5736,37,0,0,0,0,0,0,0,0,5738,4,0,0,0,0,0,0,0,0
442,2017-04-18,09:04:00,0,SM705,XZCE,5738,5708,5772,4236,121593820,35794,35264,6140,5444,5792,5738,0,5730,0,0,0,2017-04-18,32640000,5736,37,0,0,0,0,0,0,0,0,5740,31,0,0,0,0,0,0,0,0
443,2017-04-18,09:04:00,0,SM705,XZCE,5738,5708,5772,4240,121708580,35794,35264,6140,5444,5792,5738,0,5730,0,0,0,2017-04-18,32640000,5736,35,0,0,0,0,0,0,0,0,5738,9,0,0,0,0,0,0,0,0
444,2017-04-18,09:04:01,0,SM705,XZCE,5738,5708,5772,4252,122052860,35792,35264,6140,5444,5792,5738,0,5730,0,0,0,2017-04-18,32641000,5736,34,0,0,0,0,0,0,0,0,5738,3,0,0,0,0,0,0,0,0
445,2017-04-18,09:04:03,0,SM705,XZCE,5738,5708,5772,4252,122052860,35792,35264,6140,5444,5792,5738,0,5730,0,0,0,2017-04-18,32643000,5736,34,0,0,0,0,0,0,0,0,5738,13,0,0,0,0,0,0,0,0
446,2017-04-18,09:04:04,0,SM705,XZCE,5738,5708,5772,4328,124233300,35764,35264,6140,5444,5792,5738,0,5730,0,0,0,2017-04-18,32644000,5734,2,0,0,0,0,0,0,0,0,5738,9,0,0,0,0,0,0,0,0
447,2017-04-18,09:04:04,0,SM705,XZCE,5734,5708,5772,4330,124290640,35764,35264,6140,5444,5792,5738,0,5730,0,0,0,2017-04-18,32644000,5734,1,0,0,0,0,0,0,0,0,5736,3,0,0,0,0,0,0,0,0
448,2017-04-18,09:04:05,0,SM705,XZCE,5736,5708,5772,4336,124462720,35768,35264,6140,5444,5792,5738,0,5730,0,0,0,2017-04-18,32645000,5734,3,0,0,0,0,0,0,0,0,5738,9,0,0,0,0,0,0,0,0
449,2017-04-18,09:04:05,0,SM705,XZCE,5736,5708,5772,4336,124462720,35768,35264,6140,5444,5792,5738,0,5730,0,0,0,2017-04-18,32645000,5732,13,0,0,0,0,0,0,0,0,5738,10,0,0,0,0,0,0,0,0
450,2017-04-18,09:04:06,0,SM705,XZCE,5734,5708,5772,4346,124749420,35762,35264,6140,5444,5792,5738,0,5730,0,0,0,2017-04-18,32646000,5734,1,0,0,0,0,0,0,0,0,5738,6,0,0,0,0,0,0,0,0
451,2017-04-18,09:04:07,0,SM705,XZCE,5734,5708,5772,4346,124749420,35762,35264,6140,5444,5792,5738,0,5730,0,0,0,2017-04-18,32647000,5734,2,0,0,0,0,0,0,0,0,5738,6,0,0,0,0,0,0,0,0
452,2017-04-18,09:04:07,0,SM705,XZCE,5734,5708,5772,4346,124749420,35762,35264,6140,5444,5792,5738,0,5730,0,0,0,2017-04-18,32647000,5736,18,0,0,0,0,0,0,0,0,5738,6,0,0,0,0,0,0,0,0
453,2017-04-18,09:04:08,0,SM705,XZCE,5736,5708,5772,4358,125093580,35772,35264,6140,5444,5792,5738,0,5730,0,0,0,2017-04-18,32648000,5736,12,0,0,0,0,0,0,0,0,5738,16,0,0,0,0,0,0,0,0
454,2017-04-18,09:04:09,0,SM705,XZCE,5734,5708,5772,4384,125839000,35788,35264,6140,5444,5792,5738,0,5730,0,0,0,2017-04-18,32649000,5734,2,0,0,0,0,0,0,0,0,5736,3,0,0,0,0,0,0,0,0
455,2017-04-18,09:04:10,0,SM705,XZCE,5734,5708,5772,4384,125839000,35788,35264,6140,5444,5792,5738,0,5730,0,0,0,2017-04-18,32650000,5734,2,0,0,0,0,0,0,0,0,5736,4,0,0,0,0,0,0,0,0
456,2017-04-18,09:04:11,0,SM705,XZCE,5736,5708,5772,4396,126183160,35796,35264,6140,5444,5792,5738,0,5730,0,0,0,2017-04-18,32651000,5736,7,0,0,0,0,0,0,0,0,5738,15,0,0,0,0,0,0,0,0
457,2017-04-18,09:04:11,0,SM705,XZCE,5736,5708,5772,4398,126240520,35796,35264,6140,5444,5792,5738,0,5730,0,0,0,2017-04-18,32651000,5736,6,0,0,0,0,0,0,0,0,5738,16,0,0,0,0,0,0,0,0
458,2017-04-18,09:04:12,0,SM705,XZCE,5734,5708,5772,4408,126527220,35788,35264,6140,5444,5792,5738,0,5730,0,0,0,2017-04-18,32652000,5732,6,0,0,0,0,0,0,0,0,5738,16,0,0,0,0,0,0,0,0
459,2017-04-18,09:04:12,0,SM705,XZCE,5734,5708,5772,4408,126527220,35788,35264,6140,5444,5792,5738,0,5730,0,0,0,2017-04-18,32652000,5732,6,0,0,0,0,0,0,0,0,5738,21,0,0,0,0,0,0,0,0
460,2017-04-18,09:04:13,0,SM705,XZCE,5732,5708,5772,4418,126813820,35786,35264,6140,5444,5792,5738,0,5730,0,0,0,2017-04-18,32653000,5730,59,0,0,0,0,0,0,0,0,5736,4,0,0,0,0,0,0,0,0
461,2017-04-18,09:04:14,0,SM705,XZCE,5734,5708,5772,4420,126871160,35786,35264,6140,5444,5792,5738,0,5730,0,0,0,2017-04-18,32654000,5730,66,0,0,0,0,0,0,0,0,5734,3,0,0,0,0,0,0,0,0
462,2017-04-18,09:04:14,0,SM705,XZCE,5734,5708,5772,4420,126871160,35786,35264,6140,5444,5792,5738,0,5730,0,0,0,2017-04-18,32654000,5732,1,0,0,0,0,0,0,0,0,5734,3,0,0,0,0,0,0,0,0
463,2017-04-18,09:04:15,0,SM705,XZCE,5734,5708,5772,4420,126871160,35786,35264,6140,5444,5792,5738,0,5730,0,0,0,2017-04-18,32655000,5730,66,0,0,0,0,0,0,0,0,5734,3,0,0,0,0,0,0,0,0
464,2017-04-18,09:04:15,0,SM705,XZCE,5734,5708,5772,4420,126871160,35786,35264,6140,5444,5792,5738,0,5730,0,0,0,2017-04-18,32655000,5730,65,0,0,0,0,0,0,0,0,5734,3,0,0,0,0,0,0,0,0
465,2017-04-18,09:04:16,0,SM705,XZCE,5734,5708,5772,4424,126985840,35784,35264,6140,5444,5792,5738,0,5730,0,0,0,2017-04-18,32656000,5730,65,0,0,0,0,0,0,0,0,5734,1,0,0,0,0,0,0,0,0
466,2017-04-18,09:04:16,0,SM705,XZCE,5734,5708,5772,4424,126985840,35784,35264,6140,5444,5792,5738,0,5730,0,0,0,2017-04-18,32656000,5732,1,0,0,0,0,0,0,0,0,5734,2,0,0,0,0,0,0,0,0
467,2017-04-18,09:04:17,0,SM705,XZCE,5734,5708,5772,4424,126985840,35784,35264,6140,5444,5792,5738,0,5730,0,0,0,2017-04-18,32657000,5732,6,0,0,0,0,0,0,0,0,5734,2,0,0,0,0,0,0,0,0
468,2017-04-18,09:04:18,0,SM705,XZCE,5734,5708,5772,4424,126985840,35784,35264,6140,5444,5792,5738,0,5730,0,0,0,2017-04-18,32658000,5732,10,0,0,0,0,0,0,0,0,5734,1,0,0,0,0,0,0,0,0
469,2017-04-18,09:04:18,0,SM705,XZCE,5734,5708,5772,4424,126985840,35784,35264,6140,5444,5792,5738,0,5730,0,0,0,2017-04-18,32658000,5732,13,0,0,0,0,0,0,0,0,5734,1,0,0,0,0,0,0,0,0
470,2017-04-18,09:04:19,0,SM705,XZCE,5734,5708,5772,4426,127043180,35786,35264,6140,5444,5792,5738,0,5730,0,0,0,2017-04-18,32659000,5734,1,0,0,0,0,0,0,0,0,5736,2,0,0,0,0,0,0,0,0
471,2017-04-18,09:04:21,0,SM705,XZCE,5734,5708,5772,4426,127043180,35786,35264,6140,5444,5792,5738,0,5730,0,0,0,2017-04-18,32661000,5734,1,0,0,0,0,0,0,0,0,5736,3,0,0,0,0,0,0,0,0
472,2017-04-18,09:04:22,0,SM705,XZCE,5734,5708,5772,4428,127100520,35784,35264,6140,5444,5792,5738,0,5730,0,0,0,2017-04-18,32662000,5734,1,0,0,0,0,0,0,0,0,5736,3,0,0,0,0,0,0,0,0
473,2017-04-18,09:04:23,0,SM705,XZCE,5734,5708,5772,4428,127100520,35784,35264,6140,5444,5792,5738,0,5730,0,0,0,2017-04-18,32663000,5734,1,0,0,0,0,0,0,0,0,5736,4,0,0,0,0,0,0,0,0
474,2017-04-18,09:04:23,0,SM705,XZCE,5734,5708,5772,4428,127100520,35784,35264,6140,5444,5792,5738,0,5730,0,0,0,2017-04-18,32663000,5734,1,0,0,0,0,0,0,0,0,5736,3,0,0,0,0,0,0,0,0
475,2017-04-18,09:04:24,0,SM705,XZCE,5734,5708,5772,4428,127100520,35784,35264,6140,5444,5792,5738,0,5730,0,0,0,2017-04-18,32664000,5734,2,0,0,0,0,0,0,0,0,5736,3,0,0,0,0,0,0,0,0
476,2017-04-18,09:04:24,0,SM705,XZCE,5734,5708,5772,4428,127100520,35784,35264,6140,5444,5792,5738,0,5730,0,0,0,2017-04-18,32664000,5734,2,0,0,0,0,0,0,0,0,5736,4,0,0,0,0,0,0,0,0
477,2017-04-18,09:04:25,0,SM705,XZCE,5734,5708,5772,4430,127157860,35784,35264,6140,5444,5792,5738,0,5730,0,0,0,2017-04-18,32665000,5734,1,0,0,0,0,0,0,0,0,5736,4,0,0,0,0,0,0,0,0
478,2017-04-18,09:04:25,0,SM705,XZCE,5734,5708,5772,4430,127157860,35784,35264,6140,5444,5792,5738,0,5730,0,0,0,2017-04-18,32665000,5734,1,0,0,0,0,0,0,0,0,5736,5,0,0,0,0,0,0,0,0
479,2017-04-18,09:04:26,0,SM705,XZCE,5734,5708,5772,4432,127215200,35786,35264,6140,5444,5792,5738,0,5730,0,0,0,2017-04-18,32666000,5732,8,0,0,0,0,0,0,0,0,5736,5,0,0,0,0,0,0,0,0
480,2017-04-18,09:04:27,0,SM705,XZCE,5732,5708,5772,4434,127272520,35784,35264,6140,5444,5792,5738,0,5730,0,0,0,2017-04-18,32667000,5732,7,0,0,0,0,0,0,0,0,5736,5,0,0,0,0,0,0,0,0
481,2017-04-18,09:04:27,0,SM705,XZCE,5732,5708,5772,4434,127272520,35784,35264,6140,5444,5792,5738,0,5730,0,0,0,2017-04-18,32667000,5732,7,0,0,0,0,0,0,0,0,5734,10,0,0,0,0,0,0,0,0
482,2017-04-18,09:04:28,0,SM705,XZCE,5736,5708,5772,4468,128247640,35808,35264,6140,5444,5792,5738,0,5730,0,0,0,2017-04-18,32668000,5736,14,0,0,0,0,0,0,0,0,5738,21,0,0,0,0,0,0,0,0
483,2017-04-18,09:04:29,0,SM705,XZCE,5736,5708,5772,4468,128247640,35808,35264,6140,5444,5792,5738,0,5730,0,0,0,2017-04-18,32669000,5736,14,0,0,0,0,0,0,0,0,5738,22,0,0,0,0,0,0,0,0
484,2017-04-18,09:04:29,0,SM705,XZCE,5736,5708,5772,4468,128247640,35808,35264,6140,5444,5792,5738,0,5730,0,0,0,2017-04-18,32669000,5736,14,0,0,0,0,0,0,0,0,5738,21,0,0,0,0,0,0,0,0
485,2017-04-18,09:04:30,0,SM705,XZCE,5736,5708,5772,4470,128305000,35810,35264,6140,5444,5792,5738,0,5730,0,0,0,2017-04-18,32670000,5736,13,0,0,0,0,0,0,0,0,5738,21,0,0,0,0,0,0,0,0
486,2017-04-18,09:04:30,0,SM705,XZCE,5738,5708,5772,4472,128362380,35808,35264,6140,5444,5792,5738,0,5730,0,0,0,2017-04-18,32670000,5736,13,0,0,0,0,0,0,0,0,5738,20,0,0,0,0,0,0,0,0
487,2017-04-18,09:04:31,0,SM705,XZCE,5736,5708,5772,4492,128935980,35810,35264,6140,5444,5792,5738,0,5730,0,0,0,2017-04-18,32671000,5736,3,0,0,0,0,0,0,0,0,5738,20,0,0,0,0,0,0,0,0
488,2017-04-18,09:04:31,0,SM705,XZCE,5736,5708,5772,4494,128993340,35812,35264,6140,5444,5792,5738,0,5730,0,0,0,2017-04-18,32671000,5736,2,0,0,0,0,0,0,0,0,5738,20,0,0,0,0,0,0,0,0
489,2017-04-18,09:04:32,0,SM705,XZCE,5736,5708,5772,4500,129165420,35810,35264,6140,5444,5792,5738,0,5730,0,0,0,2017-04-18,32672000,5734,2,0,0,0,0,0,0,0,0,5736,7,0,0,0,0,0,0,0,0
490,2017-04-18,09:04:33,0,SM705,XZCE,5738,5708,5772,4524,129853980,35812,35264,6140,5444,5792,5738,0,5730,0,0,0,2017-04-18,32673000,5734,2,0,0,0,0,0,0,0,0,5738,16,0,0,0,0,0,0,0,0
491,2017-04-18,09:04:33,0,SM705,XZCE,5736,5708,5772,4526,129911340,35812,35264,6140,5444,5792,5738,0,5730,0,0,0,2017-04-18,32673000,5736,1,0,0,0,0,0,0,0,0,5738,16,0,0,0,0,0,0,0,0
492,2017-04-18,09:04:34,0,SM705,XZCE,5736,5708,5772,4528,129968700,35810,35264,6140,5444,5792,5738,0,5730,0,0,0,2017-04-18,32674000,5734,2,0,0,0,0,0,0,0,0,5736,9,0,0,0,0,0,0,0,0
493,2017-04-18,09:04:35,0,SM705,XZCE,5734,5708,5772,4530,130026040,35812,35264,6140,5444,5792,5738,0,5730,0,0,0,2017-04-18,32675000,5734,1,0,0,0,0,0,0,0,0,5736,10,0,0,0,0,0,0,0,0
494,2017-04-18,09:04:36,0,SM705,XZCE,5734,5708,5772,4530,130026040,35812,35264,6140,5444,5792,5738,0,5730,0,0,0,2017-04-18,32676000,5734,1,0,0,0,0,0,0,0,0,5736,20,0,0,0,0,0,0,0,0
495,2017-04-18,09:04:36,0,SM705,XZCE,5734,5708,5772,4532,130083380,35814,35264,6140,5444,5792,5738,0,5730,0,0,0,2017-04-18,32676000,5732,7,0,0,0,0,0,0,0,0,5734,1,0,0,0,0,0,0,0,0
496,2017-04-18,09:04:37,0,SM705,XZCE,5732,5708,5772,4534,130140700,35814,35264,6140,5444,5792,5738,0,5730,0,0,0,2017-04-18,32677000,5732,6,0,0,0,0,0,0,0,0,5734,1,0,0,0,0,0,0,0,0
497,2017-04-18,09:04:37,0,SM705,XZCE,5736,5708,5772,4546,130484860,35816,35264,6140,5444,5792,5738,0,5730,0,0,0,2017-04-18,32677000,5732,6,0,0,0,0,0,0,0,0,5736,15,0,0,0,0,0,0,0,0
498,2017-04-18,09:04:38,0,SM705,XZCE,5736,5708,5772,4546,130484860,35816,35264,6140,5444,5792,5738,0,5730,0,0,0,2017-04-18,32678000,5732,6,0,0,0,0,0,0,0,0,5734,1,0,0,0,0,0,0,0,0
499,2017-04-18,09:04:39,0,SM705,XZCE,5732,5708,5772,4548,130542180,35818,35264,6140,5444,5792,5738,0,5730,0,0,0,2017-04-18,32679000,5732,5,0,0,0,0,0,0,0,0,5734,1,0,0,0,0,0,0,0,0
500,2017-04-18,09:04:39,0,SM705,XZCE,5732,5708,5772,4548,130542180,35818,35264,6140,5444,5792,5738,0,5730,0,0,0,2017-04-18,32679000,5732,6,0,0,0,0,0,0,0,0,5734,2,0,0,0,0,0,0,0,0
501,2017-04-18,09:04:41,0,SM705,XZCE,5732,5708,5772,4562,130943420,35816,35264,6140,5444,5792,5738,0,5730,0,0,0,2017-04-18,32681000,5730,70,0,0,0,0,0,0,0,0,5732,5,0,0,0,0,0,0,0,0
502,2017-04-18,09:04:42,0,SM705,XZCE,5732,5708,5772,4572,131230020,35816,35264,6140,5444,5792,5738,0,5730,0,0,0,2017-04-18,32682000,5730,65,0,0,0,0,0,0,0,0,5732,4,0,0,0,0,0,0,0,0
503,2017-04-18,09:04:42,0,SM705,XZCE,5730,5708,5772,4576,131344620,35816,35264,6140,5444,5792,5738,0,5730,0,0,0,2017-04-18,32682000,5730,63,0,0,0,0,0,0,0,0,5732,6,0,0,0,0,0,0,0,0
504,2017-04-18,09:04:43,0,SM705,XZCE,5730,5708,5772,4580,131459220,35812,35264,6140,5444,5792,5738,0,5730,0,0,0,2017-04-18,32683000,5730,63,0,0,0,0,0,0,0,0,5732,10,0,0,0,0,0,0,0,0
505,2017-04-18,09:04:44,0,SM705,XZCE,5730,5708,5772,4582,131516520,35812,35264,6140,5444,5792,5738,0,5730,0,0,0,2017-04-18,32684000,5730,62,0,0,0,0,0,0,0,0,5732,9,0,0,0,0,0,0,0,0
506,2017-04-18,09:04:44,0,SM705,XZCE,5730,5708,5772,4618,132547920,35782,35264,6140,5444,5792,5738,0,5730,0,0,0,2017-04-18,32684000,5730,46,0,0,0,0,0,0,0,0,5732,9,0,0,0,0,0,0,0,0
507,2017-04-18,09:04:45,0,SM705,XZCE,5730,5708,5772,4634,133006320,35782,35264,6140,5444,5792,5738,0,5730,0,0,0,2017-04-18,32685000,5730,38,0,0,0,0,0,0,0,0,5732,9,0,0,0,0,0,0,0,0
508,2017-04-18,09:04:45,0,SM705,XZCE,5730,5708,5772,4666,133923120,35780,35264,6140,5444,5792,5738,0,5730,0,0,0,2017-04-18,32685000,5730,23,0,0,0,0,0,0,0,0,5732,8,0,0,0,0,0,0,0,0
509,2017-04-18,09:04:46,0,SM705,XZCE,5730,5708,5772,4686,134496120,35788,35264,6140,5444,5792,5738,0,5730,0,0,0,2017-04-18,32686000,5730,13,0,0,0,0,0,0,0,0,5732,8,0,0,0,0,0,0,0,0
510,2017-04-18,09:04:46,0,SM705,XZCE,5730,5708,5772,4712,135241020,35786,35264,6140,5444,5792,5738,0,5730,0,0,0,2017-04-18,32686000,5728,26,0,0,0,0,0,0,0,0,5732,8,0,0,0,0,0,0,0,0
511,2017-04-18,09:04:47,0,SM705,XZCE,5730,5708,5772,4712,135241020,35786,35264,6140,5444,5792,5738,0,5730,0,0,0,2017-04-18,32687000,5728,26,0,0,0,0,0,0,0,0,5730,1,0,0,0,0,0,0,0,0
512,2017-04-18,09:04:47,0,SM705,XZCE,5728,5708,5772,4728,135699260,35780,35264,6140,5444,5792,5738,0,5730,0,0,0,2017-04-18,32687000,5728,18,0,0,0,0,0,0,0,0,5730,1,0,0,0,0,0,0,0,0
513,2017-04-18,09:04:48,0,SM705,XZCE,5728,5708,5772,4732,135813820,35780,35264,6140,5444,5792,5738,0,5730,0,0,0,2017-04-18,32688000,5728,16,0,0,0,0,0,0,0,0,5730,2,0,0,0,0,0,0,0,0
514,2017-04-18,09:04:48,0,SM705,XZCE,5728,5708,5772,4740,136042940,35784,35264,6140,5444,5792,5738,0,5730,0,0,0,2017-04-18,32688000,5728,13,0,0,0,0,0,0,0,0,5730,1,0,0,0,0,0,0,0,0
515,2017-04-18,09:04:49,0,SM705,XZCE,5728,5708,5772,4764,136730300,35808,35264,6140,5444,5792,5738,0,5730,0,0,0,2017-04-18,32689000,5728,1,0,0,0,0,0,0,0,0,5730,1,0,0,0,0,0,0,0,0
516,2017-04-18,09:04:49,0,SM705,XZCE,5728,5708,5772,4772,136959420,35802,35264,6140,5444,5792,5738,0,5730,0,0,0,2017-04-18,32689000,5726,24,0,0,0,0,0,0,0,0,5728,33,0,0,0,0,0,0,0,0
517,2017-04-18,09:04:50,0,SM705,XZCE,5728,5708,5772,4772,136959420,35802,35264,6140,5444,5792,5738,0,5730,0,0,0,2017-04-18,32690000,5726,24,0,0,0,0,0,0,0,0,5728,34,0,0,0,0,0,0,0,0
518,2017-04-18,09:04:51,0,SM705,XZCE,5728,5708,5772,4782,137245820,35802,35264,6140,5444,5792,5738,0,5730,0,0,0,2017-04-18,32691000,5726,23,0,0,0,0,0,0,0,0,5728,31,0,0,0,0,0,0,0,0
519,2017-04-18,09:04:51,0,SM705,XZCE,5726,5708,5772,4788,137417600,35806,35264,6140,5444,5792,5738,0,5730,0,0,0,2017-04-18,32691000,5726,20,0,0,0,0,0,0,0,0,5728,31,0,0,0,0,0,0,0,0
520,2017-04-18,09:04:52,0,SM705,XZCE,5726,5708,5772,4788,137417600,35806,35264,6140,5444,5792,5738,0,5730,0,0,0,2017-04-18,32692000,5726,21,0,0,0,0,0,0,0,0,5728,32,0,0,0,0,0,0,0,0
521,2017-04-18,09:04:52,0,SM705,XZCE,5726,5708,5772,4810,138047460,35786,35264,6140,5444,5792,5738,0,5730,0,0,0,2017-04-18,32692000,5726,10,0,0,0,0,0,0,0,0,5728,31,0,0,0,0,0,0,0,0
522,2017-04-18,09:04:53,0,SM705,XZCE,5730,5708,5772,4888,140282160,35796,35264,6140,5444,5792,5738,0,5730,0,0,0,2017-04-18,32693000,5730,9,0,0,0,0,0,0,0,0,5732,4,0,0,0,0,0,0,0,0
523,2017-04-18,09:04:53,0,SM705,XZCE,5730,5708,5772,4890,140339460,35796,35264,6140,5444,5792,5738,0,5730,0,0,0,2017-04-18,32693000,5730,8,0,0,0,0,0,0,0,0,5732,4,0,0,0,0,0,0,0,0
524,2017-04-18,09:04:54,0,SM705,XZCE,5728,5708,5772,4920,141198660,35776,35264,6140,5444,5792,5738,0,5730,0,0,0,2017-04-18,32694000,5728,51,0,0,0,0,0,0,0,0,5734,4,0,0,0,0,0,0,0,0
525,2017-04-18,09:04:54,0,SM705,XZCE,5728,5708,5772,4922,141255940,35776,35264,6140,5444,5792,5738,0,5730,0,0,0,2017-04-18,32694000,5728,50,0,0,0,0,0,0,0,0,5732,9,0,0,0,0,0,0,0,0
526,2017-04-18,09:04:55,0,SM705,XZCE,5728,5708,5772,4934,141599620,35768,35264,6140,5444,5792,5738,0,5730,0,0,0,2017-04-18,32695000,5730,4,0,0,0,0,0,0,0,0,5732,9,0,0,0,0,0,0,0,0
527,2017-04-18,09:04:55,0,SM705,XZCE,5730,5708,5772,4962,142401820,35758,35264,6140,5444,5792,5738,0,5730,0,0,0,2017-04-18,32695000,5728,44,0,0,0,0,0,0,0,0,5730,3,0,0,0,0,0,0,0,0
528,2017-04-18,09:04:56,0,SM705,XZCE,5730,5708,5772,4968,142573720,35752,35264,6140,5444,5792,5738,0,5730,0,0,0,2017-04-18,32696000,5730,9,0,0,0,0,0,0,0,0,5732,1,0,0,0,0,0,0,0,0
529,2017-04-18,09:04:56,0,SM705,XZCE,5730,5708,5772,4968,142573720,35752,35264,6140,5444,5792,5738,0,5730,0,0,0,2017-04-18,32696000,5730,9,0,0,0,0,0,0,0,0,5732,11,0,0,0,0,0,0,0,0
530,2017-04-18,09:04:57,0,SM705,XZCE,5732,5708,5772,4986,143089600,35748,35264,6140,5444,5792,5738,0,5730,0,0,0,2017-04-18,32697000,5730,1,0,0,0,0,0,0,0,0,5732,12,0,0,0,0,0,0,0,0
531,2017-04-18,09:04:57,0,SM705,XZCE,5730,5708,5772,4990,143204200,35744,35264,6140,5444,5792,5738,0,5730,0,0,0,2017-04-18,32697000,5730,5,0,0,0,0,0,0,0,0,5732,9,0,0,0,0,0,0,0,0
532,2017-04-18,09:04:58,0,SM705,XZCE,5732,5708,5772,5010,143777400,35724,35264,6140,5444,5792,5738,0,5730,0,0,0,2017-04-18,32698000,5732,46,0,0,0,0,0,0,0,0,5734,2,0,0,0,0,0,0,0,0
533,2017-04-18,09:04:58,0,SM705,XZCE,5732,5708,5772,5010,143777400,35724,35264,6140,5444,5792,5738,0,5730,0,0,0,2017-04-18,32698000,5732,46,0,0,0,0,0,0,0,0,5734,10,0,0,0,0,0,0,0,0
534,2017-04-18,09:04:59,0,SM705,XZCE,5732,5708,5772,5014,143892040,35724,35264,6140,5444,5792,5738,0,5730,0,0,0,2017-04-18,32699000,5732,44,0,0,0,0,0,0,0,0,5734,10,0,0,0,0,0,0,0,0
535,2017-04-18,09:04:59,0,SM705,XZCE,5732,5708,5772,5014,143892040,35724,35264,6140,5444,5792,5738,0,5730,0,0,0,2017-04-18,32699000,5732,45,0,0,0,0,0,0,0,0,5734,12,0,0,0,0,0,0,0,0
536,2017-04-18,09:05:00,0,SM705,XZCE,5734,5708,5772,5016,143949380,35722,35264,6140,5444,5792,5738,0,5730,0,0,0,2017-04-18,32700000,5732,45,0,0,0,0,0,0,0,0,5734,9,0,0,0,0,0,0,0,0
537,2017-04-18,09:05:01,0,SM705,XZCE,5732,5708,5772,5040,144637220,35702,35264,6140,5444,5792,5738,0,5730,0,0,0,2017-04-18,32701000,5732,34,0,0,0,0,0,0,0,0,5734,8,0,0,0,0,0,0,0,0
538,2017-04-18,09:05:02,0,SM705,XZCE,5732,5708,5772,5046,144809180,35702,35264,6140,5444,5792,5738,0,5730,0,0,0,2017-04-18,32702000,5732,31,0,0,0,0,0,0,0,0,5734,8,0,0,0,0,0,0,0,0
539,2017-04-18,09:05:03,0,SM705,XZCE,5732,5708,5772,5050,144923820,35702,35264,6140,5444,5792,5738,0,5730,0,0,0,2017-04-18,32703000,5732,31,0,0,0,0,0,0,0,0,5734,7,0,0,0,0,0,0,0,0
540,2017-04-18,09:05:04,0,SM705,XZCE,5732,5708,5772,5050,144923820,35702,35264,6140,5444,5792,5738,0,5730,0,0,0,2017-04-18,32704000,5732,33,0,0,0,0,0,0,0,0,5734,7,0,0,0,0,0,0,0,0
541,2017-04-18,09:05:05,0,SM705,XZCE,5732,5708,5772,5050,144923820,35702,35264,6140,5444,5792,5738,0,5730,0,0,0,2017-04-18,32705000,5732,34,0,0,0,0,0,0,0,0,5734,7,0,0,0,0,0,0,0,0
542,2017-04-18,09:05:06,0,SM705,XZCE,5734,5708,5772,5058,145153180,35702,35264,6140,5444,5792,5738,0,5730,0,0,0,2017-04-18,32706000,5732,34,0,0,0,0,0,0,0,0,5734,3,0,0,0,0,0,0,0,0
543,2017-04-18,09:05:06,0,SM705,XZCE,5730,5708,5772,5150,147788980,35686,35264,6140,5444,5792,5738,0,5730,0,0,0,2017-04-18,32706000,5730,5,0,0,0,0,0,0,0,0,5732,6,0,0,0,0,0,0,0,0
544,2017-04-18,09:05:07,0,SM705,XZCE,5732,5708,5772,5154,147903620,35682,35264,6140,5444,5792,5738,0,5730,0,0,0,2017-04-18,32707000,5730,3,0,0,0,0,0,0,0,0,5732,4,0,0,0,0,0,0,0,0
545,2017-04-18,09:05:07,0,SM705,XZCE,5730,5708,5772,5156,147960920,35682,35264,6140,5444,5792,5738,0,5730,0,0,0,2017-04-18,32707000,5730,2,0,0,0,0,0,0,0,0,5732,4,0,0,0,0,0,0,0,0
546,2017-04-18,09:05:08,0,SM705,XZCE,5734,5708,5772,5166,148247620,35682,35264,6140,5444,5792,5738,0,5730,0,0,0,2017-04-18,32708000,5730,10,0,0,0,0,0,0,0,0,5734,1,0,0,0,0,0,0,0,0
547,2017-04-18,09:05:08,0,SM705,XZCE,5734,5708,5772,5166,148247620,35682,35264,6140,5444,5792,5738,0,5730,0,0,0,2017-04-18,32708000,5730,11,0,0,0,0,0,0,0,0,5734,1,0,0,0,0,0,0,0,0
548,2017-04-18,09:05:09,0,SM705,XZCE,5734,5708,5772,5166,148247620,35682,35264,6140,5444,5792,5738,0,5730,0,0,0,2017-04-18,32709000,5732,1,0,0,0,0,0,0,0,0,5734,1,0,0,0,0,0,0,0,0
549,2017-04-18,09:05:09,0,SM705,XZCE,5734,5708,5772,5166,148247620,35682,35264,6140,5444,5792,5738,0,5730,0,0,0,2017-04-18,32709000,5732,1,0,0,0,0,0,0,0,0,5734,3,0,0,0,0,0,0,0,0
550,2017-04-18,09:05:10,0,SM705,XZCE,5734,5708,5772,5166,148247620,35682,35264,6140,5444,5792,5738,0,5730,0,0,0,2017-04-18,32710000,5732,3,0,0,0,0,0,0,0,0,5734,3,0,0,0,0,0,0,0,0
551,2017-04-18,09:05:10,0,SM705,XZCE,5734,5708,5772,5170,148362300,35684,35264,6140,5444,5792,5738,0,5730,0,0,0,2017-04-18,32710000,5732,1,0,0,0,0,0,0,0,0,5734,2,0,0,0,0,0,0,0,0
552,2017-04-18,09:05:11,0,SM705,XZCE,5734,5708,5772,5170,148362300,35684,35264,6140,5444,5792,5738,0,5730,0,0,0,2017-04-18,32711000,5732,1,0,0,0,0,0,0,0,0,5734,3,0,0,0,0,0,0,0,0
553,2017-04-18,09:05:11,0,SM705,XZCE,5734,5708,5772,5170,148362300,35684,35264,6140,5444,5792,5738,0,5730,0,0,0,2017-04-18,32711000,5732,4,0,0,0,0,0,0,0,0,5734,2,0,0,0,0,0,0,0,0
554,2017-04-18,09:05:12,0,SM705,XZCE,5734,5708,5772,5174,148476980,35684,35264,6140,5444,5792,5738,0,5730,0,0,0,2017-04-18,32712000,5734,6,0,0,0,0,0,0,0,0,5736,42,0,0,0,0,0,0,0,0
555,2017-04-18,09:05:13,0,SM705,XZCE,5734,5708,5772,5174,148476980,35684,35264,6140,5444,5792,5738,0,5730,0,0,0,2017-04-18,32713000,5734,15,0,0,0,0,0,0,0,0,5736,42,0,0,0,0,0,0,0,0
556,2017-04-18,09:05:13,0,SM705,XZCE,5736,5708,5772,5184,148763780,35676,35264,6140,5444,5792,5738,0,5730,0,0,0,2017-04-18,32713000,5734,20,0,0,0,0,0,0,0,0,5736,37,0,0,0,0,0,0,0,0
557,2017-04-18,09:05:14,0,SM705,XZCE,5736,5708,5772,5202,149280020,35666,35264,6140,5444,5792,5738,0,5730,0,0,0,2017-04-18,32714000,5734,19,0,0,0,0,0,0,0,0,5736,29,0,0,0,0,0,0,0,0
558,2017-04-18,09:05:14,0,SM705,XZCE,5736,5708,5772,5206,149394740,35664,35264,6140,5444,5792,5738,0,5730,0,0,0,2017-04-18,32714000,5734,19,0,0,0,0,0,0,0,0,5736,27,0,0,0,0,0,0,0,0
559,2017-04-18,09:05:15,0,SM705,XZCE,5736,5708,5772,5212,149566820,35658,35264,6140,5444,5792,5738,0,5730,0,0,0,2017-04-18,32715000,5734,19,0,0,0,0,0,0,0,0,5736,24,0,0,0,0,0,0,0,0
