,dataDate,dataTime,dataMillisec,instrumentID,exchangeCD,lastPrice,lowPrice,highPrice,volume,value,openInterest,preOpenInterest,upperLimitPrice,lowerLimitPrice,preSettlementPrice,prevClosePrice,settlementPrice,openPrice,closePrice,preDelta,currDelta,clearingDay,milliSecOffset,bidPrice1,bidVolume1,bidPrice2,bidVolume2,bidPrice3,bidVolume3,bidPrice4,bidVolume4,bidPrice5,bidVolume5,askPrice1,askVolume1,askPrice2,askVolume2,askPrice3,askVolume3,askPrice4,askVolume4,askPrice5,askVolume5
0,2017-04-18,00:00:00,0,TF1706,CCFX,98.554,0.0,0.0,0,0,20113,20113,0.0,0.0,98.56,98.554,0,0.0,0,0,0,2017-04-18,0,0.0,0,0,0,0,0,0,0,0,0,0.0,0,0,0,0,0,0,0,0,0
1,2017-04-18,00:00:00,0,TF1706,CCFX,98.554,0.0,0.0,0,0,20113,20113,0.0,0.0,98.56,98.554,0,0.0,0,0,0,2017-04-18,0,0.0,0,0,0,0,0,0,0,0,0,0.0,0,0,0,0,0,0,0,0,0
2,2017-04-18,07:03:53,100,TF1706,CCFX,98.554,0.0,0.0,0,0,20113,20113,99.74,97.38,98.56,98.554,0,0.0,0,0,0,2017-04-18,25433100,0.0,0,0,0,0,0,0,0,0,0,0.0,0,0,0,0,0,0,0,0,0
3,2017-04-18,07:03:53,100,TF1706,CCFX,98.554,0.0,0.0,0,0,20113,20113,99.74,97.38,98.56,98.554,0,0.0,0,0,0,2017-04-18,25433100,0.0,0,0,0,0,0,0,0,0,0,0.0,0,0,0,0,0,0,0,0,0
4,2017-04-18,09:14:00,100,TF1706,CCFX,98.49,98.49,98.49,20,19698000,20095,20113,99.74,97.38,98.56,98.554,0,98.49,0,0,0,2017-04-18,33240100,98.485,1,0,0,0,0,0,0,0,0,98.49,5,0,0,0,0,0,0,0,0
5,2017-04-18,09:15:00,100,TF1706,CCFX,98.49,98.48,98.49,23,22652550,20096,20113,99.74,97.38,98.56,98.554,0,98.49,0,0,0,2017-04-18,33300100,98.485,5,0,0,0,0,0,0,0,0,98.49,4,0,0,0,0,0,0,0,0
6,2017-04-18,09:15:00,600,TF1706,CCFX,98.47,98.47,98.49,32,31515700,20101,20113,99.74,97.38,98.56,98.554,0,98.49,0,0,0,2017-04-18,33300600,98.45,1,0,0,0,0,0,0,0,0,98.47,4,0,0,0,0,0,0,0,0
7,2017-04-18,09:15:01,100,TF1706,CCFX,98.45,98.445,98.49,36,35453850,20103,20113,99.74,97.38,98.56,98.554,0,98.49,0,0,0,2017-04-18,33301100,98.445,1,0,0,0,0,0,0,0,0,98.46,3,0,0,0,0,0,0,0,0
8,2017-04-18,09:15:01,600,TF1706,CCFX,98.45,98.445,98.49,39,38407350,20106,20113,99.74,97.38,98.56,98.554,0,98.49,0,0,0,2017-04-18,33301600,98.43,2,0,0,0,0,0,0,0,0,98.455,1,0,0,0,0,0,0,0,0
9,2017-04-18,09:15:02,100,TF1706,CCFX,98.45,98.44,98.49,52,51204950,20104,20113,99.74,97.38,98.56,98.554,0,98.49,0,0,0,2017-04-18,33302100,98.45,1,0,0,0,0,0,0,0,0,98.455,3,0,0,0,0,0,0,0,0
10,2017-04-18,09:15:02,600,TF1706,CCFX,98.4,98.4,98.49,68,66952850,20115,20113,99.74,97.38,98.56,98.554,0,98.49,0,0,0,2017-04-18,33302600,98.395,1,0,0,0,0,0,0,0,0,98.405,1,0,0,0,0,0,0,0,0
11,2017-04-18,09:15:03,100,TF1706,CCFX,98.42,98.4,98.49,75,73841650,20115,20113,99.74,97.38,98.56,98.554,0,98.49,0,0,0,2017-04-18,33303100,98.44,1,0,0,0,0,0,0,0,0,98.455,3,0,0,0,0,0,0,0,0
12,2017-04-18,09:15:03,600,TF1706,CCFX,98.455,98.4,98.49,80,78764200,20115,20113,99.74,97.38,98.56,98.554,0,98.49,0,0,0,2017-04-18,33303600,98.445,1,0,0,0,0,0,0,0,0,98.455,1,0,0,0,0,0,0,0,0
13,2017-04-18,09:15:04,100,TF1706,CCFX,98.455,98.4,98.49,82,80733300,20116,20113,99.74,97.38,98.56,98.554,0,98.49,0,0,0,2017-04-18,33304100,98.455,1,0,0,0,0,0,0,0,0,98.46,1,0,0,0,0,0,0,0,0
14,2017-04-18,09:15:04,600,TF1706,CCFX,98.45,98.4,98.49,84,82702350,20116,20113,99.74,97.38,98.56,98.554,0,98.49,0,0,0,2017-04-18,33304600,98.445,1,0,0,0,0,0,0,0,0,98.455,2,0,0,0,0,0,0,0,0
15,2017-04-18,09:15:05,100,TF1706,CCFX,98.43,98.4,98.49,90,88608900,20116,20113,99.74,97.38,98.56,98.554,0,98.49,0,0,0,2017-04-18,33305100,98.425,1,0,0,0,0,0,0,0,0,98.45,3,0,0,0,0,0,0,0,0
16,2017-04-18,09:15:05,600,TF1706,CCFX,98.44,98.4,98.49,94,92546000,20116,20113,99.74,97.38,98.56,98.554,0,98.49,0,0,0,2017-04-18,33305600,98.44,2,0,0,0,0,0,0,0,0,98.445,3,0,0,0,0,0,0,0,0
17,2017-04-18,09:15:06,100,TF1706,CCFX,98.44,98.4,98.49,98,96483600,20115,20113,99.74,97.38,98.56,98.554,0,98.49,0,0,0,2017-04-18,33306100,98.425,1,0,0,0,0,0,0,0,0,98.44,2,0,0,0,0,0,0,0,0
18,2017-04-18,09:15:06,600,TF1706,CCFX,98.44,98.4,98.49,98,96483600,20115,20113,99.74,97.38,98.56,98.554,0,98.49,0,0,0,2017-04-18,33306600,98.43,1,0,0,0,0,0,0,0,0,98.44,2,0,0,0,0,0,0,0,0
19,2017-04-18,09:15:07,100,TF1706,CCFX,98.44,98.4,98.49,100,98452400,20116,20113,99.74,97.38,98.56,98.554,0,98.49,0,0,0,2017-04-18,33307100,98.44,2,0,0,0,0,0,0,0,0,98.445,1,0,0,0,0,0,0,0,0
20,2017-04-18,09:15:07,600,TF1706,CCFX,98.445,98.4,98.49,103,101405750,20114,20113,99.74,97.38,98.56,98.554,0,98.49,0,0,0,2017-04-18,33307600,98.445,4,0,0,0,0,0,0,0,0,98.45,2,0,0,0,0,0,0,0,0
21,2017-04-18,09:15:08,100,TF1706,CCFX,98.445,98.4,98.49,112,110265950,20115,20113,99.74,97.38,98.56,98.554,0,98.49,0,0,0,2017-04-18,33308100,98.435,2,0,0,0,0,0,0,0,0,98.47,10,0,0,0,0,0,0,0,0
22,2017-04-18,09:15:08,600,TF1706,CCFX,98.44,98.4,98.49,116,114203550,20115,20113,99.74,97.38,98.56,98.554,0,98.49,0,0,0,2017-04-18,33308600,98.435,4,0,0,0,0,0,0,0,0,98.44,12,0,0,0,0,0,0,0,0
23,2017-04-18,09:15:09,100,TF1706,CCFX,98.44,98.4,98.49,122,120109900,20120,20113,99.74,97.38,98.56,98.554,0,98.49,0,0,0,2017-04-18,33309100,98.435,2,0,0,0,0,0,0,0,0,98.44,9,0,0,0,0,0,0,0,0
24,2017-04-18,09:15:09,600,TF1706,CCFX,98.435,98.4,98.49,128,126016250,20126,20113,99.74,97.38,98.56,98.554,0,98.49,0,0,0,2017-04-18,33309600,98.435,1,0,0,0,0,0,0,0,0,98.44,3,0,0,0,0,0,0,0,0
25,2017-04-18,09:15:10,100,TF1706,CCFX,98.44,98.4,98.49,135,132907050,20129,20113,99.74,97.38,98.56,98.554,0,98.49,0,0,0,2017-04-18,33310100,98.44,4,0,0,0,0,0,0,0,0,98.45,1,0,0,0,0,0,0,0,0
26,2017-04-18,09:15:10,600,TF1706,CCFX,98.44,98.4,98.49,140,137829350,20132,20113,99.74,97.38,98.56,98.554,0,98.49,0,0,0,2017-04-18,33310600,98.44,2,0,0,0,0,0,0,0,0,98.46,1,0,0,0,0,0,0,0,0
27,2017-04-18,09:15:11,100,TF1706,CCFX,98.44,98.4,98.49,140,137829350,20132,20113,99.74,97.38,98.56,98.554,0,98.49,0,0,0,2017-04-18,33311100,98.44,2,0,0,0,0,0,0,0,0,98.455,1,0,0,0,0,0,0,0,0
28,2017-04-18,09:15:11,600,TF1706,CCFX,98.44,98.4,98.49,141,138813750,20133,20113,99.74,97.38,98.56,98.554,0,98.49,0,0,0,2017-04-18,33311600,98.44,1,0,0,0,0,0,0,0,0,98.455,2,0,0,0,0,0,0,0,0
29,2017-04-18,09:15:12,100,TF1706,CCFX,98.435,98.4,98.49,149,146689300,20139,20113,99.74,97.38,98.56,98.554,0,98.49,0,0,0,2017-04-18,33312100,98.44,2,0,0,0,0,0,0,0,0,98.46,2,0,0,0,0,0,0,0,0
30,2017-04-18,09:15:12,600,TF1706,CCFX,98.435,98.4,98.49,149,146689300,20139,20113,99.74,97.38,98.56,98.554,0,98.49,0,0,0,2017-04-18,33312600,98.44,4,0,0,0,0,0,0,0,0,98.46,2,0,0,0,0,0,0,0,0
31,2017-04-18,09:15:13,100,TF1706,CCFX,98.44,98.4,98.49,159,156533600,20146,20113,99.74,97.38,98.56,98.554,0,98.49,0,0,0,2017-04-18,33313100,98.44,1,0,0,0,0,0,0,0,0,98.45,1,0,0,0,0,0,0,0,0
32,2017-04-18,09:15:13,600,TF1706,CCFX,98.45,98.4,98.49,160,157518100,20146,20113,99.74,97.38,98.56,98.554,0,98.49,0,0,0,2017-04-18,33313600,98.435,1,0,0,0,0,0,0,0,0,98.46,2,0,0,0,0,0,0,0,0
33,2017-04-18,09:15:14,100,TF1706,CCFX,98.43,98.4,98.49,164,161455400,20150,20113,99.74,97.38,98.56,98.554,0,98.49,0,0,0,2017-04-18,33314100,98.43,1,0,0,0,0,0,0,0,0,98.46,2,0,0,0,0,0,0,0,0
34,2017-04-18,09:15:14,600,TF1706,CCFX,98.43,98.4,98.49,167,164408300,20152,20113,99.74,97.38,98.56,98.554,0,98.49,0,0,0,2017-04-18,33314600,98.435,4,0,0,0,0,0,0,0,0,98.45,2,0,0,0,0,0,0,0,0
35,2017-04-18,09:15:15,100,TF1706,CCFX,98.45,98.4,98.49,170,167361750,20151,20113,99.74,97.38,98.56,98.554,0,98.49,0,0,0,2017-04-18,33315100,98.44,2,0,0,0,0,0,0,0,0,98.46,2,0,0,0,0,0,0,0,0
36,2017-04-18,09:15:15,600,TF1706,CCFX,98.45,98.4,98.49,170,167361750,20151,20113,99.74,97.38,98.56,98.554,0,98.49,0,0,0,2017-04-18,33315600,98.445,1,0,0,0,0,0,0,0,0,98.455,1,0,0,0,0,0,0,0,0
37,2017-04-18,09:15:16,100,TF1706,CCFX,98.455,98.4,98.49,172,169330750,20152,20113,99.74,97.38,98.56,98.554,0,98.49,0,0,0,2017-04-18,33316100,98.44,3,0,0,0,0,0,0,0,0,98.455,3,0,0,0,0,0,0,0,0
38,2017-04-18,09:15:16,600,TF1706,CCFX,98.455,98.4,98.49,172,169330750,20152,20113,99.74,97.38,98.56,98.554,0,98.49,0,0,0,2017-04-18,33316600,98.44,3,0,0,0,0,0,0,0,0,98.455,3,0,0,0,0,0,0,0,0
39,2017-04-18,09:15:17,100,TF1706,CCFX,98.46,98.4,98.49,177,174253600,20147,20113,99.74,97.38,98.56,98.554,0,98.49,0,0,0,2017-04-18,33317100,98.46,1,0,0,0,0,0,0,0,0,98.47,10,0,0,0,0,0,0,0,0
40,2017-04-18,09:15:17,600,TF1706,CCFX,98.45,98.4,98.49,181,178191750,20148,20113,99.74,97.38,98.56,98.554,0,98.49,0,0,0,2017-04-18,33317600,98.445,1,0,0,0,0,0,0,0,0,98.455,2,0,0,0,0,0,0,0,0
41,2017-04-18,09:15:18,100,TF1706,CCFX,98.45,98.4,98.49,181,178191750,20148,20113,99.74,97.38,98.56,98.554,0,98.49,0,0,0,2017-04-18,33318100,98.445,1,0,0,0,0,0,0,0,0,98.455,2,0,0,0,0,0,0,0,0
42,2017-04-18,09:15:18,600,TF1706,CCFX,98.455,98.4,98.49,182,179176300,20147,20113,99.74,97.38,98.56,98.554,0,98.49,0,0,0,2017-04-18,33318600,98.445,1,0,0,0,0,0,0,0,0,98.455,1,0,0,0,0,0,0,0,0
43,2017-04-18,09:15:19,100,TF1706,CCFX,98.455,98.4,98.49,182,179176300,20147,20113,99.74,97.38,98.56,98.554,0,98.49,0,0,0,2017-04-18,33319100,98.445,1,0,0,0,0,0,0,0,0,98.455,1,0,0,0,0,0,0,0,0
44,2017-04-18,09:15:19,600,TF1706,CCFX,98.455,98.4,98.49,183,180160850,20147,20113,99.74,97.38,98.56,98.554,0,98.49,0,0,0,2017-04-18,33319600,98.45,1,0,0,0,0,0,0,0,0,98.47,11,0,0,0,0,0,0,0,0
45,2017-04-18,09:15:20,100,TF1706,CCFX,98.455,98.4,98.49,183,180160850,20147,20113,99.74,97.38,98.56,98.554,0,98.49,0,0,0,2017-04-18,33320100,98.45,1,0,0,0,0,0,0,0,0,98.465,8,0,0,0,0,0,0,0,0
46,2017-04-18,09:15:20,600,TF1706,CCFX,98.45,98.4,98.49,184,181145350,20146,20113,99.74,97.38,98.56,98.554,0,98.49,0,0,0,2017-04-18,33320600,98.445,1,0,0,0,0,0,0,0,0,98.46,2,0,0,0,0,0,0,0,0
47,2017-04-18,09:15:21,100,TF1706,CCFX,98.45,98.4,98.49,184,181145350,20146,20113,99.74,97.38,98.56,98.554,0,98.49,0,0,0,2017-04-18,33321100,98.445,1,0,0,0,0,0,0,0,0,98.46,2,0,0,0,0,0,0,0,0
48,2017-04-18,09:15:22,100,TF1706,CCFX,98.45,98.4,98.49,184,181145350,20146,20113,99.74,97.38,98.56,98.554,0,98.49,0,0,0,2017-04-18,33322100,98.45,10,0,0,0,0,0,0,0,0,98.46,2,0,0,0,0,0,0,0,0
49,2017-04-18,09:15:22,600,TF1706,CCFX,98.45,98.4,98.49,184,181145350,20146,20113,99.74,97.38,98.56,98.554,0,98.49,0,0,0,2017-04-18,33322600,98.45,10,0,0,0,0,0,0,0,0,98.46,2,0,0,0,0,0,0,0,0
50,2017-04-18,09:15:23,100,TF1706,CCFX,98.45,98.4,98.49,184,181145350,20146,20113,99.74,97.38,98.56,98.554,0,98.49,0,0,0,2017-04-18,33323100,98.45,10,0,0,0,0,0,0,0,0,98.46,3,0,0,0,0,0,0,0,0
51,2017-04-18,09:15:23,600,TF1706,CCFX,98.45,98.4,98.49,194,190990350,20155,20113,99.74,97.38,98.56,98.554,0,98.49,0,0,0,2017-04-18,33323600,98.445,2,0,0,0,0,0,0,0,0,98.45,2,0,0,0,0,0,0,0,0
52,2017-04-18,09:15:24,100,TF1706,CCFX,98.45,98.4,98.49,196,192959350,20153,20113,99.74,97.38,98.56,98.554,0,98.49,0,0,0,2017-04-18,33324100,98.45,1,0,0,0,0,0,0,0,0,98.46,3,0,0,0,0,0,0,0,0
53,2017-04-18,09:15:24,600,TF1706,CCFX,98.46,98.4,98.49,202,198866650,20155,20113,99.74,97.38,98.56,98.554,0,98.49,0,0,0,2017-04-18,33324600,98.445,4,0,0,0,0,0,0,0,0,98.47,11,0,0,0,0,0,0,0,0
54,2017-04-18,09:15:25,100,TF1706,CCFX,98.46,98.4,98.49,202,198866650,20155,20113,99.74,97.38,98.56,98.554,0,98.49,0,0,0,2017-04-18,33325100,98.455,2,0,0,0,0,0,0,0,0,98.465,2,0,0,0,0,0,0,0,0
55,2017-04-18,09:15:25,600,TF1706,CCFX,98.46,98.4,98.49,202,198866650,20155,20113,99.74,97.38,98.56,98.554,0,98.49,0,0,0,2017-04-18,33325600,98.45,2,0,0,0,0,0,0,0,0,98.465,1,0,0,0,0,0,0,0,0
56,2017-04-18,09:15:26,600,TF1706,CCFX,98.46,98.4,98.49,202,198866650,20155,20113,99.74,97.38,98.56,98.554,0,98.49,0,0,0,2017-04-18,33326600,98.45,4,0,0,0,0,0,0,0,0,98.465,1,0,0,0,0,0,0,0,0
57,2017-04-18,09:15:27,100,TF1706,CCFX,98.46,98.4,98.49,202,198866650,20155,20113,99.74,97.38,98.56,98.554,0,98.49,0,0,0,2017-04-18,33327100,98.45,4,0,0,0,0,0,0,0,0,98.47,11,0,0,0,0,0,0,0,0
58,2017-04-18,09:15:27,600,TF1706,CCFX,98.46,98.4,98.49,202,198866650,20155,20113,99.74,97.38,98.56,98.554,0,98.49,0,0,0,2017-04-18,33327600,98.45,4,0,0,0,0,0,0,0,0,98.465,1,0,0,0,0,0,0,0,0
59,2017-04-18,09:15:28,100,TF1706,CCFX,98.45,98.4,98.49,211,207727150,20162,20113,99.74,97.38,98.56,98.554,0,98.49,0,0,0,2017-04-18,33328100,98.445,2,0,0,0,0,0,0,0,0,98.45,1,0,0,0,0,0,0,0,0
60,2017-04-18,09:15:28,600,TF1706,CCFX,98.45,98.4,98.49,212,208711650,20162,20113,99.74,97.38,98.56,98.554,0,98.49,0,0,0,2017-04-18,33328600,98.455,1,0,0,0,0,0,0,0,0,98.46,2,0,0,0,0,0,0,0,0
61,2017-04-18,09:15:29,100,TF1706,CCFX,98.45,98.4,98.49,212,208711650,20162,20113,99.74,97.38,98.56,98.554,0,98.49,0,0,0,2017-04-18,33329100,98.445,2,0,0,0,0,0,0,0,0,98.46,2,0,0,0,0,0,0,0,0
62,2017-04-18,09:15:30,100,TF1706,CCFX,98.45,98.4,98.49,212,208711650,20162,20113,99.74,97.38,98.56,98.554,0,98.49,0,0,0,2017-04-18,33330100,98.45,1,0,0,0,0,0,0,0,0,98.46,2,0,0,0,0,0,0,0,0
63,2017-04-18,09:15:30,600,TF1706,CCFX,98.45,98.4,98.49,212,208711650,20162,20113,99.74,97.38,98.56,98.554,0,98.49,0,0,0,2017-04-18,33330600,98.45,1,0,0,0,0,0,0,0,0,98.46,2,0,0,0,0,0,0,0,0
64,2017-04-18,09:15:31,100,TF1706,CCFX,98.45,98.4,98.49,212,208711650,20162,20113,99.74,97.38,98.56,98.554,0,98.49,0,0,0,2017-04-18,33331100,98.45,1,0,0,0,0,0,0,0,0,98.46,3,0,0,0,0,0,0,0,0
65,2017-04-18,09:15:31,600,TF1706,CCFX,98.45,98.4,98.49,212,208711650,20162,20113,99.74,97.38,98.56,98.554,0,98.49,0,0,0,2017-04-18,33331600,98.45,1,0,0,0,0,0,0,0,0,98.46,9,0,0,0,0,0,0,0,0
66,2017-04-18,09:15:32,600,TF1706,CCFX,98.45,98.4,98.49,212,208711650,20162,20113,99.74,97.38,98.56,98.554,0,98.49,0,0,0,2017-04-18,33332600,98.45,2,0,0,0,0,0,0,0,0,98.46,9,0,0,0,0,0,0,0,0
67,2017-04-18,09:15:33,600,TF1706,CCFX,98.45,98.4,98.49,213,209696150,20163,20113,99.74,97.38,98.56,98.554,0,98.49,0,0,0,2017-04-18,33333600,98.45,1,0,0,0,0,0,0,0,0,98.46,9,0,0,0,0,0,0,0,0
68,2017-04-18,09:15:34,100,TF1706,CCFX,98.45,98.4,98.49,213,209696150,20163,20113,99.74,97.38,98.56,98.554,0,98.49,0,0,0,2017-04-18,33334100,98.45,1,0,0,0,0,0,0,0,0,98.46,9,0,0,0,0,0,0,0,0
69,2017-04-18,09:15:34,600,TF1706,CCFX,98.46,98.4,98.49,222,218557550,20163,20113,99.74,97.38,98.56,98.554,0,98.49,0,0,0,2017-04-18,33334600,98.45,2,0,0,0,0,0,0,0,0,98.465,2,0,0,0,0,0,0,0,0
70,2017-04-18,09:15:35,100,TF1706,CCFX,98.46,98.4,98.49,222,218557550,20163,20113,99.74,97.38,98.56,98.554,0,98.49,0,0,0,2017-04-18,33335100,98.46,1,0,0,0,0,0,0,0,0,98.465,2,0,0,0,0,0,0,0,0
71,2017-04-18,09:15:35,600,TF1706,CCFX,98.46,98.4,98.49,223,219542150,20162,20113,99.74,97.38,98.56,98.554,0,98.49,0,0,0,2017-04-18,33335600,98.45,2,0,0,0,0,0,0,0,0,98.465,2,0,0,0,0,0,0,0,0
72,2017-04-18,09:15:36,100,TF1706,CCFX,98.45,98.4,98.49,224,220526650,20163,20113,99.74,97.38,98.56,98.554,0,98.49,0,0,0,2017-04-18,33336100,98.45,1,0,0,0,0,0,0,0,0,98.465,2,0,0,0,0,0,0,0,0
73,2017-04-18,09:15:36,600,TF1706,CCFX,98.45,98.4,98.49,224,220526650,20163,20113,99.74,97.38,98.56,98.554,0,98.49,0,0,0,2017-04-18,33336600,98.45,2,0,0,0,0,0,0,0,0,98.465,2,0,0,0,0,0,0,0,0
74,2017-04-18,09:15:37,600,TF1706,CCFX,98.45,98.4,98.49,224,220526650,20163,20113,99.74,97.38,98.56,98.554,0,98.49,0,0,0,2017-04-18,33337600,98.45,2,0,0,0,0,0,0,0,0,98.465,2,0,0,0,0,0,0,0,0
75,2017-04-18,09:15:38,100,TF1706,CCFX,98.45,98.4,98.49,224,220526650,20163,20113,99.74,97.38,98.56,98.554,0,98.49,0,0,0,2017-04-18,33338100,98.45,2,0,0,0,0,0,0,0,0,98.46,2,0,0,0,0,0,0,0,0
76,2017-04-18,09:15:38,600,TF1706,CCFX,98.45,98.4,98.49,224,220526650,20163,20113,99.74,97.38,98.56,98.554,0,98.49,0,0,0,2017-04-18,33338600,98.45,2,0,0,0,0,0,0,0,0,98.46,1,0,0,0,0,0,0,0,0
77,2017-04-18,09:15:39,100,TF1706,CCFX,98.45,98.4,98.49,224,220526650,20163,20113,99.74,97.38,98.56,98.554,0,98.49,0,0,0,2017-04-18,33339100,98.45,3,0,0,0,0,0,0,0,0,98.46,2,0,0,0,0,0,0,0,0
78,2017-04-18,09:15:40,600,TF1706,CCFX,98.45,98.4,98.49,224,220526650,20163,20113,99.74,97.38,98.56,98.554,0,98.49,0,0,0,2017-04-18,33340600,98.45,4,0,0,0,0,0,0,0,0,98.46,2,0,0,0,0,0,0,0,0
79,2017-04-18,09:15:41,600,TF1706,CCFX,98.45,98.4,98.49,228,224464850,20163,20113,99.74,97.38,98.56,98.554,0,98.49,0,0,0,2017-04-18,33341600,98.45,2,0,0,0,0,0,0,0,0,98.465,2,0,0,0,0,0,0,0,0
80,2017-04-18,09:15:42,100,TF1706,CCFX,98.45,98.4,98.49,228,224464850,20163,20113,99.74,97.38,98.56,98.554,0,98.49,0,0,0,2017-04-18,33342100,98.455,2,0,0,0,0,0,0,0,0,98.465,2,0,0,0,0,0,0,0,0
81,2017-04-18,09:15:42,600,TF1706,CCFX,98.45,98.4,98.49,228,224464850,20163,20113,99.74,97.38,98.56,98.554,0,98.49,0,0,0,2017-04-18,33342600,98.455,5,0,0,0,0,0,0,0,0,98.465,2,0,0,0,0,0,0,0,0
82,2017-04-18,09:15:44,100,TF1706,CCFX,98.45,98.4,98.49,228,224464850,20163,20113,99.74,97.38,98.56,98.554,0,98.49,0,0,0,2017-04-18,33344100,98.455,3,0,0,0,0,0,0,0,0,98.465,2,0,0,0,0,0,0,0,0
83,2017-04-18,09:15:44,600,TF1706,CCFX,98.45,98.4,98.49,228,224464850,20163,20113,99.74,97.38,98.56,98.554,0,98.49,0,0,0,2017-04-18,33344600,98.455,3,0,0,0,0,0,0,0,0,98.465,2,0,0,0,0,0,0,0,0
84,2017-04-18,09:15:45,100,TF1706,CCFX,98.465,98.4,98.49,230,226434150,20163,20113,99.74,97.38,98.56,98.554,0,98.49,0,0,0,2017-04-18,33345100,98.455,3,0,0,0,0,0,0,0,0,98.47,11,0,0,0,0,0,0,0,0
85,2017-04-18,09:15:45,600,TF1706,CCFX,98.465,98.4,98.49,230,226434150,20163,20113,99.74,97.38,98.56,98.554,0,98.49,0,0,0,2017-04-18,33345600,98.455,3,0,0,0,0,0,0,0,0,98.465,1,0,0,0,0,0,0,0,0
86,2017-04-18,09:15:46,100,TF1706,CCFX,98.465,98.4,98.49,230,226434150,20163,20113,99.74,97.38,98.56,98.554,0,98.49,0,0,0,2017-04-18,33346100,98.455,5,0,0,0,0,0,0,0,0,98.465,3,0,0,0,0,0,0,0,0
87,2017-04-18,09:15:46,600,TF1706,CCFX,98.465,98.4,98.49,231,227418800,20162,20113,99.74,97.38,98.56,98.554,0,98.49,0,0,0,2017-04-18,33346600,98.455,5,0,0,0,0,0,0,0,0,98.47,11,0,0,0,0,0,0,0,0
88,2017-04-18,09:15:47,600,TF1706,CCFX,98.465,98.4,98.49,231,227418800,20162,20113,99.74,97.38,98.56,98.554,0,98.49,0,0,0,2017-04-18,33347600,98.465,1,0,0,0,0,0,0,0,0,98.47,11,0,0,0,0,0,0,0,0
89,2017-04-18,09:15:48,100,TF1706,CCFX,98.465,98.4,98.49,231,227418800,20162,20113,99.74,97.38,98.56,98.554,0,98.49,0,0,0,2017-04-18,33348100,98.465,3,0,0,0,0,0,0,0,0,98.47,11,0,0,0,0,0,0,0,0
90,2017-04-18,09:15:48,600,TF1706,CCFX,98.47,98.4,98.49,235,231357600,20165,20113,99.74,97.38,98.56,98.554,0,98.49,0,0,0,2017-04-18,33348600,98.465,3,0,0,0,0,0,0,0,0,98.47,7,0,0,0,0,0,0,0,0
91,2017-04-18,09:15:49,100,TF1706,CCFX,98.465,98.4,98.49,243,239234800,20165,20113,99.74,97.38,98.56,98.554,0,98.49,0,0,0,2017-04-18,33349100,98.46,1,0,0,0,0,0,0,0,0,98.465,7,0,0,0,0,0,0,0,0
92,2017-04-18,09:15:49,600,TF1706,CCFX,98.46,98.4,98.49,245,241204000,20164,20113,99.74,97.38,98.56,98.554,0,98.49,0,0,0,2017-04-18,33349600,98.455,2,0,0,0,0,0,0,0,0,98.465,5,0,0,0,0,0,0,0,0
93,2017-04-18,09:15:50,100,TF1706,CCFX,98.46,98.4,98.49,245,241204000,20164,20113,99.74,97.38,98.56,98.554,0,98.49,0,0,0,2017-04-18,33350100,98.455,2,0,0,0,0,0,0,0,0,98.46,2,0,0,0,0,0,0,0,0
94,2017-04-18,09:15:50,600,TF1706,CCFX,98.46,98.4,98.49,245,241204000,20164,20113,99.74,97.38,98.56,98.554,0,98.49,0,0,0,2017-04-18,33350600,98.455,2,0,0,0,0,0,0,0,0,98.46,3,0,0,0,0,0,0,0,0
95,2017-04-18,09:15:51,100,TF1706,CCFX,98.46,98.4,98.49,245,241204000,20164,20113,99.74,97.38,98.56,98.554,0,98.49,0,0,0,2017-04-18,33351100,98.455,2,0,0,0,0,0,0,0,0,98.46,1,0,0,0,0,0,0,0,0
96,2017-04-18,09:15:51,600,TF1706,CCFX,98.46,98.4,98.49,245,241204000,20164,20113,99.74,97.38,98.56,98.554,0,98.49,0,0,0,2017-04-18,33351600,98.455,2,0,0,0,0,0,0,0,0,98.46,1,0,0,0,0,0,0,0,0
97,2017-04-18,09:15:52,100,TF1706,CCFX,98.455,98.4,98.49,246,242188550,20164,20113,99.74,97.38,98.56,98.554,0,98.49,0,0,0,2017-04-18,33352100,98.455,1,0,0,0,0,0,0,0,0,98.46,1,0,0,0,0,0,0,0,0
98,2017-04-18,09:15:53,600,TF1706,CCFX,98.455,98.4,98.49,246,242188550,20164,20113,99.74,97.38,98.56,98.554,0,98.49,0,0,0,2017-04-18,33353600,98.455,1,0,0,0,0,0,0,0,0,98.46,2,0,0,0,0,0,0,0,0
99,2017-04-18,09:15:54,100,TF1706,CCFX,98.46,98.4,98.49,248,244157750,20163,20113,99.74,97.38,98.56,98.554,0,98.49,0,0,0,2017-04-18,33354100,98.46,2,0,0,0,0,0,0,0,0,98.465,3,0,0,0,0,0,0,0,0
100,2017-04-18,09:15:54,600,TF1706,CCFX,98.46,98.4,98.49,248,244157750,20163,20113,99.74,97.38,98.56,98.554,0,98.49,0,0,0,2017-04-18,33354600,98.46,2,0,0,0,0,0,0,0,0,98.465,6,0,0,0,0,0,0,0,0
101,2017-04-18,09:15:55,100,TF1706,CCFX,98.46,98.4,98.49,248,244157750,20163,20113,99.74,97.38,98.56,98.554,0,98.49,0,0,0,2017-04-18,33355100,98.46,3,0,0,0,0,0,0,0,0,98.465,6,0,0,0,0,0,0,0,0
102,2017-04-18,09:15:56,600,TF1706,CCFX,98.46,98.4,98.49,248,244157750,20163,20113,99.74,97.38,98.56,98.554,0,98.49,0,0,0,2017-04-18,33356600,98.46,3,0,0,0,0,0,0,0,0,98.465,6,0,0,0,0,0,0,0,0
103,2017-04-18,09:15:57,100,TF1706,CCFX,98.46,98.4,98.49,248,244157750,20163,20113,99.74,97.38,98.56,98.554,0,98.49,0,0,0,2017-04-18,33357100,98.46,2,0,0,0,0,0,0,0,0,98.465,6,0,0,0,0,0,0,0,0
104,2017-04-18,09:15:57,600,TF1706,CCFX,98.46,98.4,98.49,249,245142350,20164,20113,99.74,97.38,98.56,98.554,0,98.49,0,0,0,2017-04-18,33357600,98.46,1,0,0,0,0,0,0,0,0,98.465,6,0,0,0,0,0,0,0,0
105,2017-04-18,09:15:58,100,TF1706,CCFX,98.46,98.4,98.49,250,246126950,20163,20113,99.74,97.38,98.56,98.554,0,98.49,0,0,0,2017-04-18,33358100,98.455,1,0,0,0,0,0,0,0,0,98.465,6,0,0,0,0,0,0,0,0
106,2017-04-18,09:15:58,600,TF1706,CCFX,98.46,98.4,98.49,250,246126950,20163,20113,99.74,97.38,98.56,98.554,0,98.49,0,0,0,2017-04-18,33358600,98.455,1,0,0,0,0,0,0,0,0,98.46,6,0,0,0,0,0,0,0,0
107,2017-04-18,09:15:59,100,TF1706,CCFX,98.46,98.4,98.49,255,251049950,20166,20113,99.74,97.38,98.56,98.554,0,98.49,0,0,0,2017-04-18,33359100,98.46,2,0,0,0,0,0,0,0,0,98.465,6,0,0,0,0,0,0,0,0
108,2017-04-18,09:15:59,600,TF1706,CCFX,98.46,98.4,98.49,256,252034550,20166,20113,99.74,97.38,98.56,98.554,0,98.49,0,0,0,2017-04-18,33359600,98.46,2,0,0,0,0,0,0,0,0,98.465,6,0,0,0,0,0,0,0,0
109,2017-04-18,09:16:00,600,TF1706,CCFX,98.46,98.4,98.49,258,254003750,20168,20113,99.74,97.38,98.56,98.554,0,98.49,0,0,0,2017-04-18,33360600,98.46,1,0,0,0,0,0,0,0,0,98.465,2,0,0,0,0,0,0,0,0
110,2017-04-18,09:16:01,100,TF1706,CCFX,98.46,98.4,98.49,259,254988350,20168,20113,99.74,97.38,98.56,98.554,0,98.49,0,0,0,2017-04-18,33361100,98.46,1,0,0,0,0,0,0,0,0,98.465,2,0,0,0,0,0,0,0,0
111,2017-04-18,09:16:01,600,TF1706,CCFX,98.46,98.4,98.49,260,255972950,20169,20113,99.74,97.38,98.56,98.554,0,98.49,0,0,0,2017-04-18,33361600,98.455,2,0,0,0,0,0,0,0,0,98.465,2,0,0,0,0,0,0,0,0
112,2017-04-18,09:16:02,100,TF1706,CCFX,98.46,98.4,98.49,260,255972950,20169,20113,99.74,97.38,98.56,98.554,0,98.49,0,0,0,2017-04-18,33362100,98.455,2,0,0,0,0,0,0,0,0,98.46,2,0,0,0,0,0,0,0,0
113,2017-04-18,09:16:02,600,TF1706,CCFX,98.455,98.4,98.49,262,257942050,20171,20113,99.74,97.38,98.56,98.554,0,98.49,0,0,0,2017-04-18,33362600,98.455,2,0,0,0,0,0,0,0,0,98.46,2,0,0,0,0,0,0,0,0
114,2017-04-18,09:16:04,100,TF1706,CCFX,98.455,98.4,98.49,264,259911150,20169,20113,99.74,97.38,98.56,98.554,0,98.49,0,0,0,2017-04-18,33364100,98.45,11,0,0,0,0,0,0,0,0,98.46,3,0,0,0,0,0,0,0,0
115,2017-04-18,09:16:04,600,TF1706,CCFX,98.455,98.4,98.49,264,259911150,20169,20113,99.74,97.38,98.56,98.554,0,98.49,0,0,0,2017-04-18,33364600,98.455,1,0,0,0,0,0,0,0,0,98.46,3,0,0,0,0,0,0,0,0
116,2017-04-18,09:16:05,100,TF1706,CCFX,98.455,98.4,98.49,265,260895700,20169,20113,99.74,97.38,98.56,98.554,0,98.49,0,0,0,2017-04-18,33365100,98.45,11,0,0,0,0,0,0,0,0,98.46,3,0,0,0,0,0,0,0,0
117,2017-04-18,09:16:05,600,TF1706,CCFX,98.455,98.4,98.49,265,260895700,20169,20113,99.74,97.38,98.56,98.554,0,98.49,0,0,0,2017-04-18,33365600,98.45,11,0,0,0,0,0,0,0,0,98.455,3,0,0,0,0,0,0,0,0
118,2017-04-18,09:16:06,100,TF1706,CCFX,98.455,98.4,98.49,265,260895700,20169,20113,99.74,97.38,98.56,98.554,0,98.49,0,0,0,2017-04-18,33366100,98.45,11,0,0,0,0,0,0,0,0,98.455,1,0,0,0,0,0,0,0,0
119,2017-04-18,09:16:07,100,TF1706,CCFX,98.455,98.4,98.49,266,261880250,20168,20113,99.74,97.38,98.56,98.554,0,98.49,0,0,0,2017-04-18,33367100,98.45,11,0,0,0,0,0,0,0,0,98.46,3,0,0,0,0,0,0,0,0
120,2017-04-18,09:16:08,600,TF1706,CCFX,98.455,98.4,98.49,266,261880250,20168,20113,99.74,97.38,98.56,98.554,0,98.49,0,0,0,2017-04-18,33368600,98.45,12,0,0,0,0,0,0,0,0,98.46,3,0,0,0,0,0,0,0,0
121,2017-04-18,09:16:09,600,TF1706,CCFX,98.455,98.4,98.49,266,261880250,20168,20113,99.74,97.38,98.56,98.554,0,98.49,0,0,0,2017-04-18,33369600,98.45,12,0,0,0,0,0,0,0,0,98.46,3,0,0,0,0,0,0,0,0
122,2017-04-18,09:16:10,100,TF1706,CCFX,98.46,98.4,98.49,267,262864850,20169,20113,99.74,97.38,98.56,98.554,0,98.49,0,0,0,2017-04-18,33370100,98.455,6,0,0,0,0,0,0,0,0,98.46,2,0,0,0,0,0,0,0,0
123,2017-04-18,09:16:10,600,TF1706,CCFX,98.46,98.4,98.49,271,266803250,20168,20113,99.74,97.38,98.56,98.554,0,98.49,0,0,0,2017-04-18,33370600,98.46,1,0,0,0,0,0,0,0,0,98.465,2,0,0,0,0,0,0,0,0
124,2017-04-18,09:16:11,600,TF1706,CCFX,98.46,98.4,98.49,271,266803250,20168,20113,99.74,97.38,98.56,98.554,0,98.49,0,0,0,2017-04-18,33371600,98.46,2,0,0,0,0,0,0,0,0,98.465,2,0,0,0,0,0,0,0,0
125,2017-04-18,09:16:13,100,TF1706,CCFX,98.47,98.4,98.49,290,285512450,20184,20113,99.74,97.38,98.56,98.554,0,98.49,0,0,0,2017-04-18,33373100,98.47,11,0,0,0,0,0,0,0,0,98.475,1,0,0,0,0,0,0,0,0
126,2017-04-18,09:16:13,600,TF1706,CCFX,98.47,98.4,98.49,297,292405350,20184,20113,99.74,97.38,98.56,98.554,0,98.49,0,0,0,2017-04-18,33373600,98.47,4,0,0,0,0,0,0,0,0,98.475,1,0,0,0,0,0,0,0,0
127,2017-04-18,09:16:14,100,TF1706,CCFX,98.47,98.4,98.49,300,295359450,20185,20113,99.74,97.38,98.56,98.554,0,98.49,0,0,0,2017-04-18,33374100,98.47,1,0,0,0,0,0,0,0,0,98.475,1,0,0,0,0,0,0,0,0
128,2017-04-18,09:16:14,600,TF1706,CCFX,98.475,98.4,98.49,301,296344200,20184,20113,99.74,97.38,98.56,98.554,0,98.49,0,0,0,2017-04-18,33374600,98.47,1,0,0,0,0,0,0,0,0,98.48,3,0,0,0,0,0,0,0,0
129,2017-04-18,09:16:15,100,TF1706,CCFX,98.475,98.4,98.49,301,296344200,20184,20113,99.74,97.38,98.56,98.554,0,98.49,0,0,0,2017-04-18,33375100,98.47,1,0,0,0,0,0,0,0,0,98.48,7,0,0,0,0,0,0,0,0
130,2017-04-18,09:16:15,600,TF1706,CCFX,98.475,98.4,98.49,301,296344200,20184,20113,99.74,97.38,98.56,98.554,0,98.49,0,0,0,2017-04-18,33375600,98.47,1,0,0,0,0,0,0,0,0,98.475,2,0,0,0,0,0,0,0,0
131,2017-04-18,09:16:17,600,TF1706,CCFX,98.475,98.4,98.49,301,296344200,20184,20113,99.74,97.38,98.56,98.554,0,98.49,0,0,0,2017-04-18,33377600,98.47,1,0,0,0,0,0,0,0,0,98.475,2,0,0,0,0,0,0,0,0
132,2017-04-18,09:16:18,100,TF1706,CCFX,98.46,98.4,98.49,303,298313500,20186,20113,99.74,97.38,98.56,98.554,0,98.49,0,0,0,2017-04-18,33378100,98.46,1,0,0,0,0,0,0,0,0,98.48,7,0,0,0,0,0,0,0,0
133,2017-04-18,09:16:18,600,TF1706,CCFX,98.46,98.4,98.49,303,298313500,20186,20113,99.74,97.38,98.56,98.554,0,98.49,0,0,0,2017-04-18,33378600,98.46,2,0,0,0,0,0,0,0,0,98.475,1,0,0,0,0,0,0,0,0
134,2017-04-18,09:16:19,100,TF1706,CCFX,98.46,98.4,98.49,303,298313500,20186,20113,99.74,97.38,98.56,98.554,0,98.49,0,0,0,2017-04-18,33379100,98.46,3,0,0,0,0,0,0,0,0,98.475,3,0,0,0,0,0,0,0,0
135,2017-04-18,09:16:21,600,TF1706,CCFX,98.46,98.4,98.49,303,298313500,20186,20113,99.74,97.38,98.56,98.554,0,98.49,0,0,0,2017-04-18,33381600,98.46,3,0,0,0,0,0,0,0,0,98.475,5,0,0,0,0,0,0,0,0
136,2017-04-18,09:16:23,600,TF1706,CCFX,98.46,98.4,98.49,303,298313500,20186,20113,99.74,97.38,98.56,98.554,0,98.49,0,0,0,2017-04-18,33383600,98.46,3,0,0,0,0,0,0,0,0,98.475,7,0,0,0,0,0,0,0,0
137,2017-04-18,09:16:24,600,TF1706,CCFX,98.46,98.4,98.49,303,298313500,20186,20113,99.74,97.38,98.56,98.554,0,98.49,0,0,0,2017-04-18,33384600,98.46,3,0,0,0,0,0,0,0,0,98.475,11,0,0,0,0,0,0,0,0
138,2017-04-18,09:16:26,100,TF1706,CCFX,98.46,98.4,98.49,303,298313500,20186,20113,99.74,97.38,98.56,98.554,0,98.49,0,0,0,2017-04-18,33386100,98.46,3,0,0,0,0,0,0,0,0,98.475,11,0,0,0,0,0,0,0,0
139,2017-04-18,09:16:26,600,TF1706,CCFX,98.46,98.4,98.49,303,298313500,20186,20113,99.74,97.38,98.56,98.554,0,98.49,0,0,0,2017-04-18,33386600,98.46,5,0,0,0,0,0,0,0,0,98.475,11,0,0,0,0,0,0,0,0
140,2017-04-18,09:16:27,600,TF1706,CCFX,98.46,98.4,98.49,303,298313500,20186,20113,99.74,97.38,98.56,98.554,0,98.49,0,0,0,2017-04-18,33387600,98.46,5,0,0,0,0,0,0,0,0,98.475,9,0,0,0,0,0,0,0,0
141,2017-04-18,09:16:28,100,TF1706,CCFX,98.46,98.4,98.49,303,298313500,20186,20113,99.74,97.38,98.56,98.554,0,98.49,0,0,0,2017-04-18,33388100,98.465,2,0,0,0,0,0,0,0,0,98.475,9,0,0,0,0,0,0,0,0
142,2017-04-18,09:16:28,600,TF1706,CCFX,98.46,98.4,98.49,303,298313500,20186,20113,99.74,97.38,98.56,98.554,0,98.49,0,0,0,2017-04-18,33388600,98.465,2,0,0,0,0,0,0,0,0,98.475,9,0,0,0,0,0,0,0,0
143,2017-04-18,09:16:29,100,TF1706,CCFX,98.46,98.4,98.49,303,298313500,20186,20113,99.74,97.38,98.56,98.554,0,98.49,0,0,0,2017-04-18,33389100,98.465,5,0,0,0,0,0,0,0,0,98.475,7,0,0,0,0,0,0,0,0
144,2017-04-18,09:16:30,100,TF1706,CCFX,98.46,98.4,98.49,303,298313500,20186,20113,99.74,97.38,98.56,98.554,0,98.49,0,0,0,2017-04-18,33390100,98.47,1,0,0,0,0,0,0,0,0,98.475,7,0,0,0,0,0,0,0,0
145,2017-04-18,09:16:30,600,TF1706,CCFX,98.46,98.4,98.49,303,298313500,20186,20113,99.74,97.38,98.56,98.554,0,98.49,0,0,0,2017-04-18,33390600,98.47,1,0,0,0,0,0,0,0,0,98.475,3,0,0,0,0,0,0,0,0
146,2017-04-18,09:16:31,100,TF1706,CCFX,98.46,98.4,98.49,303,298313500,20186,20113,99.74,97.38,98.56,98.554,0,98.49,0,0,0,2017-04-18,33391100,98.47,2,0,0,0,0,0,0,0,0,98.475,3,0,0,0,0,0,0,0,0
147,2017-04-18,09:16:31,600,TF1706,CCFX,98.475,98.4,98.49,307,302252500,20186,20113,99.74,97.38,98.56,98.554,0,98.49,0,0,0,2017-04-18,33391600,98.475,2,0,0,0,0,0,0,0,0,98.48,4,0,0,0,0,0,0,0,0
148,2017-04-18,09:16:32,100,TF1706,CCFX,98.475,98.4,98.49,308,303237250,20186,20113,99.74,97.38,98.56,98.554,0,98.49,0,0,0,2017-04-18,33392100,98.475,3,0,0,0,0,0,0,0,0,98.48,4,0,0,0,0,0,0,0,0
149,2017-04-18,09:16:32,600,TF1706,CCFX,98.475,98.4,98.49,311,306191500,20187,20113,99.74,97.38,98.56,98.554,0,98.49,0,0,0,2017-04-18,33392600,98.47,2,0,0,0,0,0,0,0,0,98.48,4,0,0,0,0,0,0,0,0
150,2017-04-18,09:16:34,600,TF1706,CCFX,98.475,98.4,98.49,311,306191500,20187,20113,99.74,97.38,98.56,98.554,0,98.49,0,0,0,2017-04-18,33394600,98.47,4,0,0,0,0,0,0,0,0,98.48,5,0,0,0,0,0,0,0,0
151,2017-04-18,09:16:35,100,TF1706,CCFX,98.475,98.4,98.49,311,306191500,20187,20113,99.74,97.38,98.56,98.554,0,98.49,0,0,0,2017-04-18,33395100,98.47,4,0,0,0,0,0,0,0,0,98.48,5,0,0,0,0,0,0,0,0
152,2017-04-18,09:16:36,600,TF1706,CCFX,98.475,98.4,98.49,311,306191500,20187,20113,99.74,97.38,98.56,98.554,0,98.49,0,0,0,2017-04-18,33396600,98.47,4,0,0,0,0,0,0,0,0,98.475,2,0,0,0,0,0,0,0,0
153,2017-04-18,09:16:37,100,TF1706,CCFX,98.475,98.4,98.49,311,306191500,20187,20113,99.74,97.38,98.56,98.554,0,98.49,0,0,0,2017-04-18,33397100,98.47,4,0,0,0,0,0,0,0,0,98.475,3,0,0,0,0,0,0,0,0
154,2017-04-18,09:16:37,600,TF1706,CCFX,98.475,98.4,98.49,311,306191500,20187,20113,99.74,97.38,98.56,98.554,0,98.49,0,0,0,2017-04-18,33397600,98.47,4,0,0,0,0,0,0,0,0,98.475,3,0,0,0,0,0,0,0,0
155,2017-04-18,09:16:39,100,TF1706,CCFX,98.47,98.4,98.49,312,307176200,20187,20113,99.74,97.38,98.56,98.554,0,98.49,0,0,0,2017-04-18,33399100,98.47,3,0,0,0,0,0,0,0,0,98.475,3,0,0,0,0,0,0,0,0
156,2017-04-18,09:16:39,600,TF1706,CCFX,98.47,98.4,98.49,315,310130300,20185,20113,99.74,97.38,98.56,98.554,0,98.49,0,0,0,2017-04-18,33399600,98.465,1,0,0,0,0,0,0,0,0,98.475,4,0,0,0,0,0,0,0,0
157,2017-04-18,09:16:40,100,TF1706,CCFX,98.47,98.4,98.49,315,310130300,20185,20113,99.74,97.38,98.56,98.554,0,98.49,0,0,0,2017-04-18,33400100,98.465,1,0,0,0,0,0,0,0,0,98.475,4,0,0,0,0,0,0,0,0
158,2017-04-18,09:16:40,600,TF1706,CCFX,98.465,98.4,98.49,316,311114950,20186,20113,99.74,97.38,98.56,98.554,0,98.49,0,0,0,2017-04-18,33400600,98.46,4,0,0,0,0,0,0,0,0,98.47,1,0,0,0,0,0,0,0,0
159,2017-04-18,09:16:41,100,TF1706,CCFX,98.47,98.4,98.49,317,312099650,20185,20113,99.74,97.38,98.56,98.554,0,98.49,0,0,0,2017-04-18,33401100,98.465,2,0,0,0,0,0,0,0,0,98.47,1,0,0,0,0,0,0,0,0
160,2017-04-18,09:16:41,600,TF1706,CCFX,98.47,98.4,98.49,318,313084350,20185,20113,99.74,97.38,98.56,98.554,0,98.49,0,0,0,2017-04-18,33401600,98.47,3,0,0,0,0,0,0,0,0,98.475,2,0,0,0,0,0,0,0,0
161,2017-04-18,09:16:42,100,TF1706,CCFX,98.47,98.4,98.49,318,313084350,20185,20113,99.74,97.38,98.56,98.554,0,98.49,0,0,0,2017-04-18,33402100,98.47,2,0,0,0,0,0,0,0,0,98.475,2,0,0,0,0,0,0,0,0
162,2017-04-18,09:16:44,100,TF1706,CCFX,98.47,98.4,98.49,318,313084350,20185,20113,99.74,97.38,98.56,98.554,0,98.49,0,0,0,2017-04-18,33404100,98.47,2,0,0,0,0,0,0,0,0,98.475,2,0,0,0,0,0,0,0,0
163,2017-04-18,09:16:44,600,TF1706,CCFX,98.47,98.4,98.49,318,313084350,20185,20113,99.74,97.38,98.56,98.554,0,98.49,0,0,0,2017-04-18,33404600,98.47,2,0,0,0,0,0,0,0,0,98.475,2,0,0,0,0,0,0,0,0
164,2017-04-18,09:16:45,100,TF1706,CCFX,98.47,98.4,98.49,318,313084350,20185,20113,99.74,97.38,98.56,98.554,0,98.49,0,0,0,2017-04-18,33405100,98.465,1,0,0,0,0,0,0,0,0,98.47,1,0,0,0,0,0,0,0,0
165,2017-04-18,09:16:48,100,TF1706,CCFX,98.47,98.4,98.49,318,313084350,20185,20113,99.74,97.38,98.56,98.554,0,98.49,0,0,0,2017-04-18,33408100,98.465,3,0,0,0,0,0,0,0,0,98.47,1,0,0,0,0,0,0,0,0
166,2017-04-18,09:16:48,600,TF1706,CCFX,98.47,98.4,98.49,319,314069050,20185,20113,99.74,97.38,98.56,98.554,0,98.49,0,0,0,2017-04-18,33408600,98.465,3,0,0,0,0,0,0,0,0,98.47,2,0,0,0,0,0,0,0,0
167,2017-04-18,09:16:50,100,TF1706,CCFX,98.47,98.4,98.49,319,314069050,20185,20113,99.74,97.38,98.56,98.554,0,98.49,0,0,0,2017-04-18,33410100,98.465,3,0,0,0,0,0,0,0,0,98.47,2,0,0,0,0,0,0,0,0
168,2017-04-18,09:16:50,600,TF1706,CCFX,98.47,98.4,98.49,321,316038450,20185,20113,99.74,97.38,98.56,98.554,0,98.49,0,0,0,2017-04-18,33410600,98.47,9,0,0,0,0,0,0,0,0,98.475,2,0,0,0,0,0,0,0,0
169,2017-04-18,09:16:51,100,TF1706,CCFX,98.47,98.4,98.49,321,316038450,20185,20113,99.74,97.38,98.56,98.554,0,98.49,0,0,0,2017-04-18,33411100,98.47,4,0,0,0,0,0,0,0,0,98.475,2,0,0,0,0,0,0,0,0
170,2017-04-18,09:16:51,600,TF1706,CCFX,98.47,98.4,98.49,321,316038450,20185,20113,99.74,97.38,98.56,98.554,0,98.49,0,0,0,2017-04-18,33411600,98.47,4,0,0,0,0,0,0,0,0,98.475,2,0,0,0,0,0,0,0,0
171,2017-04-18,09:16:52,100,TF1706,CCFX,98.47,98.4,98.49,322,317023150,20186,20113,99.74,97.38,98.56,98.554,0,98.49,0,0,0,2017-04-18,33412100,98.47,3,0,0,0,0,0,0,0,0,98.475,2,0,0,0,0,0,0,0,0
172,2017-04-18,09:16:52,600,TF1706,CCFX,98.47,98.4,98.49,322,317023150,20186,20113,99.74,97.38,98.56,98.554,0,98.49,0,0,0,2017-04-18,33412600,98.47,2,0,0,0,0,0,0,0,0,98.475,2,0,0,0,0,0,0,0,0
173,2017-04-18,09:16:53,100,TF1706,CCFX,98.47,98.4,98.49,322,317023150,20186,20113,99.74,97.38,98.56,98.554,0,98.49,0,0,0,2017-04-18,33413100,98.47,2,0,0,0,0,0,0,0,0,98.475,2,0,0,0,0,0,0,0,0
174,2017-04-18,09:16:53,600,TF1706,CCFX,98.47,98.4,98.49,322,317023150,20186,20113,99.74,97.38,98.56,98.554,0,98.49,0,0,0,2017-04-18,33413600,98.47,2,0,0,0,0,0,0,0,0,98.475,4,0,0,0,0,0,0,0,0
175,2017-04-18,09:16:54,600,TF1706,CCFX,98.47,98.4,98.49,322,317023150,20186,20113,99.74,97.38,98.56,98.554,0,98.49,0,0,0,2017-04-18,33414600,98.47,2,0,0,0,0,0,0,0,0,98.475,8,0,0,0,0,0,0,0,0
176,2017-04-18,09:16:55,100,TF1706,CCFX,98.47,98.4,98.49,322,317023150,20186,20113,99.74,97.38,98.56,98.554,0,98.49,0,0,0,2017-04-18,33415100,98.47,3,0,0,0,0,0,0,0,0,98.475,8,0,0,0,0,0,0,0,0
177,2017-04-18,09:16:56,600,TF1706,CCFX,98.47,98.4,98.49,322,317023150,20186,20113,99.74,97.38,98.56,98.554,0,98.49,0,0,0,2017-04-18,33416600,98.47,3,0,0,0,0,0,0,0,0,98.475,8,0,0,0,0,0,0,0,0
178,2017-04-18,09:16:57,100,TF1706,CCFX,98.47,98.4,98.49,325,319977250,20185,20113,99.74,97.38,98.56,98.554,0,98.49,0,0,0,2017-04-18,33417100,98.465,3,0,0,0,0,0,0,0,0,98.47,1,0,0,0,0,0,0,0,0
179,2017-04-18,09:16:57,600,TF1706,CCFX,98.47,98.4,98.49,327,321946650,20184,20113,99.74,97.38,98.56,98.554,0,98.49,0,0,0,2017-04-18,33417600,98.465,3,0,0,0,0,0,0,0,0,98.475,9,0,0,0,0,0,0,0,0
180,2017-04-18,09:16:58,600,TF1706,CCFX,98.47,98.4,98.49,327,321946650,20184,20113,99.74,97.38,98.56,98.554,0,98.49,0,0,0,2017-04-18,33418600,98.465,3,0,0,0,0,0,0,0,0,98.47,2,0,0,0,0,0,0,0,0
181,2017-04-18,09:16:59,100,TF1706,CCFX,98.47,98.4,98.49,330,324900750,20183,20113,99.74,97.38,98.56,98.554,0,98.49,0,0,0,2017-04-18,33419100,98.47,6,0,0,0,0,0,0,0,0,98.475,8,0,0,0,0,0,0,0,0
182,2017-04-18,09:16:59,600,TF1706,CCFX,98.47,98.4,98.49,330,324900750,20183,20113,99.74,97.38,98.56,98.554,0,98.49,0,0,0,2017-04-18,33419600,98.47,2,0,0,0,0,0,0,0,0,98.475,6,0,0,0,0,0,0,0,0
183,2017-04-18,09:17:00,100,TF1706,CCFX,98.475,98.4,98.49,332,326870250,20183,20113,99.74,97.38,98.56,98.554,0,98.49,0,0,0,2017-04-18,33420100,98.47,2,0,0,0,0,0,0,0,0,98.475,4,0,0,0,0,0,0,0,0
184,2017-04-18,09:17:00,600,TF1706,CCFX,98.475,98.4,98.49,332,326870250,20183,20113,99.74,97.38,98.56,98.554,0,98.49,0,0,0,2017-04-18,33420600,98.47,2,0,0,0,0,0,0,0,0,98.48,4,0,0,0,0,0,0,0,0
185,2017-04-18,09:17:01,100,TF1706,CCFX,98.475,98.4,98.49,332,326870250,20183,20113,99.74,97.38,98.56,98.554,0,98.49,0,0,0,2017-04-18,33421100,98.465,3,0,0,0,0,0,0,0,0,98.48,4,0,0,0,0,0,0,0,0
186,2017-04-18,09:17:01,600,TF1706,CCFX,98.47,98.4,98.49,333,327854950,20184,20113,99.74,97.38,98.56,98.554,0,98.49,0,0,0,2017-04-18,33421600,98.465,3,0,0,0,0,0,0,0,0,98.47,1,0,0,0,0,0,0,0,0
187,2017-04-18,09:17:02,100,TF1706,CCFX,98.47,98.4,98.49,334,328839650,20184,20113,99.74,97.38,98.56,98.554,0,98.49,0,0,0,2017-04-18,33422100,98.475,8,0,0,0,0,0,0,0,0,98.48,4,0,0,0,0,0,0,0,0
188,2017-04-18,09:17:02,600,TF1706,CCFX,98.47,98.4,98.49,337,331793750,20184,20113,99.74,97.38,98.56,98.554,0,98.49,0,0,0,2017-04-18,33422600,98.475,7,0,0,0,0,0,0,0,0,98.48,4,0,0,0,0,0,0,0,0
189,2017-04-18,09:17:04,100,TF1706,CCFX,98.47,98.4,98.49,337,331793750,20184,20113,99.74,97.38,98.56,98.554,0,98.49,0,0,0,2017-04-18,33424100,98.475,7,0,0,0,0,0,0,0,0,98.48,4,0,0,0,0,0,0,0,0
190,2017-04-18,09:17:04,600,TF1706,CCFX,98.47,98.4,98.49,340,334747850,20184,20113,99.74,97.38,98.56,98.554,0,98.49,0,0,0,2017-04-18,33424600,98.475,4,0,0,0,0,0,0,0,0,98.48,3,0,0,0,0,0,0,0,0
191,2017-04-18,09:17:05,100,TF1706,CCFX,98.47,98.4,98.49,340,334747850,20184,20113,99.74,97.38,98.56,98.554,0,98.49,0,0,0,2017-04-18,33425100,98.475,5,0,0,0,0,0,0,0,0,98.48,3,0,0,0,0,0,0,0,0
192,2017-04-18,09:17:06,600,TF1706,CCFX,98.47,98.4,98.49,340,334747850,20184,20113,99.74,97.38,98.56,98.554,0,98.49,0,0,0,2017-04-18,33426600,98.475,5,0,0,0,0,0,0,0,0,98.48,3,0,0,0,0,0,0,0,0
193,2017-04-18,09:17:07,600,TF1706,CCFX,98.47,98.4,98.49,340,334747850,20184,20113,99.74,97.38,98.56,98.554,0,98.49,0,0,0,2017-04-18,33427600,98.475,5,0,0,0,0,0,0,0,0,98.48,3,0,0,0,0,0,0,0,0
194,2017-04-18,09:17:08,100,TF1706,CCFX,98.47,98.4,98.49,340,334747850,20184,20113,99.74,97.38,98.56,98.554,0,98.49,0,0,0,2017-04-18,33428100,98.475,5,0,0,0,0,0,0,0,0,98.48,3,0,0,0,0,0,0,0,0
195,2017-04-18,09:17:10,100,TF1706,CCFX,98.47,98.4,98.49,340,334747850,20184,20113,99.74,97.38,98.56,98.554,0,98.49,0,0,0,2017-04-18,33430100,98.475,5,0,0,0,0,0,0,0,0,98.48,3,0,0,0,0,0,0,0,0
196,2017-04-18,09:17:10,600,TF1706,CCFX,98.475,98.4,98.49,341,335732600,20184,20113,99.74,97.38,98.56,98.554,0,98.49,0,0,0,2017-04-18,33430600,98.475,4,0,0,0,0,0,0,0,0,98.48,3,0,0,0,0,0,0,0,0
197,2017-04-18,09:17:11,100,TF1706,CCFX,98.475,98.4,98.49,345,339671600,20187,20113,99.74,97.38,98.56,98.554,0,98.49,0,0,0,2017-04-18,33431100,98.47,13,0,0,0,0,0,0,0,0,98.475,3,0,0,0,0,0,0,0,0
198,2017-04-18,09:17:11,600,TF1706,CCFX,98.475,98.4,98.49,348,342625850,20190,20113,99.74,97.38,98.56,98.554,0,98.49,0,0,0,2017-04-18,33431600,98.475,2,0,0,0,0,0,0,0,0,98.48,3,0,0,0,0,0,0,0,0
199,2017-04-18,09:17:12,100,TF1706,CCFX,98.475,98.4,98.49,348,342625850,20190,20113,99.74,97.38,98.56,98.554,0,98.49,0,0,0,2017-04-18,33432100,98.475,1,0,0,0,0,0,0,0,0,98.48,5,0,0,0,0,0,0,0,0
200,2017-04-18,09:17:12,600,TF1706,CCFX,98.475,98.4,98.49,349,343610600,20190,20113,99.74,97.38,98.56,98.554,0,98.49,0,0,0,2017-04-18,33432600,98.47,10,0,0,0,0,0,0,0,0,98.475,2,0,0,0,0,0,0,0,0
201,2017-04-18,09:17:13,100,TF1706,CCFX,98.475,98.4,98.49,349,343610600,20190,20113,99.74,97.38,98.56,98.554,0,98.49,0,0,0,2017-04-18,33433100,98.47,10,0,0,0,0,0,0,0,0,98.48,6,0,0,0,0,0,0,0,0
202,2017-04-18,09:17:14,100,TF1706,CCFX,98.475,98.4,98.49,349,343610600,20190,20113,99.74,97.38,98.56,98.554,0,98.49,0,0,0,2017-04-18,33434100,98.47,10,0,0,0,0,0,0,0,0,98.48,6,0,0,0,0,0,0,0,0
203,2017-04-18,09:17:15,600,TF1706,CCFX,98.475,98.4,98.49,349,343610600,20190,20113,99.74,97.38,98.56,98.554,0,98.49,0,0,0,2017-04-18,33435600,98.47,10,0,0,0,0,0,0,0,0,98.48,6,0,0,0,0,0,0,0,0
204,2017-04-18,09:17:16,100,TF1706,CCFX,98.475,98.4,98.49,349,343610600,20190,20113,99.74,97.38,98.56,98.554,0,98.49,0,0,0,2017-04-18,33436100,98.47,10,0,0,0,0,0,0,0,0,98.48,6,0,0,0,0,0,0,0,0
205,2017-04-18,09:17:17,600,TF1706,CCFX,98.475,98.4,98.49,349,343610600,20190,20113,99.74,97.38,98.56,98.554,0,98.49,0,0,0,2017-04-18,33437600,98.47,10,0,0,0,0,0,0,0,0,98.475,1,0,0,0,0,0,0,0,0
206,2017-04-18,09:17:18,100,TF1706,CCFX,98.475,98.4,98.49,349,343610600,20190,20113,99.74,97.38,98.56,98.554,0,98.49,0,0,0,2017-04-18,33438100,98.47,10,0,0,0,0,0,0,0,0,98.475,3,0,0,0,0,0,0,0,0
207,2017-04-18,09:17:18,600,TF1706,CCFX,98.475,98.4,98.49,349,343610600,20190,20113,99.74,97.38,98.56,98.554,0,98.49,0,0,0,2017-04-18,33438600,98.47,10,0,0,0,0,0,0,0,0,98.475,4,0,0,0,0,0,0,0,0
208,2017-04-18,09:17:19,100,TF1706,CCFX,98.47,98.4,98.49,351,345580000,20190,20113,99.74,97.38,98.56,98.554,0,98.49,0,0,0,2017-04-18,33439100,98.47,8,0,0,0,0,0,0,0,0,98.475,4,0,0,0,0,0,0,0,0
209,2017-04-18,09:17:20,100,TF1706,CCFX,98.47,98.4,98.49,351,345580000,20190,20113,99.74,97.38,98.56,98.554,0,98.49,0,0,0,2017-04-18,33440100,98.47,8,0,0,0,0,0,0,0,0,98.475,4,0,0,0,0,0,0,0,0
210,2017-04-18,09:17:20,600,TF1706,CCFX,98.47,98.4,98.49,351,345580000,20190,20113,99.74,97.38,98.56,98.554,0,98.49,0,0,0,2017-04-18,33440600,98.47,8,0,0,0,0,0,0,0,0,98.475,3,0,0,0,0,0,0,0,0
211,2017-04-18,09:17:21,100,TF1706,CCFX,98.47,98.4,98.49,351,345580000,20190,20113,99.74,97.38,98.56,98.554,0,98.49,0,0,0,2017-04-18,33441100,98.47,8,0,0,0,0,0,0,0,0,98.475,4,0,0,0,0,0,0,0,0
212,2017-04-18,09:17:21,600,TF1706,CCFX,98.47,98.4,98.49,351,345580000,20190,20113,99.74,97.38,98.56,98.554,0,98.49,0,0,0,2017-04-18,33441600,98.47,8,0,0,0,0,0,0,0,0,98.475,4,0,0,0,0,0,0,0,0
213,2017-04-18,09:17:22,100,TF1706,CCFX,98.47,98.4,98.49,351,345580000,20190,20113,99.74,97.38,98.56,98.554,0,98.49,0,0,0,2017-04-18,33442100,98.47,8,0,0,0,0,0,0,0,0,98.475,4,0,0,0,0,0,0,0,0
214,2017-04-18,09:17:23,600,TF1706,CCFX,98.47,98.4,98.49,351,345580000,20190,20113,99.74,97.38,98.56,98.554,0,98.49,0,0,0,2017-04-18,33443600,98.47,8,0,0,0,0,0,0,0,0,98.475,6,0,0,0,0,0,0,0,0
215,2017-04-18,09:17:24,100,TF1706,CCFX,98.47,98.4,98.49,351,345580000,20190,20113,99.74,97.38,98.56,98.554,0,98.49,0,0,0,2017-04-18,33444100,98.47,8,0,0,0,0,0,0,0,0,98.475,5,0,0,0,0,0,0,0,0
216,2017-04-18,09:17:24,600,TF1706,CCFX,98.47,98.4,98.49,351,345580000,20190,20113,99.74,97.38,98.56,98.554,0,98.49,0,0,0,2017-04-18,33444600,98.47,8,0,0,0,0,0,0,0,0,98.475,9,0,0,0,0,0,0,0,0
217,2017-04-18,09:17:26,100,TF1706,CCFX,98.47,98.4,98.49,351,345580000,20190,20113,99.74,97.38,98.56,98.554,0,98.49,0,0,0,2017-04-18,33446100,98.47,9,0,0,0,0,0,0,0,0,98.475,9,0,0,0,0,0,0,0,0
218,2017-04-18,09:17:29,100,TF1706,CCFX,98.47,98.4,98.49,351,345580000,20190,20113,99.74,97.38,98.56,98.554,0,98.49,0,0,0,2017-04-18,33449100,98.47,9,0,0,0,0,0,0,0,0,98.475,7,0,0,0,0,0,0,0,0
219,2017-04-18,09:17:30,600,TF1706,CCFX,98.47,98.4,98.49,351,345580000,20190,20113,99.74,97.38,98.56,98.554,0,98.49,0,0,0,2017-04-18,33450600,98.47,9,0,0,0,0,0,0,0,0,98.475,3,0,0,0,0,0,0,0,0
220,2017-04-18,09:17:31,600,TF1706,CCFX,98.47,98.4,98.49,353,347549400,20192,20113,99.74,97.38,98.56,98.554,0,98.49,0,0,0,2017-04-18,33451600,98.47,7,0,0,0,0,0,0,0,0,98.475,3,0,0,0,0,0,0,0,0
221,2017-04-18,09:17:32,100,TF1706,CCFX,98.47,98.4,98.49,353,347549400,20192,20113,99.74,97.38,98.56,98.554,0,98.49,0,0,0,2017-04-18,33452100,98.47,7,0,0,0,0,0,0,0,0,98.475,3,0,0,0,0,0,0,0,0
222,2017-04-18,09:17:32,600,TF1706,CCFX,98.47,98.4,98.49,357,351488200,20196,20113,99.74,97.38,98.56,98.554,0,98.49,0,0,0,2017-04-18,33452600,98.47,3,0,0,0,0,0,0,0,0,98.475,3,0,0,0,0,0,0,0,0
223,2017-04-18,09:17:35,100,TF1706,CCFX,98.47,98.4,98.49,360,354442300,20196,20113,99.74,97.38,98.56,98.554,0,98.49,0,0,0,2017-04-18,33455100,98.465,3,0,0,0,0,0,0,0,0,98.475,3,0,0,0,0,0,0,0,0
224,2017-04-18,09:17:35,600,TF1706,CCFX,98.47,98.4,98.49,360,354442300,20196,20113,99.74,97.38,98.56,98.554,0,98.49,0,0,0,2017-04-18,33455600,98.465,3,0,0,0,0,0,0,0,0,98.47,8,0,0,0,0,0,0,0,0
225,2017-04-18,09:17:36,100,TF1706,CCFX,98.47,98.4,98.49,360,354442300,20196,20113,99.74,97.38,98.56,98.554,0,98.49,0,0,0,2017-04-18,33456100,98.465,2,0,0,0,0,0,0,0,0,98.47,5,0,0,0,0,0,0,0,0
226,2017-04-18,09:17:36,600,TF1706,CCFX,98.47,98.4,98.49,360,354442300,20196,20113,99.74,97.38,98.56,98.554,0,98.49,0,0,0,2017-04-18,33456600,98.465,2,0,0,0,0,0,0,0,0,98.47,5,0,0,0,0,0,0,0,0
227,2017-04-18,09:17:37,100,TF1706,CCFX,98.47,98.4,98.49,360,354442300,20196,20113,99.74,97.38,98.56,98.554,0,98.49,0,0,0,2017-04-18,33457100,98.465,2,0,0,0,0,0,0,0,0,98.47,5,0,0,0,0,0,0,0,0
228,2017-04-18,09:17:37,600,TF1706,CCFX,98.47,98.4,98.49,360,354442300,20196,20113,99.74,97.38,98.56,98.554,0,98.49,0,0,0,2017-04-18,33457600,98.465,2,0,0,0,0,0,0,0,0,98.47,7,0,0,0,0,0,0,0,0
229,2017-04-18,09:17:38,600,TF1706,CCFX,98.47,98.4,98.49,360,354442300,20196,20113,99.74,97.38,98.56,98.554,0,98.49,0,0,0,2017-04-18,33458600,98.465,2,0,0,0,0,0,0,0,0,98.47,7,0,0,0,0,0,0,0,0
230,2017-04-18,09:17:42,100,TF1706,CCFX,98.47,98.4,98.49,364,358381100,20195,20113,99.74,97.38,98.56,98.554,0,98.49,0,0,0,2017-04-18,33462100,98.47,6,0,0,0,0,0,0,0,0,98.475,3,0,0,0,0,0,0,0,0
231,2017-04-18,09:17:42,600,TF1706,CCFX,98.47,98.4,98.49,370,364289300,20193,20113,99.74,97.38,98.56,98.554,0,98.49,0,0,0,2017-04-18,33462600,98.465,2,0,0,0,0,0,0,0,0,98.475,7,0,0,0,0,0,0,0,0
232,2017-04-18,09:17:43,100,TF1706,CCFX,98.47,98.4,98.49,370,364289300,20193,20113,99.74,97.38,98.56,98.554,0,98.49,0,0,0,2017-04-18,33463100,98.465,2,0,0,0,0,0,0,0,0,98.475,3,0,0,0,0,0,0,0,0
233,2017-04-18,09:17:46,100,TF1706,CCFX,98.475,98.4,98.49,372,366258800,20192,20113,99.74,97.38,98.56,98.554,0,98.49,0,0,0,2017-04-18,33466100,98.465,2,0,0,0,0,0,0,0,0,98.475,1,0,0,0,0,0,0,0,0
234,2017-04-18,09:17:46,600,TF1706,CCFX,98.475,98.4,98.49,372,366258800,20192,20113,99.74,97.38,98.56,98.554,0,98.49,0,0,0,2017-04-18,33466600,98.47,1,0,0,0,0,0,0,0,0,98.475,1,0,0,0,0,0,0,0,0
235,2017-04-18,09:17:47,100,TF1706,CCFX,98.475,98.4,98.49,372,366258800,20192,20113,99.74,97.38,98.56,98.554,0,98.49,0,0,0,2017-04-18,33467100,98.47,2,0,0,0,0,0,0,0,0,98.475,1,0,0,0,0,0,0,0,0
236,2017-04-18,09:17:47,600,TF1706,CCFX,98.475,98.4,98.49,372,366258800,20192,20113,99.74,97.38,98.56,98.554,0,98.49,0,0,0,2017-04-18,33467600,98.47,2,0,0,0,0,0,0,0,0,98.48,6,0,0,0,0,0,0,0,0
237,2017-04-18,09:17:48,600,TF1706,CCFX,98.475,98.4,98.49,372,366258800,20192,20113,99.74,97.38,98.56,98.554,0,98.49,0,0,0,2017-04-18,33468600,98.47,2,0,0,0,0,0,0,0,0,98.475,2,0,0,0,0,0,0,0,0
238,2017-04-18,09:17:49,600,TF1706,CCFX,98.475,98.4,98.49,372,366258800,20192,20113,99.74,97.38,98.56,98.554,0,98.49,0,0,0,2017-04-18,33469600,98.47,2,0,0,0,0,0,0,0,0,98.475,2,0,0,0,0,0,0,0,0
239,2017-04-18,09:17:50,600,TF1706,CCFX,98.47,98.4,98.49,373,367243500,20192,20113,99.74,97.38,98.56,98.554,0,98.49,0,0,0,2017-04-18,33470600,98.47,1,0,0,0,0,0,0,0,0,98.475,2,0,0,0,0,0,0,0,0
240,2017-04-18,09:17:52,600,TF1706,CCFX,98.47,98.4,98.49,373,367243500,20192,20113,99.74,97.38,98.56,98.554,0,98.49,0,0,0,2017-04-18,33472600,98.47,1,0,0,0,0,0,0,0,0,98.475,2,0,0,0,0,0,0,0,0
241,2017-04-18,09:17:53,100,TF1706,CCFX,98.475,98.4,98.49,375,369213000,20190,20113,99.74,97.38,98.56,98.554,0,98.49,0,0,0,2017-04-18,33473100,98.47,1,0,0,0,0,0,0,0,0,98.48,9,0,0,0,0,0,0,0,0
242,2017-04-18,09:17:54,100,TF1706,CCFX,98.475,98.4,98.49,375,369213000,20190,20113,99.74,97.38,98.56,98.554,0,98.49,0,0,0,2017-04-18,33474100,98.47,1,0,0,0,0,0,0,0,0,98.48,9,0,0,0,0,0,0,0,0
243,2017-04-18,09:17:54,600,TF1706,CCFX,98.475,98.4,98.49,375,369213000,20190,20113,99.74,97.38,98.56,98.554,0,98.49,0,0,0,2017-04-18,33474600,98.47,1,0,0,0,0,0,0,0,0,98.475,4,0,0,0,0,0,0,0,0
244,2017-04-18,09:17:55,100,TF1706,CCFX,98.475,98.4,98.49,375,369213000,20190,20113,99.74,97.38,98.56,98.554,0,98.49,0,0,0,2017-04-18,33475100,98.47,1,0,0,0,0,0,0,0,0,98.48,9,0,0,0,0,0,0,0,0
245,2017-04-18,09:17:55,600,TF1706,CCFX,98.475,98.4,98.49,375,369213000,20190,20113,99.74,97.38,98.56,98.554,0,98.49,0,0,0,2017-04-18,33475600,98.47,1,0,0,0,0,0,0,0,0,98.475,1,0,0,0,0,0,0,0,0
246,2017-04-18,09:17:58,600,TF1706,CCFX,98.475,98.4,98.49,375,369213000,20190,20113,99.74,97.38,98.56,98.554,0,98.49,0,0,0,2017-04-18,33478600,98.47,1,0,0,0,0,0,0,0,0,98.475,1,0,0,0,0,0,0,0,0
247,2017-04-18,09:17:59,100,TF1706,CCFX,98.465,98.4,98.49,379,373151650,20191,20113,99.74,97.38,98.56,98.554,0,98.49,0,0,0,2017-04-18,33479100,98.46,3,0,0,0,0,0,0,0,0,98.47,2,0,0,0,0,0,0,0,0
248,2017-04-18,09:17:59,600,TF1706,CCFX,98.465,98.4,98.49,379,373151650,20191,20113,99.74,97.38,98.56,98.554,0,98.49,0,0,0,2017-04-18,33479600,98.46,3,0,0,0,0,0,0,0,0,98.475,3,0,0,0,0,0,0,0,0
249,2017-04-18,09:18:00,100,TF1706,CCFX,98.465,98.4,98.49,379,373151650,20191,20113,99.74,97.38,98.56,98.554,0,98.49,0,0,0,2017-04-18,33480100,98.46,3,0,0,0,0,0,0,0,0,98.465,4,0,0,0,0,0,0,0,0
250,2017-04-18,09:18:00,600,TF1706,CCFX,98.465,98.4,98.49,379,373151650,20191,20113,99.74,97.38,98.56,98.554,0,98.49,0,0,0,2017-04-18,33480600,98.46,3,0,0,0,0,0,0,0,0,98.47,3,0,0,0,0,0,0,0,0
251,2017-04-18,09:18:01,100,TF1706,CCFX,98.46,98.4,98.49,381,375120850,20189,20113,99.74,97.38,98.56,98.554,0,98.49,0,0,0,2017-04-18,33481100,98.46,1,0,0,0,0,0,0,0,0,98.47,3,0,0,0,0,0,0,0,0
252,2017-04-18,09:18:01,600,TF1706,CCFX,98.46,98.4,98.49,381,375120850,20189,20113,99.74,97.38,98.56,98.554,0,98.49,0,0,0,2017-04-18,33481600,98.46,1,0,0,0,0,0,0,0,0,98.465,4,0,0,0,0,0,0,0,0
253,2017-04-18,09:18:02,100,TF1706,CCFX,98.46,98.4,98.49,381,375120850,20189,20113,99.74,97.38,98.56,98.554,0,98.49,0,0,0,2017-04-18,33482100,98.46,1,0,0,0,0,0,0,0,0,98.465,3,0,0,0,0,0,0,0,0
254,2017-04-18,09:18:02,600,TF1706,CCFX,98.46,98.4,98.49,381,375120850,20189,20113,99.74,97.38,98.56,98.554,0,98.49,0,0,0,2017-04-18,33482600,98.46,2,0,0,0,0,0,0,0,0,98.465,3,0,0,0,0,0,0,0,0
255,2017-04-18,09:18:04,100,TF1706,CCFX,98.46,98.4,98.49,381,375120850,20189,20113,99.74,97.38,98.56,98.554,0,98.49,0,0,0,2017-04-18,33484100,98.46,2,0,0,0,0,0,0,0,0,98.465,3,0,0,0,0,0,0,0,0
256,2017-04-18,09:18:04,600,TF1706,CCFX,98.46,98.4,98.49,383,377090050,20189,20113,99.74,97.38,98.56,98.554,0,98.49,0,0,0,2017-04-18,33484600,98.45,11,0,0,0,0,0,0,0,0,98.455,1,0,0,0,0,0,0,0,0
257,2017-04-18,09:18:05,100,TF1706,CCFX,98.455,98.4,98.49,387,381028250,20190,20113,99.74,97.38,98.56,98.554,0,98.49,0,0,0,2017-04-18,33485100,98.45,11,0,0,0,0,0,0,0,0,98.46,2,0,0,0,0,0,0,0,0
258,2017-04-18,09:18:05,600,TF1706,CCFX,98.455,98.4,98.49,387,381028250,20190,20113,99.74,97.38,98.56,98.554,0,98.49,0,0,0,2017-04-18,33485600,98.45,11,0,0,0,0,0,0,0,0,98.46,2,0,0,0,0,0,0,0,0
259,2017-04-18,09:18:06,100,TF1706,CCFX,98.455,98.4,98.49,387,381028250,20190,20113,99.74,97.38,98.56,98.554,0,98.49,0,0,0,2017-04-18,33486100,98.45,11,0,0,0,0,0,0,0,0,98.46,3,0,0,0,0,0,0,0,0
260,2017-04-18,09:18:06,600,TF1706,CCFX,98.455,98.4,98.49,387,381028250,20190,20113,99.74,97.38,98.56,98.554,0,98.49,0,0,0,2017-04-18,33486600,98.45,11,0,0,0,0,0,0,0,0,98.455,1,0,0,0,0,0,0,0,0
261,2017-04-18,09:18:07,100,TF1706,CCFX,98.45,98.4,98.49,395,388904250,20190,20113,99.74,97.38,98.56,98.554,0,98.49,0,0,0,2017-04-18,33487100,98.45,3,0,0,0,0,0,0,0,0,98.455,2,0,0,0,0,0,0,0,0
262,2017-04-18,09:18:07,600,TF1706,CCFX,98.445,98.4,98.49,399,392842200,20189,20113,99.74,97.38,98.56,98.554,0,98.49,0,0,0,2017-04-18,33487600,98.44,2,0,0,0,0,0,0,0,0,98.45,9,0,0,0,0,0,0,0,0
263,2017-04-18,09:18:08,100,TF1706,CCFX,98.45,98.4,98.49,400,393826700,20189,20113,99.74,97.38,98.56,98.554,0,98.49,0,0,0,2017-04-18,33488100,98.44,2,0,0,0,0,0,0,0,0,98.45,3,0,0,0,0,0,0,0,0
264,2017-04-18,09:18:08,600,TF1706,CCFX,98.45,98.4,98.49,400,393826700,20189,20113,99.74,97.38,98.56,98.554,0,98.49,0,0,0,2017-04-18,33488600,98.44,2,0,0,0,0,0,0,0,0,98.45,3,0,0,0,0,0,0,0,0
265,2017-04-18,09:18:09,100,TF1706,CCFX,98.45,98.4,98.49,400,393826700,20189,20113,99.74,97.38,98.56,98.554,0,98.49,0,0,0,2017-04-18,33489100,98.44,2,0,0,0,0,0,0,0,0,98.45,4,0,0,0,0,0,0,0,0
266,2017-04-18,09:18:09,600,TF1706,CCFX,98.45,98.4,98.49,400,393826700,20189,20113,99.74,97.38,98.56,98.554,0,98.49,0,0,0,2017-04-18,33489600,98.44,2,0,0,0,0,0,0,0,0,98.445,1,0,0,0,0,0,0,0,0
267,2017-04-18,09:18:10,100,TF1706,CCFX,98.445,98.4,98.49,403,396780050,20188,20113,99.74,97.38,98.56,98.554,0,98.49,0,0,0,2017-04-18,33490100,98.445,5,0,0,0,0,0,0,0,0,98.45,2,0,0,0,0,0,0,0,0
268,2017-04-18,09:18:10,600,TF1706,CCFX,98.445,98.4,98.49,404,397764500,20188,20113,99.74,97.38,98.56,98.554,0,98.49,0,0,0,2017-04-18,33490600,98.44,2,0,0,0,0,0,0,0,0,98.45,2,0,0,0,0,0,0,0,0
269,2017-04-18,09:18:11,100,TF1706,CCFX,98.45,98.4,98.49,406,399733500,20187,20113,99.74,97.38,98.56,98.554,0,98.49,0,0,0,2017-04-18,33491100,98.445,4,0,0,0,0,0,0,0,0,98.455,2,0,0,0,0,0,0,0,0
270,2017-04-18,09:18:11,600,TF1706,CCFX,98.455,98.4,98.49,408,401702600,20186,20113,99.74,97.38,98.56,98.554,0,98.49,0,0,0,2017-04-18,33491600,98.45,5,0,0,0,0,0,0,0,0,98.46,1,0,0,0,0,0,0,0,0
271,2017-04-18,09:18:12,100,TF1706,CCFX,98.46,98.4,98.49,409,402687200,20185,20113,99.74,97.38,98.56,98.554,0,98.49,0,0,0,2017-04-18,33492100,98.455,4,0,0,0,0,0,0,0,0,98.465,3,0,0,0,0,0,0,0,0
272,2017-04-18,09:18:12,600,TF1706,CCFX,98.46,98.4,98.49,409,402687200,20185,20113,99.74,97.38,98.56,98.554,0,98.49,0,0,0,2017-04-18,33492600,98.455,2,0,0,0,0,0,0,0,0,98.465,3,0,0,0,0,0,0,0,0
273,2017-04-18,09:18:13,100,TF1706,CCFX,98.455,98.4,98.49,411,404656300,20187,20113,99.74,97.38,98.56,98.554,0,98.49,0,0,0,2017-04-18,33493100,98.45,2,0,0,0,0,0,0,0,0,98.46,7,0,0,0,0,0,0,0,0
274,2017-04-18,09:18:13,600,TF1706,CCFX,98.45,98.4,98.49,413,406625300,20187,20113,99.74,97.38,98.56,98.554,0,98.49,0,0,0,2017-04-18,33493600,98.445,1,0,0,0,0,0,0,0,0,98.45,2,0,0,0,0,0,0,0,0
275,2017-04-18,09:18:14,100,TF1706,CCFX,98.45,98.4,98.49,415,408594300,20188,20113,99.74,97.38,98.56,98.554,0,98.49,0,0,0,2017-04-18,33494100,98.45,1,0,0,0,0,0,0,0,0,98.46,4,0,0,0,0,0,0,0,0
276,2017-04-18,09:18:14,600,TF1706,CCFX,98.45,98.4,98.49,415,408594300,20188,20113,99.74,97.38,98.56,98.554,0,98.49,0,0,0,2017-04-18,33494600,98.445,1,0,0,0,0,0,0,0,0,98.455,2,0,0,0,0,0,0,0,0
277,2017-04-18,09:18:15,100,TF1706,CCFX,98.44,98.4,98.49,417,410563150,20188,20113,99.74,97.38,98.56,98.554,0,98.49,0,0,0,2017-04-18,33495100,98.435,1,0,0,0,0,0,0,0,0,98.455,3,0,0,0,0,0,0,0,0
278,2017-04-18,09:18:15,600,TF1706,CCFX,98.44,98.4,98.49,417,410563150,20188,20113,99.74,97.38,98.56,98.554,0,98.49,0,0,0,2017-04-18,33495600,98.435,1,0,0,0,0,0,0,0,0,98.45,1,0,0,0,0,0,0,0,0
279,2017-04-18,09:18:16,100,TF1706,CCFX,98.44,98.4,98.49,417,410563150,20188,20113,99.74,97.38,98.56,98.554,0,98.49,0,0,0,2017-04-18,33496100,98.44,1,0,0,0,0,0,0,0,0,98.45,1,0,0,0,0,0,0,0,0
280,2017-04-18,09:18:16,600,TF1706,CCFX,98.44,98.4,98.49,417,410563150,20188,20113,99.74,97.38,98.56,98.554,0,98.49,0,0,0,2017-04-18,33496600,98.44,1,0,0,0,0,0,0,0,0,98.45,3,0,0,0,0,0,0,0,0
281,2017-04-18,09:18:17,100,TF1706,CCFX,98.44,98.4,98.49,417,410563150,20188,20113,99.74,97.38,98.56,98.554,0,98.49,0,0,0,2017-04-18,33497100,98.435,2,0,0,0,0,0,0,0,0,98.45,3,0,0,0,0,0,0,0,0
282,2017-04-18,09:18:18,100,TF1706,CCFX,98.44,98.4,98.49,417,410563150,20188,20113,99.74,97.38,98.56,98.554,0,98.49,0,0,0,2017-04-18,33498100,98.435,2,0,0,0,0,0,0,0,0,98.445,1,0,0,0,0,0,0,0,0
283,2017-04-18,09:18:18,600,TF1706,CCFX,98.44,98.4,98.49,417,410563150,20188,20113,99.74,97.38,98.56,98.554,0,98.49,0,0,0,2017-04-18,33498600,98.435,2,0,0,0,0,0,0,0,0,98.445,2,0,0,0,0,0,0,0,0
284,2017-04-18,09:18:19,100,TF1706,CCFX,98.44,98.4,98.49,417,410563150,20188,20113,99.74,97.38,98.56,98.554,0,98.49,0,0,0,2017-04-18,33499100,98.435,1,0,0,0,0,0,0,0,0,98.445,2,0,0,0,0,0,0,0,0
285,2017-04-18,09:18:20,100,TF1706,CCFX,98.445,98.4,98.49,418,411547600,20189,20113,99.74,97.38,98.56,98.554,0,98.49,0,0,0,2017-04-18,33500100,98.435,1,0,0,0,0,0,0,0,0,98.445,1,0,0,0,0,0,0,0,0
286,2017-04-18,09:18:20,600,TF1706,CCFX,98.445,98.4,98.49,419,412532050,20189,20113,99.74,97.38,98.56,98.554,0,98.49,0,0,0,2017-04-18,33500600,98.445,3,0,0,0,0,0,0,0,0,98.45,3,0,0,0,0,0,0,0,0
287,2017-04-18,09:18:21,100,TF1706,CCFX,98.445,98.4,98.49,422,415485400,20186,20113,99.74,97.38,98.56,98.554,0,98.49,0,0,0,2017-04-18,33501100,98.435,1,0,0,0,0,0,0,0,0,98.445,3,0,0,0,0,0,0,0,0
288,2017-04-18,09:18:21,600,TF1706,CCFX,98.445,98.4,98.49,422,415485400,20186,20113,99.74,97.38,98.56,98.554,0,98.49,0,0,0,2017-04-18,33501600,98.435,2,0,0,0,0,0,0,0,0,98.445,2,0,0,0,0,0,0,0,0
289,2017-04-18,09:18:22,600,TF1706,CCFX,98.445,98.4,98.49,422,415485400,20186,20113,99.74,97.38,98.56,98.554,0,98.49,0,0,0,2017-04-18,33502600,98.44,1,0,0,0,0,0,0,0,0,98.445,2,0,0,0,0,0,0,0,0
290,2017-04-18,09:18:23,100,TF1706,CCFX,98.44,98.4,98.49,423,416469800,20186,20113,99.74,97.38,98.56,98.554,0,98.49,0,0,0,2017-04-18,33503100,98.435,2,0,0,0,0,0,0,0,0,98.445,2,0,0,0,0,0,0,0,0
291,2017-04-18,09:18:23,600,TF1706,CCFX,98.435,98.4,98.49,425,418438500,20186,20113,99.74,97.38,98.56,98.554,0,98.49,0,0,0,2017-04-18,33503600,98.43,3,0,0,0,0,0,0,0,0,98.445,1,0,0,0,0,0,0,0,0
292,2017-04-18,09:18:24,100,TF1706,CCFX,98.43,98.4,98.49,429,422375800,20185,20113,99.74,97.38,98.56,98.554,0,98.49,0,0,0,2017-04-18,33504100,98.43,1,0,0,0,0,0,0,0,0,98.445,1,0,0,0,0,0,0,0,0
293,2017-04-18,09:18:24,600,TF1706,CCFX,98.43,98.4,98.49,429,422375800,20185,20113,99.74,97.38,98.56,98.554,0,98.49,0,0,0,2017-04-18,33504600,98.43,1,0,0,0,0,0,0,0,0,98.44,2,0,0,0,0,0,0,0,0
294,2017-04-18,09:18:25,100,TF1706,CCFX,98.43,98.4,98.49,429,422375800,20185,20113,99.74,97.38,98.56,98.554,0,98.49,0,0,0,2017-04-18,33505100,98.43,2,0,0,0,0,0,0,0,0,98.44,1,0,0,0,0,0,0,0,0
295,2017-04-18,09:18:25,600,TF1706,CCFX,98.43,98.4,98.49,429,422375800,20185,20113,99.74,97.38,98.56,98.554,0,98.49,0,0,0,2017-04-18,33505600,98.43,2,0,0,0,0,0,0,0,0,98.44,2,0,0,0,0,0,0,0,0
296,2017-04-18,09:18:26,100,TF1706,CCFX,98.43,98.4,98.49,429,422375800,20185,20113,99.74,97.38,98.56,98.554,0,98.49,0,0,0,2017-04-18,33506100,98.435,2,0,0,0,0,0,0,0,0,98.44,2,0,0,0,0,0,0,0,0
297,2017-04-18,09:18:26,600,TF1706,CCFX,98.43,98.4,98.49,429,422375800,20185,20113,99.74,97.38,98.56,98.554,0,98.49,0,0,0,2017-04-18,33506600,98.43,2,0,0,0,0,0,0,0,0,98.44,2,0,0,0,0,0,0,0,0
298,2017-04-18,09:18:27,600,TF1706,CCFX,98.43,98.4,98.49,429,422375800,20185,20113,99.74,97.38,98.56,98.554,0,98.49,0,0,0,2017-04-18,33507600,98.435,2,0,0,0,0,0,0,0,0,98.44,2,0,0,0,0,0,0,0,0
299,2017-04-18,09:18:28,100,TF1706,CCFX,98.44,98.4,98.49,430,423360200,20184,20113,99.74,97.38,98.56,98.554,0,98.49,0,0,0,2017-04-18,33508100,98.435,2,0,0,0,0,0,0,0,0,98.44,1,0,0,0,0,0,0,0,0
300,2017-04-18,09:18:28,600,TF1706,CCFX,98.44,98.4,98.49,431,424344600,20184,20113,99.74,97.38,98.56,98.554,0,98.49,0,0,0,2017-04-18,33508600,98.44,4,0,0,0,0,0,0,0,0,98.445,3,0,0,0,0,0,0,0,0
301,2017-04-18,09:18:29,100,TF1706,CCFX,98.44,98.4,98.49,431,424344600,20184,20113,99.74,97.38,98.56,98.554,0,98.49,0,0,0,2017-04-18,33509100,98.44,3,0,0,0,0,0,0,0,0,98.445,3,0,0,0,0,0,0,0,0
302,2017-04-18,09:18:29,600,TF1706,CCFX,98.44,98.4,98.49,431,424344600,20184,20113,99.74,97.38,98.56,98.554,0,98.49,0,0,0,2017-04-18,33509600,98.44,3,0,0,0,0,0,0,0,0,98.445,2,0,0,0,0,0,0,0,0
303,2017-04-18,09:18:30,100,TF1706,CCFX,98.445,98.4,98.49,434,427297950,20184,20113,99.74,97.38,98.56,98.554,0,98.49,0,0,0,2017-04-18,33510100,98.44,3,0,0,0,0,0,0,0,0,98.45,3,0,0,0,0,0,0,0,0
304,2017-04-18,09:18:30,600,TF1706,CCFX,98.44,98.4,98.49,437,430251150,20184,20113,99.74,97.38,98.56,98.554,0,98.49,0,0,0,2017-04-18,33510600,98.43,2,0,0,0,0,0,0,0,0,98.445,3,0,0,0,0,0,0,0,0
305,2017-04-18,09:18:31,100,TF1706,CCFX,98.44,98.4,98.49,437,430251150,20184,20113,99.74,97.38,98.56,98.554,0,98.49,0,0,0,2017-04-18,33511100,98.435,1,0,0,0,0,0,0,0,0,98.445,3,0,0,0,0,0,0,0,0
306,2017-04-18,09:18:31,600,TF1706,CCFX,98.44,98.4,98.49,437,430251150,20184,20113,99.74,97.38,98.56,98.554,0,98.49,0,0,0,2017-04-18,33511600,98.43,2,0,0,0,0,0,0,0,0,98.445,3,0,0,0,0,0,0,0,0
307,2017-04-18,09:18:32,100,TF1706,CCFX,98.44,98.4,98.49,437,430251150,20184,20113,99.74,97.38,98.56,98.554,0,98.49,0,0,0,2017-04-18,33512100,98.435,1,0,0,0,0,0,0,0,0,98.445,3,0,0,0,0,0,0,0,0
308,2017-04-18,09:18:33,100,TF1706,CCFX,98.435,98.4,98.49,438,431235500,20185,20113,99.74,97.38,98.56,98.554,0,98.49,0,0,0,2017-04-18,33513100,98.43,2,0,0,0,0,0,0,0,0,98.44,2,0,0,0,0,0,0,0,0
309,2017-04-18,09:18:33,600,TF1706,CCFX,98.435,98.4,98.49,438,431235500,20185,20113,99.74,97.38,98.56,98.554,0,98.49,0,0,0,2017-04-18,33513600,98.43,2,0,0,0,0,0,0,0,0,98.435,1,0,0,0,0,0,0,0,0
310,2017-04-18,09:18:34,100,TF1706,CCFX,98.43,98.4,98.49,440,433204100,20187,20113,99.74,97.38,98.56,98.554,0,98.49,0,0,0,2017-04-18,33514100,98.425,1,0,0,0,0,0,0,0,0,98.43,5,0,0,0,0,0,0,0,0
311,2017-04-18,09:18:34,600,TF1706,CCFX,98.43,98.4,98.49,440,433204100,20187,20113,99.74,97.38,98.56,98.554,0,98.49,0,0,0,2017-04-18,33514600,98.425,1,0,0,0,0,0,0,0,0,98.43,2,0,0,0,0,0,0,0,0
312,2017-04-18,09:18:36,100,TF1706,CCFX,98.43,98.4,98.49,440,433204100,20187,20113,99.74,97.38,98.56,98.554,0,98.49,0,0,0,2017-04-18,33516100,98.425,1,0,0,0,0,0,0,0,0,98.43,2,0,0,0,0,0,0,0,0
313,2017-04-18,09:18:36,600,TF1706,CCFX,98.43,98.4,98.49,441,434188400,20187,20113,99.74,97.38,98.56,98.554,0,98.49,0,0,0,2017-04-18,33516600,98.425,1,0,0,0,0,0,0,0,0,98.43,1,0,0,0,0,0,0,0,0
314,2017-04-18,09:18:38,100,TF1706,CCFX,98.43,98.4,98.49,442,435172700,20187,20113,99.74,97.38,98.56,98.554,0,98.49,0,0,0,2017-04-18,33518100,98.425,1,0,0,0,0,0,0,0,0,98.435,4,0,0,0,0,0,0,0,0
315,2017-04-18,09:18:38,600,TF1706,CCFX,98.43,98.4,98.49,442,435172700,20187,20113,99.74,97.38,98.56,98.554,0,98.49,0,0,0,2017-04-18,33518600,98.43,2,0,0,0,0,0,0,0,0,98.435,4,0,0,0,0,0,0,0,0
316,2017-04-18,09:18:39,100,TF1706,CCFX,98.435,98.4,98.49,446,439110100,20186,20113,99.74,97.38,98.56,98.554,0,98.49,0,0,0,2017-04-18,33519100,98.435,4,0,0,0,0,0,0,0,0,98.445,7,0,0,0,0,0,0,0,0
317,2017-04-18,09:18:39,600,TF1706,CCFX,98.445,98.4,98.49,450,443047900,20188,20113,99.74,97.38,98.56,98.554,0,98.49,0,0,0,2017-04-18,33519600,98.43,2,0,0,0,0,0,0,0,0,98.45,1,0,0,0,0,0,0,0,0
318,2017-04-18,09:18:40,100,TF1706,CCFX,98.445,98.4,98.49,450,443047900,20188,20113,99.74,97.38,98.56,98.554,0,98.49,0,0,0,2017-04-18,33520100,98.435,3,0,0,0,0,0,0,0,0,98.45,1,0,0,0,0,0,0,0,0
319,2017-04-18,09:18:40,600,TF1706,CCFX,98.445,98.4,98.49,450,443047900,20188,20113,99.74,97.38,98.56,98.554,0,98.49,0,0,0,2017-04-18,33520600,98.435,2,0,0,0,0,0,0,0,0,98.45,2,0,0,0,0,0,0,0,0
320,2017-04-18,09:18:41,100,TF1706,CCFX,98.445,98.4,98.49,450,443047900,20188,20113,99.74,97.38,98.56,98.554,0,98.49,0,0,0,2017-04-18,33521100,98.435,2,0,0,0,0,0,0,0,0,98.44,8,0,0,0,0,0,0,0,0
321,2017-04-18,09:18:41,600,TF1706,CCFX,98.445,98.4,98.49,450,443047900,20188,20113,99.74,97.38,98.56,98.554,0,98.49,0,0,0,2017-04-18,33521600,98.435,2,0,0,0,0,0,0,0,0,98.445,2,0,0,0,0,0,0,0,0
322,2017-04-18,09:18:42,600,TF1706,CCFX,98.445,98.4,98.49,450,443047900,20188,20113,99.74,97.38,98.56,98.554,0,98.49,0,0,0,2017-04-18,33522600,98.435,2,0,0,0,0,0,0,0,0,98.45,2,0,0,0,0,0,0,0,0
323,2017-04-18,09:18:43,100,TF1706,CCFX,98.445,98.4,98.49,450,443047900,20188,20113,99.74,97.38,98.56,98.554,0,98.49,0,0,0,2017-04-18,33523100,98.435,2,0,0,0,0,0,0,0,0,98.445,1,0,0,0,0,0,0,0,0
324,2017-04-18,09:18:43,600,TF1706,CCFX,98.445,98.4,98.49,450,443047900,20188,20113,99.74,97.38,98.56,98.554,0,98.49,0,0,0,2017-04-18,33523600,98.44,2,0,0,0,0,0,0,0,0,98.445,1,0,0,0,0,0,0,0,0
325,2017-04-18,09:18:44,100,TF1706,CCFX,98.445,98.4,98.49,450,443047900,20188,20113,99.74,97.38,98.56,98.554,0,98.49,0,0,0,2017-04-18,33524100,98.44,2,0,0,0,0,0,0,0,0,98.445,2,0,0,0,0,0,0,0,0
326,2017-04-18,09:18:44,600,TF1706,CCFX,98.445,98.4,98.49,450,443047900,20188,20113,99.74,97.38,98.56,98.554,0,98.49,0,0,0,2017-04-18,33524600,98.44,2,0,0,0,0,0,0,0,0,98.445,2,0,0,0,0,0,0,0,0
327,2017-04-18,09:18:45,100,TF1706,CCFX,98.445,98.4,98.49,450,443047900,20188,20113,99.74,97.38,98.56,98.554,0,98.49,0,0,0,2017-04-18,33525100,98.44,2,0,0,0,0,0,0,0,0,98.445,2,0,0,0,0,0,0,0,0
328,2017-04-18,09:18:46,100,TF1706,CCFX,98.435,98.4,98.49,454,446985400,20190,20113,99.74,97.38,98.56,98.554,0,98.49,0,0,0,2017-04-18,33526100,98.43,1,0,0,0,0,0,0,0,0,98.435,16,0,0,0,0,0,0,0,0
329,2017-04-18,09:18:46,600,TF1706,CCFX,98.445,98.4,98.49,472,464703900,20190,20113,99.74,97.38,98.56,98.554,0,98.49,0,0,0,2017-04-18,33526600,98.44,1,0,0,0,0,0,0,0,0,98.45,1,0,0,0,0,0,0,0,0
330,2017-04-18,09:18:47,100,TF1706,CCFX,98.445,98.4,98.49,472,464703900,20190,20113,99.74,97.38,98.56,98.554,0,98.49,0,0,0,2017-04-18,33527100,98.44,1,0,0,0,0,0,0,0,0,98.445,4,0,0,0,0,0,0,0,0
331,2017-04-18,09:18:47,600,TF1706,CCFX,98.445,98.4,98.49,472,464703900,20190,20113,99.74,97.38,98.56,98.554,0,98.49,0,0,0,2017-04-18,33527600,98.44,1,0,0,0,0,0,0,0,0,98.45,1,0,0,0,0,0,0,0,0
332,2017-04-18,09:18:48,100,TF1706,CCFX,98.445,98.4,98.49,472,464703900,20190,20113,99.74,97.38,98.56,98.554,0,98.49,0,0,0,2017-04-18,33528100,98.44,2,0,0,0,0,0,0,0,0,98.45,1,0,0,0,0,0,0,0,0
333,2017-04-18,09:18:48,600,TF1706,CCFX,98.44,98.4,98.49,474,466672700,20190,20113,99.74,97.38,98.56,98.554,0,98.49,0,0,0,2017-04-18,33528600,98.435,2,0,0,0,0,0,0,0,0,98.44,2,0,0,0,0,0,0,0,0
334,2017-04-18,09:18:49,100,TF1706,CCFX,98.435,98.4,98.49,476,468641400,20192,20113,99.74,97.38,98.56,98.554,0,98.49,0,0,0,2017-04-18,33529100,98.43,1,0,0,0,0,0,0,0,0,98.435,4,0,0,0,0,0,0,0,0
335,2017-04-18,09:18:49,600,TF1706,CCFX,98.435,98.4,98.49,476,468641400,20192,20113,99.74,97.38,98.56,98.554,0,98.49,0,0,0,2017-04-18,33529600,98.43,1,0,0,0,0,0,0,0,0,98.445,5,0,0,0,0,0,0,0,0
336,2017-04-18,09:18:50,100,TF1706,CCFX,98.435,98.4,98.49,476,468641400,20192,20113,99.74,97.38,98.56,98.554,0,98.49,0,0,0,2017-04-18,33530100,98.435,1,0,0,0,0,0,0,0,0,98.44,1,0,0,0,0,0,0,0,0
337,2017-04-18,09:18:50,600,TF1706,CCFX,98.435,98.4,98.49,477,469625750,20192,20113,99.74,97.38,98.56,98.554,0,98.49,0,0,0,2017-04-18,33530600,98.43,1,0,0,0,0,0,0,0,0,98.435,1,0,0,0,0,0,0,0,0
338,2017-04-18,09:18:51,100,TF1706,CCFX,98.435,98.4,98.49,478,470610100,20191,20113,99.74,97.38,98.56,98.554,0,98.49,0,0,0,2017-04-18,33531100,98.435,1,0,0,0,0,0,0,0,0,98.44,1,0,0,0,0,0,0,0,0
339,2017-04-18,09:18:51,600,TF1706,CCFX,98.435,98.4,98.49,479,471594450,20190,20113,99.74,97.38,98.56,98.554,0,98.49,0,0,0,2017-04-18,33531600,98.43,1,0,0,0,0,0,0,0,0,98.44,2,0,0,0,0,0,0,0,0
340,2017-04-18,09:18:52,100,TF1706,CCFX,98.435,98.4,98.49,479,471594450,20190,20113,99.74,97.38,98.56,98.554,0,98.49,0,0,0,2017-04-18,33532100,98.435,2,0,0,0,0,0,0,0,0,98.44,3,0,0,0,0,0,0,0,0
341,2017-04-18,09:18:54,600,TF1706,CCFX,98.44,98.4,98.49,482,474547650,20191,20113,99.74,97.38,98.56,98.554,0,98.49,0,0,0,2017-04-18,33534600,98.435,2,0,0,0,0,0,0,0,0,98.445,3,0,0,0,0,0,0,0,0
342,2017-04-18,09:18:55,100,TF1706,CCFX,98.425,98.4,98.49,488,480453400,20193,20113,99.74,97.38,98.56,98.554,0,98.49,0,0,0,2017-04-18,33535100,98.42,4,0,0,0,0,0,0,0,0,98.425,4,0,0,0,0,0,0,0,0
343,2017-04-18,09:18:55,600,TF1706,CCFX,98.425,98.4,98.49,492,484390400,20195,20113,99.74,97.38,98.56,98.554,0,98.49,0,0,0,2017-04-18,33535600,98.43,8,0,0,0,0,0,0,0,0,98.44,2,0,0,0,0,0,0,0,0
344,2017-04-18,09:18:56,100,TF1706,CCFX,98.44,98.4,98.49,494,486359200,20197,20113,99.74,97.38,98.56,98.554,0,98.49,0,0,0,2017-04-18,33536100,98.44,4,0,0,0,0,0,0,0,0,98.445,3,0,0,0,0,0,0,0,0
345,2017-04-18,09:18:56,600,TF1706,CCFX,98.44,98.4,98.49,498,490296800,20197,20113,99.74,97.38,98.56,98.554,0,98.49,0,0,0,2017-04-18,33536600,98.43,3,0,0,0,0,0,0,0,0,98.44,9,0,0,0,0,0,0,0,0
346,2017-04-18,09:18:57,100,TF1706,CCFX,98.44,98.4,98.49,498,490296800,20197,20113,99.74,97.38,98.56,98.554,0,98.49,0,0,0,2017-04-18,33537100,98.43,4,0,0,0,0,0,0,0,0,98.44,3,0,0,0,0,0,0,0,0
347,2017-04-18,09:18:58,100,TF1706,CCFX,98.44,98.4,98.49,498,490296800,20197,20113,99.74,97.38,98.56,98.554,0,98.49,0,0,0,2017-04-18,33538100,98.43,4,0,0,0,0,0,0,0,0,98.44,3,0,0,0,0,0,0,0,0
348,2017-04-18,09:18:58,600,TF1706,CCFX,98.44,98.4,98.49,498,490296800,20197,20113,99.74,97.38,98.56,98.554,0,98.49,0,0,0,2017-04-18,33538600,98.43,14,0,0,0,0,0,0,0,0,98.44,3,0,0,0,0,0,0,0,0
349,2017-04-18,09:18:59,100,TF1706,CCFX,98.44,98.4,98.49,498,490296800,20197,20113,99.74,97.38,98.56,98.554,0,98.49,0,0,0,2017-04-18,33539100,98.43,15,0,0,0,0,0,0,0,0,98.44,1,0,0,0,0,0,0,0,0
350,2017-04-18,09:18:59,600,TF1706,CCFX,98.44,98.4,98.49,498,490296800,20197,20113,99.74,97.38,98.56,98.554,0,98.49,0,0,0,2017-04-18,33539600,98.435,1,0,0,0,0,0,0,0,0,98.44,1,0,0,0,0,0,0,0,0
351,2017-04-18,09:19:00,100,TF1706,CCFX,98.44,98.4,98.49,498,490296800,20197,20113,99.74,97.38,98.56,98.554,0,98.49,0,0,0,2017-04-18,33540100,98.435,2,0,0,0,0,0,0,0,0,98.44,1,0,0,0,0,0,0,0,0
352,2017-04-18,09:19:02,600,TF1706,CCFX,98.44,98.4,98.49,499,491281200,20197,20113,99.74,97.38,98.56,98.554,0,98.49,0,0,0,2017-04-18,33542600,98.435,2,0,0,0,0,0,0,0,0,98.445,2,0,0,0,0,0,0,0,0
353,2017-04-18,09:19:03,100,TF1706,CCFX,98.445,98.4,98.49,501,493250050,20197,20113,99.74,97.38,98.56,98.554,0,98.49,0,0,0,2017-04-18,33543100,98.44,4,0,0,0,0,0,0,0,0,98.445,1,0,0,0,0,0,0,0,0
354,2017-04-18,09:19:03,600,TF1706,CCFX,98.445,98.4,98.49,502,494234500,20196,20113,99.74,97.38,98.56,98.554,0,98.49,0,0,0,2017-04-18,33543600,98.44,3,0,0,0,0,0,0,0,0,98.455,2,0,0,0,0,0,0,0,0
355,2017-04-18,09:19:04,100,TF1706,CCFX,98.44,98.4,98.49,505,497187700,20199,20113,99.74,97.38,98.56,98.554,0,98.49,0,0,0,2017-04-18,33544100,98.435,2,0,0,0,0,0,0,0,0,98.44,1,0,0,0,0,0,0,0,0
356,2017-04-18,09:19:04,600,TF1706,CCFX,98.44,98.4,98.49,506,498172100,20199,20113,99.74,97.38,98.56,98.554,0,98.49,0,0,0,2017-04-18,33544600,98.435,2,0,0,0,0,0,0,0,0,98.445,1,0,0,0,0,0,0,0,0
357,2017-04-18,09:19:05,100,TF1706,CCFX,98.44,98.4,98.49,506,498172100,20199,20113,99.74,97.38,98.56,98.554,0,98.49,0,0,0,2017-04-18,33545100,98.44,4,0,0,0,0,0,0,0,0,98.455,2,0,0,0,0,0,0,0,0
358,2017-04-18,09:19:05,600,TF1706,CCFX,98.44,98.4,98.49,506,498172100,20199,20113,99.74,97.38,98.56,98.554,0,98.49,0,0,0,2017-04-18,33545600,98.44,2,0,0,0,0,0,0,0,0,98.445,2,0,0,0,0,0,0,0,0
359,2017-04-18,09:19:06,100,TF1706,CCFX,98.445,98.4,98.49,509,501125400,20196,20113,99.74,97.38,98.56,98.554,0,98.49,0,0,0,2017-04-18,33546100,98.44,3,0,0,0,0,0,0,0,0,98.455,6,0,0,0,0,0,0,0,0
360,2017-04-18,09:19:06,600,TF1706,CCFX,98.45,98.4,98.49,510,502109900,20196,20113,99.74,97.38,98.56,98.554,0,98.49,0,0,0,2017-04-18,33546600,98.45,3,0,0,0,0,0,0,0,0,98.455,6,0,0,0,0,0,0,0,0
361,2017-04-18,09:19:07,100,TF1706,CCFX,98.45,98.4,98.49,513,505063400,20196,20113,99.74,97.38,98.56,98.554,0,98.49,0,0,0,2017-04-18,33547100,98.44,3,0,0,0,0,0,0,0,0,98.45,6,0,0,0,0,0,0,0,0
362,2017-04-18,09:19:07,600,TF1706,CCFX,98.45,98.4,98.49,513,505063400,20196,20113,99.74,97.38,98.56,98.554,0,98.49,0,0,0,2017-04-18,33547600,98.44,3,0,0,0,0,0,0,0,0,98.45,5,0,0,0,0,0,0,0,0
363,2017-04-18,09:19:08,600,TF1706,CCFX,98.45,98.4,98.49,513,505063400,20196,20113,99.74,97.38,98.56,98.554,0,98.49,0,0,0,2017-04-18,33548600,98.44,3,0,0,0,0,0,0,0,0,98.45,6,0,0,0,0,0,0,0,0
364,2017-04-18,09:19:10,600,TF1706,CCFX,98.45,98.4,98.49,513,505063400,20196,20113,99.74,97.38,98.56,98.554,0,98.49,0,0,0,2017-04-18,33550600,98.44,3,0,0,0,0,0,0,0,0,98.45,7,0,0,0,0,0,0,0,0
365,2017-04-18,09:19:11,100,TF1706,CCFX,98.45,98.4,98.49,513,505063400,20196,20113,99.74,97.38,98.56,98.554,0,98.49,0,0,0,2017-04-18,33551100,98.44,3,0,0,0,0,0,0,0,0,98.45,5,0,0,0,0,0,0,0,0
366,2017-04-18,09:19:11,600,TF1706,CCFX,98.45,98.4,98.49,513,505063400,20196,20113,99.74,97.38,98.56,98.554,0,98.49,0,0,0,2017-04-18,33551600,98.44,3,0,0,0,0,0,0,0,0,98.45,6,0,0,0,0,0,0,0,0
367,2017-04-18,09:19:13,600,TF1706,CCFX,98.44,98.4,98.49,514,506047800,20195,20113,99.74,97.38,98.56,98.554,0,98.49,0,0,0,2017-04-18,33553600,98.44,2,0,0,0,0,0,0,0,0,98.45,6,0,0,0,0,0,0,0,0
368,2017-04-18,09:19:14,100,TF1706,CCFX,98.44,98.4,98.49,514,506047800,20195,20113,99.74,97.38,98.56,98.554,0,98.49,0,0,0,2017-04-18,33554100,98.44,3,0,0,0,0,0,0,0,0,98.445,1,0,0,0,0,0,0,0,0
369,2017-04-18,09:19:14,600,TF1706,CCFX,98.45,98.4,98.49,516,508016750,20194,20113,99.74,97.38,98.56,98.554,0,98.49,0,0,0,2017-04-18,33554600,98.445,2,0,0,0,0,0,0,0,0,98.45,4,0,0,0,0,0,0,0,0
370,2017-04-18,09:19:16,600,TF1706,CCFX,98.45,98.4,98.49,518,509985750,20195,20113,99.74,97.38,98.56,98.554,0,98.49,0,0,0,2017-04-18,33556600,98.445,2,0,0,0,0,0,0,0,0,98.45,2,0,0,0,0,0,0,0,0
371,2017-04-18,09:19:17,100,TF1706,CCFX,98.45,98.4,98.49,518,509985750,20195,20113,99.74,97.38,98.56,98.554,0,98.49,0,0,0,2017-04-18,33557100,98.445,3,0,0,0,0,0,0,0,0,98.45,2,0,0,0,0,0,0,0,0
372,2017-04-18,09:19:17,600,TF1706,CCFX,98.45,98.4,98.49,520,511954750,20194,20113,99.74,97.38,98.56,98.554,0,98.49,0,0,0,2017-04-18,33557600,98.445,3,0,0,0,0,0,0,0,0,98.455,2,0,0,0,0,0,0,0,0
373,2017-04-18,09:19:18,600,TF1706,CCFX,98.45,98.4,98.49,520,511954750,20194,20113,99.74,97.38,98.56,98.554,0,98.49,0,0,0,2017-04-18,33558600,98.45,2,0,0,0,0,0,0,0,0,98.455,2,0,0,0,0,0,0,0,0
374,2017-04-18,09:19:19,100,TF1706,CCFX,98.45,98.4,98.49,521,512939250,20195,20113,99.74,97.38,98.56,98.554,0,98.49,0,0,0,2017-04-18,33559100,98.45,1,0,0,0,0,0,0,0,0,98.455,3,0,0,0,0,0,0,0,0
375,2017-04-18,09:19:19,600,TF1706,CCFX,98.445,98.4,98.49,523,514908200,20196,20113,99.74,97.38,98.56,98.554,0,98.49,0,0,0,2017-04-18,33559600,98.44,5,0,0,0,0,0,0,0,0,98.455,2,0,0,0,0,0,0,0,0
376,2017-04-18,09:19:20,100,TF1706,CCFX,98.445,98.4,98.49,523,514908200,20196,20113,99.74,97.38,98.56,98.554,0,98.49,0,0,0,2017-04-18,33560100,98.445,1,0,0,0,0,0,0,0,0,98.455,2,0,0,0,0,0,0,0,0
377,2017-04-18,09:19:20,600,TF1706,CCFX,98.445,98.4,98.49,523,514908200,20196,20113,99.74,97.38,98.56,98.554,0,98.49,0,0,0,2017-04-18,33560600,98.445,3,0,0,0,0,0,0,0,0,98.455,2,0,0,0,0,0,0,0,0
378,2017-04-18,09:19:21,100,TF1706,CCFX,98.445,98.4,98.49,523,514908200,20196,20113,99.74,97.38,98.56,98.554,0,98.49,0,0,0,2017-04-18,33561100,98.445,1,0,0,0,0,0,0,0,0,98.455,2,0,0,0,0,0,0,0,0
379,2017-04-18,09:19:21,600,TF1706,CCFX,98.445,98.4,98.49,523,514908200,20196,20113,99.74,97.38,98.56,98.554,0,98.49,0,0,0,2017-04-18,33561600,98.445,1,0,0,0,0,0,0,0,0,98.455,2,0,0,0,0,0,0,0,0
380,2017-04-18,09:19:24,600,TF1706,CCFX,98.445,98.4,98.49,523,514908200,20196,20113,99.74,97.38,98.56,98.554,0,98.49,0,0,0,2017-04-18,33564600,98.445,1,0,0,0,0,0,0,0,0,98.455,2,0,0,0,0,0,0,0,0
381,2017-04-18,09:19:25,600,TF1706,CCFX,98.445,98.4,98.49,523,514908200,20196,20113,99.74,97.38,98.56,98.554,0,98.49,0,0,0,2017-04-18,33565600,98.445,1,0,0,0,0,0,0,0,0,98.455,3,0,0,0,0,0,0,0,0
382,2017-04-18,09:19:28,100,TF1706,CCFX,98.445,98.4,98.49,523,514908200,20196,20113,99.74,97.38,98.56,98.554,0,98.49,0,0,0,2017-04-18,33568100,98.445,1,0,0,0,0,0,0,0,0,98.455,3,0,0,0,0,0,0,0,0
383,2017-04-18,09:19:28,600,TF1706,CCFX,98.445,98.4,98.49,523,514908200,20196,20113,99.74,97.38,98.56,98.554,0,98.49,0,0,0,2017-04-18,33568600,98.44,1,0,0,0,0,0,0,0,0,98.45,5,0,0,0,0,0,0,0,0
384,2017-04-18,09:19:29,100,TF1706,CCFX,98.445,98.4,98.49,523,514908200,20196,20113,99.74,97.38,98.56,98.554,0,98.49,0,0,0,2017-04-18,33569100,98.44,1,0,0,0,0,0,0,0,0,98.45,5,0,0,0,0,0,0,0,0
385,2017-04-18,09:19:29,600,TF1706,CCFX,98.445,98.4,98.49,523,514908200,20196,20113,99.74,97.38,98.56,98.554,0,98.49,0,0,0,2017-04-18,33569600,98.44,1,0,0,0,0,0,0,0,0,98.45,3,0,0,0,0,0,0,0,0
386,2017-04-18,09:19:31,600,TF1706,CCFX,98.445,98.4,98.49,523,514908200,20196,20113,99.74,97.38,98.56,98.554,0,98.49,0,0,0,2017-04-18,33571600,98.44,1,0,0,0,0,0,0,0,0,98.45,3,0,0,0,0,0,0,0,0
387,2017-04-18,09:19:32,100,TF1706,CCFX,98.445,98.4,98.49,523,514908200,20196,20113,99.74,97.38,98.56,98.554,0,98.49,0,0,0,2017-04-18,33572100,98.44,1,0,0,0,0,0,0,0,0,98.445,4,0,0,0,0,0,0,0,0
388,2017-04-18,09:19:32,600,TF1706,CCFX,98.445,98.4,98.49,523,514908200,20196,20113,99.74,97.38,98.56,98.554,0,98.49,0,0,0,2017-04-18,33572600,98.435,2,0,0,0,0,0,0,0,0,98.44,4,0,0,0,0,0,0,0,0
389,2017-04-18,09:19:33,100,TF1706,CCFX,98.44,98.4,98.49,524,515892600,20196,20113,99.74,97.38,98.56,98.554,0,98.49,0,0,0,2017-04-18,33573100,98.435,1,0,0,0,0,0,0,0,0,98.445,1,0,0,0,0,0,0,0,0
390,2017-04-18,09:19:33,600,TF1706,CCFX,98.44,98.4,98.49,524,515892600,20196,20113,99.74,97.38,98.56,98.554,0,98.49,0,0,0,2017-04-18,33573600,98.44,1,0,0,0,0,0,0,0,0,98.445,1,0,0,0,0,0,0,0,0
391,2017-04-18,09:19:34,100,TF1706,CCFX,98.44,98.4,98.49,524,515892600,20196,20113,99.74,97.38,98.56,98.554,0,98.49,0,0,0,2017-04-18,33574100,98.44,12,0,0,0,0,0,0,0,0,98.445,1,0,0,0,0,0,0,0,0
392,2017-04-18,09:19:35,100,TF1706,CCFX,98.44,98.4,98.49,531,522783400,20202,20113,99.74,97.38,98.56,98.554,0,98.49,0,0,0,2017-04-18,33575100,98.44,5,0,0,0,0,0,0,0,0,98.445,1,0,0,0,0,0,0,0,0
393,2017-04-18,09:19:35,600,TF1706,CCFX,98.44,98.4,98.49,536,527705400,20202,20113,99.74,97.38,98.56,98.554,0,98.49,0,0,0,2017-04-18,33575600,98.435,2,0,0,0,0,0,0,0,0,98.44,16,0,0,0,0,0,0,0,0
394,2017-04-18,09:19:36,100,TF1706,CCFX,98.44,98.4,98.49,536,527705400,20202,20113,99.74,97.38,98.56,98.554,0,98.49,0,0,0,2017-04-18,33576100,98.435,1,0,0,0,0,0,0,0,0,98.44,5,0,0,0,0,0,0,0,0
395,2017-04-18,09:19:36,600,TF1706,CCFX,98.44,98.4,98.49,536,527705400,20202,20113,99.74,97.38,98.56,98.554,0,98.49,0,0,0,2017-04-18,33576600,98.435,1,0,0,0,0,0,0,0,0,98.44,2,0,0,0,0,0,0,0,0
396,2017-04-18,09:19:37,600,TF1706,CCFX,98.44,98.4,98.49,538,529674200,20202,20113,99.74,97.38,98.56,98.554,0,98.49,0,0,0,2017-04-18,33577600,98.44,8,0,0,0,0,0,0,0,0,98.445,1,0,0,0,0,0,0,0,0
397,2017-04-18,09:19:38,100,TF1706,CCFX,98.44,98.4,98.49,546,537549400,20199,20113,99.74,97.38,98.56,98.554,0,98.49,0,0,0,2017-04-18,33578100,98.435,1,0,0,0,0,0,0,0,0,98.445,1,0,0,0,0,0,0,0,0
398,2017-04-18,09:19:38,600,TF1706,CCFX,98.44,98.4,98.49,546,537549400,20199,20113,99.74,97.38,98.56,98.554,0,98.49,0,0,0,2017-04-18,33578600,98.435,2,0,0,0,0,0,0,0,0,98.44,1,0,0,0,0,0,0,0,0
399,2017-04-18,09:19:39,600,TF1706,CCFX,98.44,98.4,98.49,546,537549400,20199,20113,99.74,97.38,98.56,98.554,0,98.49,0,0,0,2017-04-18,33579600,98.435,2,0,0,0,0,0,0,0,0,98.44,1,0,0,0,0,0,0,0,0
400,2017-04-18,09:19:40,100,TF1706,CCFX,98.44,98.4,98.49,546,537549400,20199,20113,99.74,97.38,98.56,98.554,0,98.49,0,0,0,2017-04-18,33580100,98.435,1,0,0,0,0,0,0,0,0,98.44,1,0,0,0,0,0,0,0,0
401,2017-04-18,09:19:41,100,TF1706,CCFX,98.44,98.4,98.49,546,537549400,20199,20113,99.74,97.38,98.56,98.554,0,98.49,0,0,0,2017-04-18,33581100,98.435,2,0,0,0,0,0,0,0,0,98.44,1,0,0,0,0,0,0,0,0
402,2017-04-18,09:19:41,600,TF1706,CCFX,98.435,98.4,98.49,547,538533750,20199,20113,99.74,97.38,98.56,98.554,0,98.49,0,0,0,2017-04-18,33581600,98.435,1,0,0,0,0,0,0,0,0,98.44,1,0,0,0,0,0,0,0,0
403,2017-04-18,09:19:42,600,TF1706,CCFX,98.435,98.4,98.49,547,538533750,20199,20113,99.74,97.38,98.56,98.554,0,98.49,0,0,0,2017-04-18,33582600,98.435,1,0,0,0,0,0,0,0,0,98.44,1,0,0,0,0,0,0,0,0
404,2017-04-18,09:19:44,100,TF1706,CCFX,98.435,98.4,98.49,548,539518100,20199,20113,99.74,97.38,98.56,98.554,0,98.49,0,0,0,2017-04-18,33584100,98.43,11,0,0,0,0,0,0,0,0,98.44,1,0,0,0,0,0,0,0,0
405,2017-04-18,09:19:44,600,TF1706,CCFX,98.435,98.4,98.49,548,539518100,20199,20113,99.74,97.38,98.56,98.554,0,98.49,0,0,0,2017-04-18,33584600,98.43,11,0,0,0,0,0,0,0,0,98.44,1,0,0,0,0,0,0,0,0
406,2017-04-18,09:19:46,100,TF1706,CCFX,98.435,98.4,98.49,548,539518100,20199,20113,99.74,97.38,98.56,98.554,0,98.49,0,0,0,2017-04-18,33586100,98.435,1,0,0,0,0,0,0,0,0,98.44,1,0,0,0,0,0,0,0,0
407,2017-04-18,09:19:47,600,TF1706,CCFX,98.435,98.4,98.49,548,539518100,20199,20113,99.74,97.38,98.56,98.554,0,98.49,0,0,0,2017-04-18,33587600,98.435,1,0,0,0,0,0,0,0,0,98.44,1,0,0,0,0,0,0,0,0
408,2017-04-18,09:19:48,100,TF1706,CCFX,98.44,98.4,98.49,549,540502500,20199,20113,99.74,97.38,98.56,98.554,0,98.49,0,0,0,2017-04-18,33588100,98.435,1,0,0,0,0,0,0,0,0,98.445,1,0,0,0,0,0,0,0,0
409,2017-04-18,09:19:48,600,TF1706,CCFX,98.44,98.4,98.49,549,540502500,20199,20113,99.74,97.38,98.56,98.554,0,98.49,0,0,0,2017-04-18,33588600,98.435,2,0,0,0,0,0,0,0,0,98.445,1,0,0,0,0,0,0,0,0
410,2017-04-18,09:19:49,100,TF1706,CCFX,98.44,98.4,98.49,549,540502500,20199,20113,99.74,97.38,98.56,98.554,0,98.49,0,0,0,2017-04-18,33589100,98.435,2,0,0,0,0,0,0,0,0,98.44,3,0,0,0,0,0,0,0,0
411,2017-04-18,09:19:49,600,TF1706,CCFX,98.44,98.4,98.49,549,540502500,20199,20113,99.74,97.38,98.56,98.554,0,98.49,0,0,0,2017-04-18,33589600,98.435,2,0,0,0,0,0,0,0,0,98.44,2,0,0,0,0,0,0,0,0
412,2017-04-18,09:19:50,100,TF1706,CCFX,98.44,98.4,98.49,551,542471300,20197,20113,99.74,97.38,98.56,98.554,0,98.49,0,0,0,2017-04-18,33590100,98.44,1,0,0,0,0,0,0,0,0,98.445,1,0,0,0,0,0,0,0,0
413,2017-04-18,09:19:50,600,TF1706,CCFX,98.44,98.4,98.49,551,542471300,20197,20113,99.74,97.38,98.56,98.554,0,98.49,0,0,0,2017-04-18,33590600,98.44,3,0,0,0,0,0,0,0,0,98.445,1,0,0,0,0,0,0,0,0
414,2017-04-18,09:19:51,600,TF1706,CCFX,98.44,98.4,98.49,551,542471300,20197,20113,99.74,97.38,98.56,98.554,0,98.49,0,0,0,2017-04-18,33591600,98.44,2,0,0,0,0,0,0,0,0,98.445,1,0,0,0,0,0,0,0,0
415,2017-04-18,09:19:54,100,TF1706,CCFX,98.445,98.4,98.49,552,543455750,20197,20113,99.74,97.38,98.56,98.554,0,98.49,0,0,0,2017-04-18,33594100,98.44,2,0,0,0,0,0,0,0,0,98.45,2,0,0,0,0,0,0,0,0
416,2017-04-18,09:19:54,600,TF1706,CCFX,98.445,98.4,98.49,552,543455750,20197,20113,99.74,97.38,98.56,98.554,0,98.49,0,0,0,2017-04-18,33594600,98.44,2,0,0,0,0,0,0,0,0,98.45,2,0,0,0,0,0,0,0,0
417,2017-04-18,09:19:55,100,TF1706,CCFX,98.445,98.4,98.49,552,543455750,20197,20113,99.74,97.38,98.56,98.554,0,98.49,0,0,0,2017-04-18,33595100,98.445,12,0,0,0,0,0,0,0,0,98.45,2,0,0,0,0,0,0,0,0
418,2017-04-18,09:19:55,600,TF1706,CCFX,98.45,98.4,98.49,554,545424750,20195,20113,99.74,97.38,98.56,98.554,0,98.49,0,0,0,2017-04-18,33595600,98.45,4,0,0,0,0,0,0,0,0,98.455,3,0,0,0,0,0,0,0,0
419,2017-04-18,09:19:56,100,TF1706,CCFX,98.45,98.4,98.49,556,547393750,20195,20113,99.74,97.38,98.56,98.554,0,98.49,0,0,0,2017-04-18,33596100,98.445,12,0,0,0,0,0,0,0,0,98.45,2,0,0,0,0,0,0,0,0
420,2017-04-18,09:19:56,600,TF1706,CCFX,98.445,98.4,98.49,559,550347200,20195,20113,99.74,97.38,98.56,98.554,0,98.49,0,0,0,2017-04-18,33596600,98.445,12,0,0,0,0,0,0,0,0,98.45,1,0,0,0,0,0,0,0,0
421,2017-04-18,09:19:57,100,TF1706,CCFX,98.45,98.4,98.49,560,551331700,20195,20113,99.74,97.38,98.56,98.554,0,98.49,0,0,0,2017-04-18,33597100,98.445,12,0,0,0,0,0,0,0,0,98.455,3,0,0,0,0,0,0,0,0
422,2017-04-18,09:19:59,100,TF1706,CCFX,98.45,98.4,98.49,560,551331700,20195,20113,99.74,97.38,98.56,98.554,0,98.49,0,0,0,2017-04-18,33599100,98.445,12,0,0,0,0,0,0,0,0,98.45,2,0,0,0,0,0,0,0,0
423,2017-04-18,09:19:59,600,TF1706,CCFX,98.445,98.4,98.49,562,553300600,20195,20113,99.74,97.38,98.56,98.554,0,98.49,0,0,0,2017-04-18,33599600,98.445,10,0,0,0,0,0,0,0,0,98.45,2,0,0,0,0,0,0,0,0
424,2017-04-18,09:20:00,100,TF1706,CCFX,98.445,98.4,98.49,564,555269500,20195,20113,99.74,97.38,98.56,98.554,0,98.49,0,0,0,2017-04-18,33600100,98.445,8,0,0,0,0,0,0,0,0,98.45,3,0,0,0,0,0,0,0,0
425,2017-04-18,09:20:00,600,TF1706,CCFX,98.445,98.4,98.49,565,556253950,20195,20113,99.74,97.38,98.56,98.554,0,98.49,0,0,0,2017-04-18,33600600,98.445,7,0,0,0,0,0,0,0,0,98.45,3,0,0,0,0,0,0,0,0
426,2017-04-18,09:20:01,100,TF1706,CCFX,98.445,98.4,98.49,577,568067350,20191,20113,99.74,97.38,98.56,98.554,0,98.49,0,0,0,2017-04-18,33601100,98.435,2,0,0,0,0,0,0,0,0,98.445,5,0,0,0,0,0,0,0,0
427,2017-04-18,09:20:01,600,TF1706,CCFX,98.445,98.4,98.49,577,568067350,20191,20113,99.74,97.38,98.56,98.554,0,98.49,0,0,0,2017-04-18,33601600,98.435,4,0,0,0,0,0,0,0,0,98.445,2,0,0,0,0,0,0,0,0
428,2017-04-18,09:20:02,100,TF1706,CCFX,98.445,98.4,98.49,578,569051800,20191,20113,99.74,97.38,98.56,98.554,0,98.49,0,0,0,2017-04-18,33602100,98.435,4,0,0,0,0,0,0,0,0,98.445,3,0,0,0,0,0,0,0,0
429,2017-04-18,09:20:02,600,TF1706,CCFX,98.445,98.4,98.49,581,572005150,20190,20113,99.74,97.38,98.56,98.554,0,98.49,0,0,0,2017-04-18,33602600,98.445,2,0,0,0,0,0,0,0,0,98.45,4,0,0,0,0,0,0,0,0
430,2017-04-18,09:20:03,100,TF1706,CCFX,98.445,98.4,98.49,584,574958500,20188,20113,99.74,97.38,98.56,98.554,0,98.49,0,0,0,2017-04-18,33603100,98.435,4,0,0,0,0,0,0,0,0,98.445,1,0,0,0,0,0,0,0,0
431,2017-04-18,09:20:03,600,TF1706,CCFX,98.445,98.4,98.49,584,574958500,20188,20113,99.74,97.38,98.56,98.554,0,98.49,0,0,0,2017-04-18,33603600,98.445,1,0,0,0,0,0,0,0,0,98.45,3,0,0,0,0,0,0,0,0
432,2017-04-18,09:20:04,100,TF1706,CCFX,98.445,98.4,98.49,584,574958500,20188,20113,99.74,97.38,98.56,98.554,0,98.49,0,0,0,2017-04-18,33604100,98.445,1,0,0,0,0,0,0,0,0,98.45,3,0,0,0,0,0,0,0,0
433,2017-04-18,09:20:04,600,TF1706,CCFX,98.445,98.4,98.49,588,578896300,20184,20113,99.74,97.38,98.56,98.554,0,98.49,0,0,0,2017-04-18,33604600,98.435,4,0,0,0,0,0,0,0,0,98.445,12,0,0,0,0,0,0,0,0
434,2017-04-18,09:20:05,100,TF1706,CCFX,98.445,98.4,98.49,588,578896300,20184,20113,99.74,97.38,98.56,98.554,0,98.49,0,0,0,2017-04-18,33605100,98.435,4,0,0,0,0,0,0,0,0,98.445,12,0,0,0,0,0,0,0,0
435,2017-04-18,09:20:05,600,TF1706,CCFX,98.445,98.4,98.49,588,578896300,20184,20113,99.74,97.38,98.56,98.554,0,98.49,0,0,0,2017-04-18,33605600,98.435,3,0,0,0,0,0,0,0,0,98.445,12,0,0,0,0,0,0,0,0
436,2017-04-18,09:20:06,100,TF1706,CCFX,98.445,98.4,98.49,588,578896300,20184,20113,99.74,97.38,98.56,98.554,0,98.49,0,0,0,2017-04-18,33606100,98.435,2,0,0,0,0,0,0,0,0,98.445,12,0,0,0,0,0,0,0,0
437,2017-04-18,09:20:08,100,TF1706,CCFX,98.445,98.4,98.49,588,578896300,20184,20113,99.74,97.38,98.56,98.554,0,98.49,0,0,0,2017-04-18,33608100,98.435,3,0,0,0,0,0,0,0,0,98.445,12,0,0,0,0,0,0,0,0
438,2017-04-18,09:20:08,600,TF1706,CCFX,98.445,98.4,98.49,588,578896300,20184,20113,99.74,97.38,98.56,98.554,0,98.49,0,0,0,2017-04-18,33608600,98.435,3,0,0,0,0,0,0,0,0,98.445,12,0,0,0,0,0,0,0,0
439,2017-04-18,09:20:09,100,TF1706,CCFX,98.445,98.4,98.49,588,578896300,20184,20113,99.74,97.38,98.56,98.554,0,98.49,0,0,0,2017-04-18,33609100,98.44,4,0,0,0,0,0,0,0,0,98.445,12,0,0,0,0,0,0,0,0
440,2017-04-18,09:20:09,600,TF1706,CCFX,98.445,98.4,98.49,588,578896300,20184,20113,99.74,97.38,98.56,98.554,0,98.49,0,0,0,2017-04-18,33609600,98.435,3,0,0,0,0,0,0,0,0,98.445,12,0,0,0,0,0,0,0,0
441,2017-04-18,09:20:10,100,TF1706,CCFX,98.445,98.4,98.49,600,590709700,20189,20113,99.74,97.38,98.56,98.554,0,98.49,0,0,0,2017-04-18,33610100,98.445,1,0,0,0,0,0,0,0,0,98.45,1,0,0,0,0,0,0,0,0
442,2017-04-18,09:20:10,600,TF1706,CCFX,98.445,98.4,98.49,600,590709700,20189,20113,99.74,97.38,98.56,98.554,0,98.49,0,0,0,2017-04-18,33610600,98.445,1,0,0,0,0,0,0,0,0,98.45,1,0,0,0,0,0,0,0,0
443,2017-04-18,09:20:11,100,TF1706,CCFX,98.45,98.4,98.49,601,591694200,20189,20113,99.74,97.38,98.56,98.554,0,98.49,0,0,0,2017-04-18,33611100,98.45,4,0,0,0,0,0,0,0,0,98.455,3,0,0,0,0,0,0,0,0
444,2017-04-18,09:20:11,600,TF1706,CCFX,98.45,98.4,98.49,601,591694200,20189,20113,99.74,97.38,98.56,98.554,0,98.49,0,0,0,2017-04-18,33611600,98.45,4,0,0,0,0,0,0,0,0,98.455,3,0,0,0,0,0,0,0,0
445,2017-04-18,09:20:12,100,TF1706,CCFX,98.45,98.4,98.49,605,595632200,20185,20113,99.74,97.38,98.56,98.554,0,98.49,0,0,0,2017-04-18,33612100,98.445,1,0,0,0,0,0,0,0,0,98.45,2,0,0,0,0,0,0,0,0
446,2017-04-18,09:20:12,600,TF1706,CCFX,98.45,98.4,98.49,605,595632200,20185,20113,99.74,97.38,98.56,98.554,0,98.49,0,0,0,2017-04-18,33612600,98.445,2,0,0,0,0,0,0,0,0,98.45,2,0,0,0,0,0,0,0,0
447,2017-04-18,09:20:13,600,TF1706,CCFX,98.44,98.4,98.49,608,598585500,20185,20113,99.74,97.38,98.56,98.554,0,98.49,0,0,0,2017-04-18,33613600,98.44,1,0,0,0,0,0,0,0,0,98.45,2,0,0,0,0,0,0,0,0
448,2017-04-18,09:20:14,100,TF1706,CCFX,98.44,98.4,98.49,608,598585500,20185,20113,99.74,97.38,98.56,98.554,0,98.49,0,0,0,2017-04-18,33614100,98.44,1,0,0,0,0,0,0,0,0,98.45,2,0,0,0,0,0,0,0,0
449,2017-04-18,09:20:14,600,TF1706,CCFX,98.44,98.4,98.49,609,599569900,20186,20113,99.74,97.38,98.56,98.554,0,98.49,0,0,0,2017-04-18,33614600,98.435,3,0,0,0,0,0,0,0,0,98.45,2,0,0,0,0,0,0,0,0
450,2017-04-18,09:20:15,100,TF1706,CCFX,98.44,98.4,98.49,609,599569900,20186,20113,99.74,97.38,98.56,98.554,0,98.49,0,0,0,2017-04-18,33615100,98.44,1,0,0,0,0,0,0,0,0,98.45,2,0,0,0,0,0,0,0,0
451,2017-04-18,09:20:16,100,TF1706,CCFX,98.44,98.4,98.49,609,599569900,20186,20113,99.74,97.38,98.56,98.554,0,98.49,0,0,0,2017-04-18,33616100,98.44,1,0,0,0,0,0,0,0,0,98.45,2,0,0,0,0,0,0,0,0
452,2017-04-18,09:20:16,600,TF1706,CCFX,98.44,98.4,98.49,609,599569900,20186,20113,99.74,97.38,98.56,98.554,0,98.49,0,0,0,2017-04-18,33616600,98.44,2,0,0,0,0,0,0,0,0,98.445,2,0,0,0,0,0,0,0,0
453,2017-04-18,09:20:17,100,TF1706,CCFX,98.44,98.4,98.49,609,599569900,20186,20113,99.74,97.38,98.56,98.554,0,98.49,0,0,0,2017-04-18,33617100,98.44,2,0,0,0,0,0,0,0,0,98.445,2,0,0,0,0,0,0,0,0
454,2017-04-18,09:20:17,600,TF1706,CCFX,98.44,98.4,98.49,609,599569900,20186,20113,99.74,97.38,98.56,98.554,0,98.49,0,0,0,2017-04-18,33617600,98.44,1,0,0,0,0,0,0,0,0,98.445,2,0,0,0,0,0,0,0,0
455,2017-04-18,09:20:20,100,TF1706,CCFX,98.44,98.4,98.49,610,600554300,20186,20113,99.74,97.38,98.56,98.554,0,98.49,0,0,0,2017-04-18,33620100,98.435,3,0,0,0,0,0,0,0,0,98.445,2,0,0,0,0,0,0,0,0
456,2017-04-18,09:20:21,600,TF1706,CCFX,98.44,98.4,98.49,610,600554300,20186,20113,99.74,97.38,98.56,98.554,0,98.49,0,0,0,2017-04-18,33621600,98.435,3,0,0,0,0,0,0,0,0,98.44,2,0,0,0,0,0,0,0,0
457,2017-04-18,09:20:22,100,TF1706,CCFX,98.44,98.4,98.49,610,600554300,20186,20113,99.74,97.38,98.56,98.554,0,98.49,0,0,0,2017-04-18,33622100,98.435,2,0,0,0,0,0,0,0,0,98.44,2,0,0,0,0,0,0,0,0
458,2017-04-18,09:20:22,600,TF1706,CCFX,98.44,98.4,98.49,610,600554300,20186,20113,99.74,97.38,98.56,98.554,0,98.49,0,0,0,2017-04-18,33622600,98.435,2,0,0,0,0,0,0,0,0,98.44,3,0,0,0,0,0,0,0,0
459,2017-04-18,09:20:23,100,TF1706,CCFX,98.435,98.4,98.49,611,601538650,20186,20113,99.74,97.38,98.56,98.554,0,98.49,0,0,0,2017-04-18,33623100,98.43,1,0,0,0,0,0,0,0,0,98.44,3,0,0,0,0,0,0,0,0
460,2017-04-18,09:20:23,600,TF1706,CCFX,98.435,98.4,98.49,611,601538650,20186,20113,99.74,97.38,98.56,98.554,0,98.49,0,0,0,2017-04-18,33623600,98.43,1,0,0,0,0,0,0,0,0,98.435,2,0,0,0,0,0,0,0,0
461,2017-04-18,09:20:24,100,TF1706,CCFX,98.435,98.4,98.49,611,601538650,20186,20113,99.74,97.38,98.56,98.554,0,98.49,0,0,0,2017-04-18,33624100,98.43,1,0,0,0,0,0,0,0,0,98.435,2,0,0,0,0,0,0,0,0
462,2017-04-18,09:20:24,600,TF1706,CCFX,98.435,98.4,98.49,611,601538650,20186,20113,99.74,97.38,98.56,98.554,0,98.49,0,0,0,2017-04-18,33624600,98.43,1,0,0,0,0,0,0,0,0,98.435,3,0,0,0,0,0,0,0,0
463,2017-04-18,09:20:25,100,TF1706,CCFX,98.435,98.4,98.49,611,601538650,20186,20113,99.74,97.38,98.56,98.554,0,98.49,0,0,0,2017-04-18,33625100,98.43,1,0,0,0,0,0,0,0,0,98.435,4,0,0,0,0,0,0,0,0
464,2017-04-18,09:20:25,600,TF1706,CCFX,98.435,98.4,98.49,611,601538650,20186,20113,99.74,97.38,98.56,98.554,0,98.49,0,0,0,2017-04-18,33625600,98.425,1,0,0,0,0,0,0,0,0,98.435,4,0,0,0,0,0,0,0,0
465,2017-04-18,09:20:26,100,TF1706,CCFX,98.435,98.4,98.49,611,601538650,20186,20113,99.74,97.38,98.56,98.554,0,98.49,0,0,0,2017-04-18,33626100,98.425,1,0,0,0,0,0,0,0,0,98.435,4,0,0,0,0,0,0,0,0
466,2017-04-18,09:20:26,600,TF1706,CCFX,98.435,98.4,98.49,611,601538650,20186,20113,99.74,97.38,98.56,98.554,0,98.49,0,0,0,2017-04-18,33626600,98.425,1,0,0,0,0,0,0,0,0,98.435,4,0,0,0,0,0,0,0,0
467,2017-04-18,09:20:27,600,TF1706,CCFX,98.435,98.4,98.49,611,601538650,20186,20113,99.74,97.38,98.56,98.554,0,98.49,0,0,0,2017-04-18,33627600,98.425,1,0,0,0,0,0,0,0,0,98.435,9,0,0,0,0,0,0,0,0
468,2017-04-18,09:20:28,100,TF1706,CCFX,98.435,98.4,98.49,611,601538650,20186,20113,99.74,97.38,98.56,98.554,0,98.49,0,0,0,2017-04-18,33628100,98.42,4,0,0,0,0,0,0,0,0,98.435,9,0,0,0,0,0,0,0,0
469,2017-04-18,09:20:28,600,TF1706,CCFX,98.435,98.4,98.49,611,601538650,20186,20113,99.74,97.38,98.56,98.554,0,98.49,0,0,0,2017-04-18,33628600,98.42,4,0,0,0,0,0,0,0,0,98.435,9,0,0,0,0,0,0,0,0
470,2017-04-18,09:20:29,100,TF1706,CCFX,98.435,98.4,98.49,611,601538650,20186,20113,99.74,97.38,98.56,98.554,0,98.49,0,0,0,2017-04-18,33629100,98.42,4,0,0,0,0,0,0,0,0,98.43,2,0,0,0,0,0,0,0,0
471,2017-04-18,09:20:29,600,TF1706,CCFX,98.435,98.4,98.49,611,601538650,20186,20113,99.74,97.38,98.56,98.554,0,98.49,0,0,0,2017-04-18,33629600,98.42,4,0,0,0,0,0,0,0,0,98.43,4,0,0,0,0,0,0,0,0
472,2017-04-18,09:20:30,600,TF1706,CCFX,98.42,98.4,98.49,613,603507050,20186,20113,99.74,97.38,98.56,98.554,0,98.49,0,0,0,2017-04-18,33630600,98.42,2,0,0,0,0,0,0,0,0,98.43,4,0,0,0,0,0,0,0,0
473,2017-04-18,09:20:34,100,TF1706,CCFX,98.42,98.4,98.49,613,603507050,20186,20113,99.74,97.38,98.56,98.554,0,98.49,0,0,0,2017-04-18,33634100,98.42,2,0,0,0,0,0,0,0,0,98.43,4,0,0,0,0,0,0,0,0
474,2017-04-18,09:20:34,600,TF1706,CCFX,98.42,98.4,98.49,613,603507050,20186,20113,99.74,97.38,98.56,98.554,0,98.49,0,0,0,2017-04-18,33634600,98.42,3,0,0,0,0,0,0,0,0,98.43,4,0,0,0,0,0,0,0,0
475,2017-04-18,09:20:35,600,TF1706,CCFX,98.42,98.4,98.49,616,606459650,20186,20113,99.74,97.38,98.56,98.554,0,98.49,0,0,0,2017-04-18,33635600,98.415,5,0,0,0,0,0,0,0,0,98.42,1,0,0,0,0,0,0,0,0
476,2017-04-18,09:20:36,100,TF1706,CCFX,98.42,98.4,98.49,617,607443850,20186,20113,99.74,97.38,98.56,98.554,0,98.49,0,0,0,2017-04-18,33636100,98.42,23,0,0,0,0,0,0,0,0,98.43,3,0,0,0,0,0,0,0,0
477,2017-04-18,09:20:36,600,TF1706,CCFX,98.425,98.4,98.49,618,608428100,20186,20113,99.74,97.38,98.56,98.554,0,98.49,0,0,0,2017-04-18,33636600,98.42,7,0,0,0,0,0,0,0,0,98.425,2,0,0,0,0,0,0,0,0
478,2017-04-18,09:20:37,100,TF1706,CCFX,98.425,98.4,98.49,619,609412350,20186,20113,99.74,97.38,98.56,98.554,0,98.49,0,0,0,2017-04-18,33637100,98.42,4,0,0,0,0,0,0,0,0,98.425,6,0,0,0,0,0,0,0,0
479,2017-04-18,09:20:37,600,TF1706,CCFX,98.425,98.4,98.49,620,610396600,20186,20113,99.74,97.38,98.56,98.554,0,98.49,0,0,0,2017-04-18,33637600,98.42,2,0,0,0,0,0,0,0,0,98.425,6,0,0,0,0,0,0,0,0
480,2017-04-18,09:20:38,100,TF1706,CCFX,98.425,98.4,98.49,620,610396600,20186,20113,99.74,97.38,98.56,98.554,0,98.49,0,0,0,2017-04-18,33638100,98.42,2,0,0,0,0,0,0,0,0,98.425,2,0,0,0,0,0,0,0,0
481,2017-04-18,09:20:38,600,TF1706,CCFX,98.425,98.4,98.49,626,616302100,20186,20113,99.74,97.38,98.56,98.554,0,98.49,0,0,0,2017-04-18,33638600,98.42,2,0,0,0,0,0,0,0,0,98.43,3,0,0,0,0,0,0,0,0
482,2017-04-18,09:20:39,100,TF1706,CCFX,98.43,98.4,98.49,627,617286400,20186,20113,99.74,97.38,98.56,98.554,0,98.49,0,0,0,2017-04-18,33639100,98.425,1,0,0,0,0,0,0,0,0,98.43,2,0,0,0,0,0,0,0,0
483,2017-04-18,09:20:39,600,TF1706,CCFX,98.43,98.4,98.49,627,617286400,20186,20113,99.74,97.38,98.56,98.554,0,98.49,0,0,0,2017-04-18,33639600,98.425,1,0,0,0,0,0,0,0,0,98.43,2,0,0,0,0,0,0,0,0
484,2017-04-18,09:20:40,100,TF1706,CCFX,98.43,98.4,98.49,629,619255000,20187,20113,99.74,97.38,98.56,98.554,0,98.49,0,0,0,2017-04-18,33640100,98.425,1,0,0,0,0,0,0,0,0,98.435,6,0,0,0,0,0,0,0,0
485,2017-04-18,09:20:40,600,TF1706,CCFX,98.42,98.4,98.49,631,621223450,20189,20113,99.74,97.38,98.56,98.554,0,98.49,0,0,0,2017-04-18,33640600,98.425,1,0,0,0,0,0,0,0,0,98.435,6,0,0,0,0,0,0,0,0
486,2017-04-18,09:20:41,100,TF1706,CCFX,98.42,98.4,98.49,631,621223450,20189,20113,99.74,97.38,98.56,98.554,0,98.49,0,0,0,2017-04-18,33641100,98.425,2,0,0,0,0,0,0,0,0,98.435,2,0,0,0,0,0,0,0,0
487,2017-04-18,09:20:41,600,TF1706,CCFX,98.42,98.4,98.49,631,621223450,20189,20113,99.74,97.38,98.56,98.554,0,98.49,0,0,0,2017-04-18,33641600,98.43,3,0,0,0,0,0,0,0,0,98.435,2,0,0,0,0,0,0,0,0
488,2017-04-18,09:20:42,100,TF1706,CCFX,98.42,98.4,98.49,631,621223450,20189,20113,99.74,97.38,98.56,98.554,0,98.49,0,0,0,2017-04-18,33642100,98.43,2,0,0,0,0,0,0,0,0,98.435,2,0,0,0,0,0,0,0,0
489,2017-04-18,09:20:42,600,TF1706,CCFX,98.43,98.4,98.49,633,623192050,20189,20113,99.74,97.38,98.56,98.554,0,98.49,0,0,0,2017-04-18,33642600,98.425,2,0,0,0,0,0,0,0,0,98.435,2,0,0,0,0,0,0,0,0
490,2017-04-18,09:20:43,100,TF1706,CCFX,98.43,98.4,98.49,633,623192050,20189,20113,99.74,97.38,98.56,98.554,0,98.49,0,0,0,2017-04-18,33643100,98.425,2,0,0,0,0,0,0,0,0,98.435,2,0,0,0,0,0,0,0,0
491,2017-04-18,09:20:43,600,TF1706,CCFX,98.425,98.4,98.49,636,626144800,20187,20113,99.74,97.38,98.56,98.554,0,98.49,0,0,0,2017-04-18,33643600,98.42,1,0,0,0,0,0,0,0,0,98.425,27,0,0,0,0,0,0,0,0
492,2017-04-18,09:20:44,100,TF1706,CCFX,98.425,98.4,98.49,661,650751050,20175,20113,99.74,97.38,98.56,98.554,0,98.49,0,0,0,2017-04-18,33644100,98.42,1,0,0,0,0,0,0,0,0,98.425,2,0,0,0,0,0,0,0,0
493,2017-04-18,09:20:44,600,TF1706,CCFX,98.425,98.4,98.49,663,652719550,20175,20113,99.74,97.38,98.56,98.554,0,98.49,0,0,0,2017-04-18,33644600,98.425,3,0,0,0,0,0,0,0,0,98.43,1,0,0,0,0,0,0,0,0
494,2017-04-18,09:20:45,100,TF1706,CCFX,98.43,98.4,98.49,664,653703850,20176,20113,99.74,97.38,98.56,98.554,0,98.49,0,0,0,2017-04-18,33645100,98.42,1,0,0,0,0,0,0,0,0,98.435,2,0,0,0,0,0,0,0,0
495,2017-04-18,09:20:45,600,TF1706,CCFX,98.43,98.4,98.49,666,655672450,20177,20113,99.74,97.38,98.56,98.554,0,98.49,0,0,0,2017-04-18,33645600,98.43,1,0,0,0,0,0,0,0,0,98.435,2,0,0,0,0,0,0,0,0
496,2017-04-18,09:20:46,100,TF1706,CCFX,98.435,98.4,98.49,669,658625500,20178,20113,99.74,97.38,98.56,98.554,0,98.49,0,0,0,2017-04-18,33646100,98.425,4,0,0,0,0,0,0,0,0,98.44,3,0,0,0,0,0,0,0,0
497,2017-04-18,09:20:46,600,TF1706,CCFX,98.44,98.4,98.49,670,659609900,20178,20113,99.74,97.38,98.56,98.554,0,98.49,0,0,0,2017-04-18,33646600,98.43,1,0,0,0,0,0,0,0,0,98.44,2,0,0,0,0,0,0,0,0
498,2017-04-18,09:20:47,100,TF1706,CCFX,98.43,98.4,98.49,673,662562850,20177,20113,99.74,97.38,98.56,98.554,0,98.49,0,0,0,2017-04-18,33647100,98.425,4,0,0,0,0,0,0,0,0,98.43,3,0,0,0,0,0,0,0,0
499,2017-04-18,09:20:47,600,TF1706,CCFX,98.43,98.4,98.49,676,665515750,20176,20113,99.74,97.38,98.56,98.554,0,98.49,0,0,0,2017-04-18,33647600,98.43,3,0,0,0,0,0,0,0,0,98.44,2,0,0,0,0,0,0,0,0
500,2017-04-18,09:20:48,100,TF1706,CCFX,98.43,98.4,98.49,676,665515750,20176,20113,99.74,97.38,98.56,98.554,0,98.49,0,0,0,2017-04-18,33648100,98.43,4,0,0,0,0,0,0,0,0,98.44,2,0,0,0,0,0,0,0,0
501,2017-04-18,09:20:48,600,TF1706,CCFX,98.43,98.4,98.49,678,667484350,20178,20113,99.74,97.38,98.56,98.554,0,98.49,0,0,0,2017-04-18,33648600,98.43,2,0,0,0,0,0,0,0,0,98.44,2,0,0,0,0,0,0,0,0
502,2017-04-18,09:20:49,100,TF1706,CCFX,98.43,98.4,98.49,678,667484350,20178,20113,99.74,97.38,98.56,98.554,0,98.49,0,0,0,2017-04-18,33649100,98.43,2,0,0,0,0,0,0,0,0,98.44,2,0,0,0,0,0,0,0,0
503,2017-04-18,09:20:49,600,TF1706,CCFX,98.43,98.4,98.49,678,667484350,20178,20113,99.74,97.38,98.56,98.554,0,98.49,0,0,0,2017-04-18,33649600,98.43,2,0,0,0,0,0,0,0,0,98.44,2,0,0,0,0,0,0,0,0
504,2017-04-18,09:20:52,100,TF1706,CCFX,98.43,98.4,98.49,678,667484350,20178,20113,99.74,97.38,98.56,98.554,0,98.49,0,0,0,2017-04-18,33652100,98.43,2,0,0,0,0,0,0,0,0,98.44,2,0,0,0,0,0,0,0,0
505,2017-04-18,09:20:53,100,TF1706,CCFX,98.43,98.4,98.49,678,667484350,20178,20113,99.74,97.38,98.56,98.554,0,98.49,0,0,0,2017-04-18,33653100,98.43,3,0,0,0,0,0,0,0,0,98.44,2,0,0,0,0,0,0,0,0
506,2017-04-18,09:20:54,100,TF1706,CCFX,98.43,98.4,98.49,678,667484350,20178,20113,99.74,97.38,98.56,98.554,0,98.49,0,0,0,2017-04-18,33654100,98.43,4,0,0,0,0,0,0,0,0,98.44,2,0,0,0,0,0,0,0,0
507,2017-04-18,09:20:54,600,TF1706,CCFX,98.43,98.4,98.49,678,667484350,20178,20113,99.74,97.38,98.56,98.554,0,98.49,0,0,0,2017-04-18,33654600,98.43,4,0,0,0,0,0,0,0,0,98.44,2,0,0,0,0,0,0,0,0
508,2017-04-18,09:20:55,100,TF1706,CCFX,98.43,98.4,98.49,678,667484350,20178,20113,99.74,97.38,98.56,98.554,0,98.49,0,0,0,2017-04-18,33655100,98.43,4,0,0,0,0,0,0,0,0,98.44,4,0,0,0,0,0,0,0,0
509,2017-04-18,09:20:55,600,TF1706,CCFX,98.44,98.4,98.49,680,669453150,20178,20113,99.74,97.38,98.56,98.554,0,98.49,0,0,0,2017-04-18,33655600,98.43,4,0,0,0,0,0,0,0,0,98.44,2,0,0,0,0,0,0,0,0
510,2017-04-18,09:20:57,100,TF1706,CCFX,98.44,98.4,98.49,681,670437550,20178,20113,99.74,97.38,98.56,98.554,0,98.49,0,0,0,2017-04-18,33657100,98.43,4,0,0,0,0,0,0,0,0,98.44,1,0,0,0,0,0,0,0,0
511,2017-04-18,09:20:58,100,TF1706,CCFX,98.44,98.4,98.49,681,670437550,20178,20113,99.74,97.38,98.56,98.554,0,98.49,0,0,0,2017-04-18,33658100,98.43,5,0,0,0,0,0,0,0,0,98.44,1,0,0,0,0,0,0,0,0
512,2017-04-18,09:20:58,600,TF1706,CCFX,98.44,98.4,98.49,681,670437550,20178,20113,99.74,97.38,98.56,98.554,0,98.49,0,0,0,2017-04-18,33658600,98.43,5,0,0,0,0,0,0,0,0,98.44,1,0,0,0,0,0,0,0,0
513,2017-04-18,09:20:59,100,TF1706,CCFX,98.44,98.4,98.49,681,670437550,20178,20113,99.74,97.38,98.56,98.554,0,98.49,0,0,0,2017-04-18,33659100,98.43,5,0,0,0,0,0,0,0,0,98.44,1,0,0,0,0,0,0,0,0
514,2017-04-18,09:21:00,100,TF1706,CCFX,98.43,98.4,98.49,684,673390450,20179,20113,99.74,97.38,98.56,98.554,0,98.49,0,0,0,2017-04-18,33660100,98.43,2,0,0,0,0,0,0,0,0,98.44,1,0,0,0,0,0,0,0,0
515,2017-04-18,09:21:00,600,TF1706,CCFX,98.43,98.4,98.49,684,673390450,20179,20113,99.74,97.38,98.56,98.554,0,98.49,0,0,0,2017-04-18,33660600,98.435,1,0,0,0,0,0,0,0,0,98.44,1,0,0,0,0,0,0,0,0
516,2017-04-18,09:21:01,100,TF1706,CCFX,98.435,98.4,98.49,685,674374800,20179,20113,99.74,97.38,98.56,98.554,0,98.49,0,0,0,2017-04-18,33661100,98.43,2,0,0,0,0,0,0,0,0,98.44,1,0,0,0,0,0,0,0,0
517,2017-04-18,09:21:01,600,TF1706,CCFX,98.435,98.4,98.49,685,674374800,20179,20113,99.74,97.38,98.56,98.554,0,98.49,0,0,0,2017-04-18,33661600,98.43,2,0,0,0,0,0,0,0,0,98.44,1,0,0,0,0,0,0,0,0
518,2017-04-18,09:21:03,100,TF1706,CCFX,98.43,98.4,98.49,687,676343400,20180,20113,99.74,97.38,98.56,98.554,0,98.49,0,0,0,2017-04-18,33663100,98.425,7,0,0,0,0,0,0,0,0,98.43,1,0,0,0,0,0,0,0,0
519,2017-04-18,09:21:03,600,TF1706,CCFX,98.43,98.4,98.49,688,677327700,20181,20113,99.74,97.38,98.56,98.554,0,98.49,0,0,0,2017-04-18,33663600,98.43,1,0,0,0,0,0,0,0,0,98.44,1,0,0,0,0,0,0,0,0
520,2017-04-18,09:21:04,100,TF1706,CCFX,98.43,98.4,98.49,688,677327700,20181,20113,99.74,97.38,98.56,98.554,0,98.49,0,0,0,2017-04-18,33664100,98.43,1,0,0,0,0,0,0,0,0,98.44,2,0,0,0,0,0,0,0,0
