,dataDate,dataTime,dataMillisec,instrumentID,exchangeCD,lastPrice,lowPrice,highPrice,volume,value,openInterest,preOpenInterest,upperLimitPrice,lowerLimitPrice,preSettlementPrice,prevClosePrice,settlementPrice,openPrice,closePrice,preDelta,currDelta,clearingDay,milliSecOffset,bidPrice1,bidVolume1,bidPrice2,bidVolume2,bidPrice3,bidVolume3,bidPrice4,bidVolume4,bidPrice5,bidVolume5,askPrice1,askVolume1,askPrice2,askVolume2,askPrice3,askVolume3,askPrice4,askVolume4,askPrice5,askVolume5
0,2017-04-18,08:59:00,91,v1709,XDCE,5620,5620,5620,118,3315800,160150,160076,5965,5405,5685,5640,0,5620,0,0,0,2017-04-18,32340091,5615,32,0,0,0,0,0,0,0,0,5620,14,0,0,0,0,0,0,0,0
1,2017-04-18,08:59:00,91,v1709,XDCE,5620,5620,5620,118,3315800,160150,160076,5965,5405,5685,5640,0,5620,0,0,0,2017-04-18,32340091,5615,32,0,0,0,0,0,0,0,0,5620,14,0,0,0,0,0,0,0,0
2,2017-04-18,09:00:00,592,v1709,XDCE,5630,5620,5630,300,8436600,160308,160076,5965,5405,5685,5640,0,5620,0,0,0,2017-04-18,32400592,5630,478,0,0,0,0,0,0,0,0,5640,21,0,0,0,0,0,0,0,0
3,2017-04-18,09:00:00,592,v1709,XDCE,5630,5620,5630,300,8436600,160308,160076,5965,5405,5685,5640,0,5620,0,0,0,2017-04-18,32400592,5630,478,0,0,0,0,0,0,0,0,5640,21,0,0,0,0,0,0,0,0
4,2017-04-18,09:00:01,67,v1709,XDCE,5635,5620,5640,396,11142300,160364,160076,5965,5405,5685,5640,0,5620,0,0,0,2017-04-18,32401067,5635,33,0,0,0,0,0,0,0,0,5640,9,0,0,0,0,0,0,0,0
5,2017-04-18,09:00:01,67,v1709,XDCE,5635,5620,5640,396,11142300,160364,160076,5965,5405,5685,5640,0,5620,0,0,0,2017-04-18,32401067,5635,33,0,0,0,0,0,0,0,0,5640,9,0,0,0,0,0,0,0,0
6,2017-04-18,09:00:01,596,v1709,XDCE,5645,5620,5645,450,12665200,160380,160076,5965,5405,5685,5640,0,5620,0,0,0,2017-04-18,32401596,5635,62,0,0,0,0,0,0,0,0,5645,12,0,0,0,0,0,0,0,0
7,2017-04-18,09:00:01,596,v1709,XDCE,5645,5620,5645,450,12665200,160380,160076,5965,5405,5685,5640,0,5620,0,0,0,2017-04-18,32401596,5635,62,0,0,0,0,0,0,0,0,5645,12,0,0,0,0,0,0,0,0
8,2017-04-18,09:00:02,82,v1709,XDCE,5645,5620,5645,466,13116200,160392,160076,5965,5405,5685,5640,0,5620,0,0,0,2017-04-18,32402082,5640,6,0,0,0,0,0,0,0,0,5645,15,0,0,0,0,0,0,0,0
9,2017-04-18,09:00:02,82,v1709,XDCE,5645,5620,5645,466,13116200,160392,160076,5965,5405,5685,5640,0,5620,0,0,0,2017-04-18,32402082,5640,6,0,0,0,0,0,0,0,0,5645,15,0,0,0,0,0,0,0,0
10,2017-04-18,09:00:02,557,v1709,XDCE,5645,5620,5645,474,13341850,160394,160076,5965,5405,5685,5640,0,5620,0,0,0,2017-04-18,32402557,5640,7,0,0,0,0,0,0,0,0,5645,25,0,0,0,0,0,0,0,0
11,2017-04-18,09:00:02,557,v1709,XDCE,5645,5620,5645,474,13341850,160394,160076,5965,5405,5685,5640,0,5620,0,0,0,2017-04-18,32402557,5640,7,0,0,0,0,0,0,0,0,5645,25,0,0,0,0,0,0,0,0
12,2017-04-18,09:00:03,89,v1709,XDCE,5645,5620,5645,530,14922050,160410,160076,5965,5405,5685,5640,0,5620,0,0,0,2017-04-18,32403089,5640,13,0,0,0,0,0,0,0,0,5645,9,0,0,0,0,0,0,0,0
13,2017-04-18,09:00:03,544,v1709,XDCE,5645,5620,5645,540,15204100,160408,160076,5965,5405,5685,5640,0,5620,0,0,0,2017-04-18,32403544,5640,8,0,0,0,0,0,0,0,0,5645,12,0,0,0,0,0,0,0,0
14,2017-04-18,09:00:04,23,v1709,XDCE,5640,5620,5645,546,15373300,160410,160076,5965,5405,5685,5640,0,5620,0,0,0,2017-04-18,32404023,5640,11,0,0,0,0,0,0,0,0,5645,12,0,0,0,0,0,0,0,0
15,2017-04-18,09:00:04,595,v1709,XDCE,5645,5620,5645,602,16953900,160408,160076,5965,5405,5685,5640,0,5620,0,0,0,2017-04-18,32404595,5645,54,0,0,0,0,0,0,0,0,5650,39,0,0,0,0,0,0,0,0
16,2017-04-18,09:00:05,72,v1709,XDCE,5645,5620,5665,842,23737800,160330,160076,5965,5405,5685,5640,0,5620,0,0,0,2017-04-18,32405072,5650,4,0,0,0,0,0,0,0,0,5655,12,0,0,0,0,0,0,0,0
17,2017-04-18,09:00:05,589,v1709,XDCE,5665,5620,5665,940,26509300,160334,160076,5965,5405,5685,5640,0,5620,0,0,0,2017-04-18,32405589,5655,8,0,0,0,0,0,0,0,0,5665,62,0,0,0,0,0,0,0,0
18,2017-04-18,09:00:06,93,v1709,XDCE,5660,5620,5670,1394,39359550,160370,160076,5965,5405,5685,5640,0,5620,0,0,0,2017-04-18,32406093,5655,35,0,0,0,0,0,0,0,0,5660,33,0,0,0,0,0,0,0,0
19,2017-04-18,09:00:06,591,v1709,XDCE,5650,5620,5670,1440,40660650,160412,160076,5965,5405,5685,5640,0,5620,0,0,0,2017-04-18,32406591,5650,11,0,0,0,0,0,0,0,0,5655,21,0,0,0,0,0,0,0,0
20,2017-04-18,09:00:07,96,v1709,XDCE,5650,5620,5670,1476,41678400,160424,160076,5965,5405,5685,5640,0,5620,0,0,0,2017-04-18,32407096,5650,16,0,0,0,0,0,0,0,0,5655,9,0,0,0,0,0,0,0,0
21,2017-04-18,09:00:07,537,v1709,XDCE,5650,5620,5670,1524,43034650,160438,160076,5965,5405,5685,5640,0,5620,0,0,0,2017-04-18,32407537,5645,59,0,0,0,0,0,0,0,0,5650,13,0,0,0,0,0,0,0,0
22,2017-04-18,09:00:08,98,v1709,XDCE,5645,5620,5670,1556,43938250,160440,160076,5965,5405,5685,5640,0,5620,0,0,0,2017-04-18,32408098,5645,45,0,0,0,0,0,0,0,0,5650,15,0,0,0,0,0,0,0,0
23,2017-04-18,09:00:08,593,v1709,XDCE,5650,5620,5670,1588,44842250,160458,160076,5965,5405,5685,5640,0,5620,0,0,0,2017-04-18,32408593,5650,4,0,0,0,0,0,0,0,0,5655,11,0,0,0,0,0,0,0,0
24,2017-04-18,09:00:09,91,v1709,XDCE,5650,5620,5670,1590,44898750,160458,160076,5965,5405,5685,5640,0,5620,0,0,0,2017-04-18,32409091,5650,24,0,0,0,0,0,0,0,0,5655,13,0,0,0,0,0,0,0,0
25,2017-04-18,09:00:09,598,v1709,XDCE,5650,5620,5670,1620,45746250,160484,160076,5965,5405,5685,5640,0,5620,0,0,0,2017-04-18,32409598,5650,9,0,0,0,0,0,0,0,0,5655,17,0,0,0,0,0,0,0,0
26,2017-04-18,09:00:10,98,v1709,XDCE,5650,5620,5670,1628,45972350,160488,160076,5965,5405,5685,5640,0,5620,0,0,0,2017-04-18,32410098,5650,7,0,0,0,0,0,0,0,0,5655,23,0,0,0,0,0,0,0,0
27,2017-04-18,09:00:10,598,v1709,XDCE,5655,5620,5670,1676,47329550,160510,160076,5965,5405,5685,5640,0,5620,0,0,0,2017-04-18,32410598,5650,10,0,0,0,0,0,0,0,0,5655,5,0,0,0,0,0,0,0,0
28,2017-04-18,09:00:11,91,v1709,XDCE,5650,5620,5670,1706,48177050,160498,160076,5965,5405,5685,5640,0,5620,0,0,0,2017-04-18,32411091,5650,7,0,0,0,0,0,0,0,0,5655,33,0,0,0,0,0,0,0,0
29,2017-04-18,09:00:11,598,v1709,XDCE,5655,5620,5670,1726,48742150,160480,160076,5965,5405,5685,5640,0,5620,0,0,0,2017-04-18,32411598,5645,65,0,0,0,0,0,0,0,0,5655,31,0,0,0,0,0,0,0,0
30,2017-04-18,09:00:12,93,v1709,XDCE,5650,5620,5670,1736,49024500,160478,160076,5965,5405,5685,5640,0,5620,0,0,0,2017-04-18,32412093,5645,62,0,0,0,0,0,0,0,0,5650,3,0,0,0,0,0,0,0,0
31,2017-04-18,09:00:12,597,v1709,XDCE,5650,5620,5670,1754,49533000,160474,160076,5965,5405,5685,5640,0,5620,0,0,0,2017-04-18,32412597,5645,64,0,0,0,0,0,0,0,0,5655,52,0,0,0,0,0,0,0,0
32,2017-04-18,09:00:13,77,v1709,XDCE,5650,5620,5670,1754,49533000,160474,160076,5965,5405,5685,5640,0,5620,0,0,0,2017-04-18,32413077,5650,2,0,0,0,0,0,0,0,0,5655,53,0,0,0,0,0,0,0,0
33,2017-04-18,09:00:13,553,v1709,XDCE,5650,5620,5670,1858,52471000,160562,160076,5965,5405,5685,5640,0,5620,0,0,0,2017-04-18,32413553,5645,65,0,0,0,0,0,0,0,0,5650,6,0,0,0,0,0,0,0,0
34,2017-04-18,09:00:14,67,v1709,XDCE,5650,5620,5670,1864,52640500,160568,160076,5965,5405,5685,5640,0,5620,0,0,0,2017-04-18,32414067,5645,66,0,0,0,0,0,0,0,0,5650,7,0,0,0,0,0,0,0,0
35,2017-04-18,09:00:14,580,v1709,XDCE,5645,5620,5670,1866,52696950,160568,160076,5965,5405,5685,5640,0,5620,0,0,0,2017-04-18,32414580,5645,64,0,0,0,0,0,0,0,0,5650,8,0,0,0,0,0,0,0,0
36,2017-04-18,09:00:15,85,v1709,XDCE,5650,5620,5670,1868,52753450,160570,160076,5965,5405,5685,5640,0,5620,0,0,0,2017-04-18,32415085,5645,64,0,0,0,0,0,0,0,0,5650,10,0,0,0,0,0,0,0,0
37,2017-04-18,09:00:15,583,v1709,XDCE,5650,5620,5670,1892,53431250,160574,160076,5965,5405,5685,5640,0,5620,0,0,0,2017-04-18,32415583,5645,60,0,0,0,0,0,0,0,0,5650,9,0,0,0,0,0,0,0,0
38,2017-04-18,09:00:16,77,v1709,XDCE,5650,5620,5670,1896,53544250,160576,160076,5965,5405,5685,5640,0,5620,0,0,0,2017-04-18,32416077,5645,60,0,0,0,0,0,0,0,0,5650,60,0,0,0,0,0,0,0,0
39,2017-04-18,09:00:16,598,v1709,XDCE,5650,5620,5670,1902,53713750,160582,160076,5965,5405,5685,5640,0,5620,0,0,0,2017-04-18,32416598,5645,51,0,0,0,0,0,0,0,0,5650,59,0,0,0,0,0,0,0,0
40,2017-04-18,09:00:17,92,v1709,XDCE,5645,5620,5670,1948,55012100,160540,160076,5965,5405,5685,5640,0,5620,0,0,0,2017-04-18,32417092,5645,35,0,0,0,0,0,0,0,0,5650,58,0,0,0,0,0,0,0,0
41,2017-04-18,09:00:17,597,v1709,XDCE,5645,5620,5670,1948,55012100,160540,160076,5965,5405,5685,5640,0,5620,0,0,0,2017-04-18,32417597,5645,36,0,0,0,0,0,0,0,0,5650,58,0,0,0,0,0,0,0,0
42,2017-04-18,09:00:18,72,v1709,XDCE,5645,5620,5670,1970,55633100,160554,160076,5965,5405,5685,5640,0,5620,0,0,0,2017-04-18,32418072,5645,26,0,0,0,0,0,0,0,0,5650,60,0,0,0,0,0,0,0,0
43,2017-04-18,09:00:18,595,v1709,XDCE,5650,5620,5670,2116,59757550,160582,160076,5965,5405,5685,5640,0,5620,0,0,0,2017-04-18,32418595,5650,129,0,0,0,0,0,0,0,0,5655,94,0,0,0,0,0,0,0,0
44,2017-04-18,09:00:19,97,v1709,XDCE,5650,5620,5670,2116,59757550,160582,160076,5965,5405,5685,5640,0,5620,0,0,0,2017-04-18,32419097,5650,133,0,0,0,0,0,0,0,0,5655,94,0,0,0,0,0,0,0,0
45,2017-04-18,09:00:19,553,v1709,XDCE,5650,5620,5670,2130,60153350,160584,160076,5965,5405,5685,5640,0,5620,0,0,0,2017-04-18,32419553,5650,137,0,0,0,0,0,0,0,0,5655,92,0,0,0,0,0,0,0,0
46,2017-04-18,09:00:20,46,v1709,XDCE,5655,5620,5670,2198,62076000,160648,160076,5965,5405,5685,5640,0,5620,0,0,0,2017-04-18,32420046,5650,137,0,0,0,0,0,0,0,0,5655,55,0,0,0,0,0,0,0,0
47,2017-04-18,09:00:20,591,v1709,XDCE,5655,5620,5670,2308,65186250,160662,160076,5965,5405,5685,5640,0,5620,0,0,0,2017-04-18,32420591,5655,77,0,0,0,0,0,0,0,0,5660,22,0,0,0,0,0,0,0,0
48,2017-04-18,09:00:21,91,v1709,XDCE,5660,5620,5670,2332,65865350,160664,160076,5965,5405,5685,5640,0,5620,0,0,0,2017-04-18,32421091,5655,91,0,0,0,0,0,0,0,0,5660,13,0,0,0,0,0,0,0,0
49,2017-04-18,09:00:21,576,v1709,XDCE,5655,5620,5670,2356,66544400,160666,160076,5965,5405,5685,5640,0,5620,0,0,0,2017-04-18,32421576,5655,86,0,0,0,0,0,0,0,0,5665,13,0,0,0,0,0,0,0,0
50,2017-04-18,09:00:22,59,v1709,XDCE,5660,5620,5670,2380,67223300,160680,160076,5965,5405,5685,5640,0,5620,0,0,0,2017-04-18,32422059,5655,84,0,0,0,0,0,0,0,0,5660,14,0,0,0,0,0,0,0,0
51,2017-04-18,09:00:22,598,v1709,XDCE,5660,5620,5670,2390,67506100,160680,160076,5965,5405,5685,5640,0,5620,0,0,0,2017-04-18,32422598,5655,81,0,0,0,0,0,0,0,0,5660,9,0,0,0,0,0,0,0,0
52,2017-04-18,09:00:23,77,v1709,XDCE,5655,5620,5670,2402,67845400,160680,160076,5965,5405,5685,5640,0,5620,0,0,0,2017-04-18,32423077,5655,85,0,0,0,0,0,0,0,0,5660,12,0,0,0,0,0,0,0,0
53,2017-04-18,09:00:23,571,v1709,XDCE,5655,5620,5670,2422,68410900,160680,160076,5965,5405,5685,5640,0,5620,0,0,0,2017-04-18,32423571,5655,90,0,0,0,0,0,0,0,0,5660,28,0,0,0,0,0,0,0,0
54,2017-04-18,09:00:24,19,v1709,XDCE,5655,5620,5670,2424,68467450,160680,160076,5965,5405,5685,5640,0,5620,0,0,0,2017-04-18,32424019,5655,88,0,0,0,0,0,0,0,0,5660,33,0,0,0,0,0,0,0,0
55,2017-04-18,09:00:24,590,v1709,XDCE,5655,5620,5670,2426,68524000,160682,160076,5965,5405,5685,5640,0,5620,0,0,0,2017-04-18,32424590,5655,87,0,0,0,0,0,0,0,0,5660,35,0,0,0,0,0,0,0,0
56,2017-04-18,09:00:25,97,v1709,XDCE,5655,5620,5670,2438,68863300,160694,160076,5965,5405,5685,5640,0,5620,0,0,0,2017-04-18,32425097,5655,81,0,0,0,0,0,0,0,0,5660,35,0,0,0,0,0,0,0,0
57,2017-04-18,09:00:25,559,v1709,XDCE,5655,5620,5670,2442,68976450,160694,160076,5965,5405,5685,5640,0,5620,0,0,0,2017-04-18,32425559,5655,80,0,0,0,0,0,0,0,0,5660,39,0,0,0,0,0,0,0,0
58,2017-04-18,09:00:26,96,v1709,XDCE,5660,5620,5670,2448,69146250,160694,160076,5965,5405,5685,5640,0,5620,0,0,0,2017-04-18,32426096,5655,80,0,0,0,0,0,0,0,0,5660,44,0,0,0,0,0,0,0,0
59,2017-04-18,09:00:26,539,v1709,XDCE,5655,5620,5670,2460,69485550,160682,160076,5965,5405,5685,5640,0,5620,0,0,0,2017-04-18,32426539,5655,69,0,0,0,0,0,0,0,0,5660,45,0,0,0,0,0,0,0,0
60,2017-04-18,09:00:27,26,v1709,XDCE,5655,5620,5670,2460,69485550,160682,160076,5965,5405,5685,5640,0,5620,0,0,0,2017-04-18,32427026,5655,70,0,0,0,0,0,0,0,0,5660,69,0,0,0,0,0,0,0,0
61,2017-04-18,09:00:27,591,v1709,XDCE,5655,5620,5670,2462,69542100,160682,160076,5965,5405,5685,5640,0,5620,0,0,0,2017-04-18,32427591,5655,65,0,0,0,0,0,0,0,0,5660,70,0,0,0,0,0,0,0,0
62,2017-04-18,09:00:28,96,v1709,XDCE,5660,5620,5670,2476,69938300,160686,160076,5965,5405,5685,5640,0,5620,0,0,0,2017-04-18,32428096,5655,65,0,0,0,0,0,0,0,0,5660,64,0,0,0,0,0,0,0,0
63,2017-04-18,09:00:28,570,v1709,XDCE,5655,5620,5670,2478,69994850,160688,160076,5965,5405,5685,5640,0,5620,0,0,0,2017-04-18,32428570,5655,64,0,0,0,0,0,0,0,0,5660,94,0,0,0,0,0,0,0,0
64,2017-04-18,09:00:29,98,v1709,XDCE,5655,5620,5670,2478,69994850,160688,160076,5965,5405,5685,5640,0,5620,0,0,0,2017-04-18,32429098,5655,54,0,0,0,0,0,0,0,0,5660,105,0,0,0,0,0,0,0,0
65,2017-04-18,09:00:29,598,v1709,XDCE,5655,5620,5670,2576,72765800,160678,160076,5965,5405,5685,5640,0,5620,0,0,0,2017-04-18,32429598,5650,178,0,0,0,0,0,0,0,0,5655,15,0,0,0,0,0,0,0,0
66,2017-04-18,09:00:30,91,v1709,XDCE,5655,5620,5670,2576,72765800,160678,160076,5965,5405,5685,5640,0,5620,0,0,0,2017-04-18,32430091,5650,198,0,0,0,0,0,0,0,0,5655,21,0,0,0,0,0,0,0,0
67,2017-04-18,09:00:30,535,v1709,XDCE,5655,5620,5670,2576,72765800,160678,160076,5965,5405,5685,5640,0,5620,0,0,0,2017-04-18,32430535,5650,197,0,0,0,0,0,0,0,0,5655,24,0,0,0,0,0,0,0,0
68,2017-04-18,09:00:30,921,v1709,XDCE,5655,5620,5670,2578,72822350,160676,160076,5965,5405,5685,5640,0,5620,0,0,0,2017-04-18,32430921,5650,205,0,0,0,0,0,0,0,0,5655,24,0,0,0,0,0,0,0,0
69,2017-04-18,09:00:31,591,v1709,XDCE,5650,5620,5670,2580,72878850,160678,160076,5965,5405,5685,5640,0,5620,0,0,0,2017-04-18,32431591,5650,204,0,0,0,0,0,0,0,0,5655,24,0,0,0,0,0,0,0,0
70,2017-04-18,09:00:32,97,v1709,XDCE,5655,5620,5670,2600,73444350,160662,160076,5965,5405,5685,5640,0,5620,0,0,0,2017-04-18,32432097,5650,196,0,0,0,0,0,0,0,0,5655,16,0,0,0,0,0,0,0,0
71,2017-04-18,09:00:32,596,v1709,XDCE,5650,5620,5670,2610,73726850,160672,160076,5965,5405,5685,5640,0,5620,0,0,0,2017-04-18,32432596,5650,192,0,0,0,0,0,0,0,0,5655,16,0,0,0,0,0,0,0,0
72,2017-04-18,09:00:33,78,v1709,XDCE,5655,5620,5670,2612,73783400,160672,160076,5965,5405,5685,5640,0,5620,0,0,0,2017-04-18,32433078,5650,193,0,0,0,0,0,0,0,0,5655,15,0,0,0,0,0,0,0,0
73,2017-04-18,09:00:33,590,v1709,XDCE,5655,5620,5670,2640,74575100,160678,160076,5965,5405,5685,5640,0,5620,0,0,0,2017-04-18,32433590,5655,86,0,0,0,0,0,0,0,0,5660,130,0,0,0,0,0,0,0,0
74,2017-04-18,09:00:34,75,v1709,XDCE,5655,5620,5670,2640,74575100,160678,160076,5965,5405,5685,5640,0,5620,0,0,0,2017-04-18,32434075,5655,90,0,0,0,0,0,0,0,0,5660,147,0,0,0,0,0,0,0,0
75,2017-04-18,09:00:34,587,v1709,XDCE,5655,5620,5670,2642,74631650,160678,160076,5965,5405,5685,5640,0,5620,0,0,0,2017-04-18,32434587,5655,91,0,0,0,0,0,0,0,0,5660,117,0,0,0,0,0,0,0,0
76,2017-04-18,09:00:35,554,v1709,XDCE,5655,5620,5670,2662,75197150,160688,160076,5965,5405,5685,5640,0,5620,0,0,0,2017-04-18,32435554,5655,98,0,0,0,0,0,0,0,0,5660,115,0,0,0,0,0,0,0,0
77,2017-04-18,09:00:36,15,v1709,XDCE,5660,5620,5670,2666,75310300,160690,160076,5965,5405,5685,5640,0,5620,0,0,0,2017-04-18,32436015,5655,98,0,0,0,0,0,0,0,0,5660,117,0,0,0,0,0,0,0,0
78,2017-04-18,09:00:36,593,v1709,XDCE,5655,5620,5670,2680,75706150,160700,160076,5965,5405,5685,5640,0,5620,0,0,0,2017-04-18,32436593,5655,98,0,0,0,0,0,0,0,0,5660,117,0,0,0,0,0,0,0,0
79,2017-04-18,09:00:37,88,v1709,XDCE,5655,5620,5670,2722,76893700,160710,160076,5965,5405,5685,5640,0,5620,0,0,0,2017-04-18,32437088,5655,88,0,0,0,0,0,0,0,0,5660,120,0,0,0,0,0,0,0,0
80,2017-04-18,09:00:37,572,v1709,XDCE,5655,5620,5670,2722,76893700,160710,160076,5965,5405,5685,5640,0,5620,0,0,0,2017-04-18,32437572,5655,87,0,0,0,0,0,0,0,0,5660,120,0,0,0,0,0,0,0,0
81,2017-04-18,09:00:38,92,v1709,XDCE,5655,5620,5670,2768,78194350,160710,160076,5965,5405,5685,5640,0,5620,0,0,0,2017-04-18,32438092,5655,62,0,0,0,0,0,0,0,0,5660,126,0,0,0,0,0,0,0,0
82,2017-04-18,09:00:38,592,v1709,XDCE,5655,5620,5670,2868,81021850,160766,160076,5965,5405,5685,5640,0,5620,0,0,0,2017-04-18,32438592,5655,12,0,0,0,0,0,0,0,0,5660,146,0,0,0,0,0,0,0,0
83,2017-04-18,09:00:39,97,v1709,XDCE,5655,5620,5670,2894,81757000,160792,160076,5965,5405,5685,5640,0,5620,0,0,0,2017-04-18,32439097,5650,197,0,0,0,0,0,0,0,0,5655,45,0,0,0,0,0,0,0,0
84,2017-04-18,09:00:39,590,v1709,XDCE,5650,5620,5670,2904,82039500,160802,160076,5965,5405,5685,5640,0,5620,0,0,0,2017-04-18,32439590,5650,192,0,0,0,0,0,0,0,0,5655,50,0,0,0,0,0,0,0,0
85,2017-04-18,09:00:40,97,v1709,XDCE,5650,5620,5670,2904,82039500,160802,160076,5965,5405,5685,5640,0,5620,0,0,0,2017-04-18,32440097,5650,192,0,0,0,0,0,0,0,0,5655,59,0,0,0,0,0,0,0,0
86,2017-04-18,09:00:40,539,v1709,XDCE,5655,5620,5670,3004,84864550,160902,160076,5965,5405,5685,5640,0,5620,0,0,0,2017-04-18,32440539,5650,144,0,0,0,0,0,0,0,0,5655,58,0,0,0,0,0,0,0,0
87,2017-04-18,09:00:41,30,v1709,XDCE,5655,5620,5670,3004,84864550,160902,160076,5965,5405,5685,5640,0,5620,0,0,0,2017-04-18,32441030,5650,143,0,0,0,0,0,0,0,0,5655,119,0,0,0,0,0,0,0,0
88,2017-04-18,09:00:41,551,v1709,XDCE,5655,5620,5670,3064,86559750,160962,160076,5965,5405,5685,5640,0,5620,0,0,0,2017-04-18,32441551,5650,117,0,0,0,0,0,0,0,0,5655,145,0,0,0,0,0,0,0,0
89,2017-04-18,09:00:42,90,v1709,XDCE,5650,5620,5670,3240,91531750,161000,160076,5965,5405,5685,5640,0,5620,0,0,0,2017-04-18,32442090,5650,25,0,0,0,0,0,0,0,0,5655,147,0,0,0,0,0,0,0,0
90,2017-04-18,09:00:42,598,v1709,XDCE,5645,5620,5670,3314,93621800,160994,160076,5965,5405,5685,5640,0,5620,0,0,0,2017-04-18,32442598,5645,125,0,0,0,0,0,0,0,0,5650,73,0,0,0,0,0,0,0,0
91,2017-04-18,09:00:43,53,v1709,XDCE,5645,5620,5670,3314,93621800,160994,160076,5965,5405,5685,5640,0,5620,0,0,0,2017-04-18,32443053,5645,135,0,0,0,0,0,0,0,0,5650,83,0,0,0,0,0,0,0,0
92,2017-04-18,09:00:43,584,v1709,XDCE,5645,5620,5670,3314,93621800,160994,160076,5965,5405,5685,5640,0,5620,0,0,0,2017-04-18,32443584,5645,138,0,0,0,0,0,0,0,0,5650,83,0,0,0,0,0,0,0,0
93,2017-04-18,09:00:44,87,v1709,XDCE,5645,5620,5670,3314,93621800,160994,160076,5965,5405,5685,5640,0,5620,0,0,0,2017-04-18,32444087,5645,138,0,0,0,0,0,0,0,0,5650,65,0,0,0,0,0,0,0,0
94,2017-04-18,09:00:44,596,v1709,XDCE,5645,5620,5670,3314,93621800,160994,160076,5965,5405,5685,5640,0,5620,0,0,0,2017-04-18,32444596,5645,138,0,0,0,0,0,0,0,0,5650,49,0,0,0,0,0,0,0,0
95,2017-04-18,09:00:45,94,v1709,XDCE,5650,5620,5670,3418,96559800,160924,160076,5965,5405,5685,5640,0,5620,0,0,0,2017-04-18,32445094,5650,6,0,0,0,0,0,0,0,0,5655,102,0,0,0,0,0,0,0,0
96,2017-04-18,09:00:45,571,v1709,XDCE,5650,5620,5670,3518,99384800,160988,160076,5965,5405,5685,5640,0,5620,0,0,0,2017-04-18,32445571,5650,16,0,0,0,0,0,0,0,0,5655,104,0,0,0,0,0,0,0,0
97,2017-04-18,09:00:46,96,v1709,XDCE,5650,5620,5670,3520,99441300,160988,160076,5965,5405,5685,5640,0,5620,0,0,0,2017-04-18,32446096,5650,16,0,0,0,0,0,0,0,0,5655,105,0,0,0,0,0,0,0,0
98,2017-04-18,09:00:46,596,v1709,XDCE,5650,5620,5670,3520,99441300,160988,160076,5965,5405,5685,5640,0,5620,0,0,0,2017-04-18,32446596,5650,34,0,0,0,0,0,0,0,0,5655,104,0,0,0,0,0,0,0,0
99,2017-04-18,09:00:47,95,v1709,XDCE,5650,5620,5670,3520,99441300,160988,160076,5965,5405,5685,5640,0,5620,0,0,0,2017-04-18,32447095,5650,32,0,0,0,0,0,0,0,0,5655,104,0,0,0,0,0,0,0,0
100,2017-04-18,09:00:47,594,v1709,XDCE,5650,5620,5670,3530,99723800,160988,160076,5965,5405,5685,5640,0,5620,0,0,0,2017-04-18,32447594,5650,27,0,0,0,0,0,0,0,0,5655,104,0,0,0,0,0,0,0,0
101,2017-04-18,09:00:48,4,v1709,XDCE,5650,5620,5670,3530,99723800,160988,160076,5965,5405,5685,5640,0,5620,0,0,0,2017-04-18,32448004,5650,31,0,0,0,0,0,0,0,0,5655,104,0,0,0,0,0,0,0,0
102,2017-04-18,09:00:49,90,v1709,XDCE,5650,5620,5670,3630,102548800,160940,160076,5965,5405,5685,5640,0,5620,0,0,0,2017-04-18,32449090,5650,10,0,0,0,0,0,0,0,0,5655,105,0,0,0,0,0,0,0,0
103,2017-04-18,09:00:49,570,v1709,XDCE,5650,5620,5670,3632,102605300,160940,160076,5965,5405,5685,5640,0,5620,0,0,0,2017-04-18,32449570,5650,13,0,0,0,0,0,0,0,0,5655,105,0,0,0,0,0,0,0,0
104,2017-04-18,09:00:50,63,v1709,XDCE,5650,5620,5670,3634,102661800,160942,160076,5965,5405,5685,5640,0,5620,0,0,0,2017-04-18,32450063,5650,13,0,0,0,0,0,0,0,0,5655,107,0,0,0,0,0,0,0,0
105,2017-04-18,09:00:50,597,v1709,XDCE,5655,5620,5670,3636,102718350,160942,160076,5965,5405,5685,5640,0,5620,0,0,0,2017-04-18,32450597,5650,34,0,0,0,0,0,0,0,0,5655,111,0,0,0,0,0,0,0,0
106,2017-04-18,09:00:51,93,v1709,XDCE,5655,5620,5670,3666,103566600,160970,160076,5965,5405,5685,5640,0,5620,0,0,0,2017-04-18,32451093,5650,37,0,0,0,0,0,0,0,0,5655,92,0,0,0,0,0,0,0,0
107,2017-04-18,09:00:51,564,v1709,XDCE,5650,5620,5670,3670,103679600,160970,160076,5965,5405,5685,5640,0,5620,0,0,0,2017-04-18,32451564,5650,37,0,0,0,0,0,0,0,0,5655,92,0,0,0,0,0,0,0,0
108,2017-04-18,09:00:52,8,v1709,XDCE,5650,5620,5670,3688,104188100,160988,160076,5965,5405,5685,5640,0,5620,0,0,0,2017-04-18,32452008,5650,35,0,0,0,0,0,0,0,0,5655,92,0,0,0,0,0,0,0,0
109,2017-04-18,09:00:53,93,v1709,XDCE,5650,5620,5670,3688,104188100,160988,160076,5965,5405,5685,5640,0,5620,0,0,0,2017-04-18,32453093,5650,43,0,0,0,0,0,0,0,0,5655,93,0,0,0,0,0,0,0,0
110,2017-04-18,09:00:54,88,v1709,XDCE,5655,5620,5670,3690,104244650,160988,160076,5965,5405,5685,5640,0,5620,0,0,0,2017-04-18,32454088,5650,46,0,0,0,0,0,0,0,0,5655,92,0,0,0,0,0,0,0,0
111,2017-04-18,09:00:54,583,v1709,XDCE,5655,5620,5670,3692,104301200,160990,160076,5965,5405,5685,5640,0,5620,0,0,0,2017-04-18,32454583,5650,46,0,0,0,0,0,0,0,0,5655,91,0,0,0,0,0,0,0,0
112,2017-04-18,09:00:55,97,v1709,XDCE,5650,5620,5670,3702,104583700,160986,160076,5965,5405,5685,5640,0,5620,0,0,0,2017-04-18,32455097,5650,55,0,0,0,0,0,0,0,0,5655,90,0,0,0,0,0,0,0,0
113,2017-04-18,09:00:55,738,v1709,XDCE,5650,5620,5670,3702,104583700,160986,160076,5965,5405,5685,5640,0,5620,0,0,0,2017-04-18,32455738,5650,56,0,0,0,0,0,0,0,0,5655,90,0,0,0,0,0,0,0,0
114,2017-04-18,09:00:57,97,v1709,XDCE,5650,5620,5670,3718,105035700,160976,160076,5965,5405,5685,5640,0,5620,0,0,0,2017-04-18,32457097,5650,54,0,0,0,0,0,0,0,0,5655,95,0,0,0,0,0,0,0,0
115,2017-04-18,09:00:57,596,v1709,XDCE,5650,5620,5670,3718,105035700,160976,160076,5965,5405,5685,5640,0,5620,0,0,0,2017-04-18,32457596,5650,57,0,0,0,0,0,0,0,0,5655,95,0,0,0,0,0,0,0,0
116,2017-04-18,09:00:58,68,v1709,XDCE,5655,5620,5670,3720,105092250,160978,160076,5965,5405,5685,5640,0,5620,0,0,0,2017-04-18,32458068,5650,58,0,0,0,0,0,0,0,0,5655,95,0,0,0,0,0,0,0,0
117,2017-04-18,09:00:58,585,v1709,XDCE,5655,5620,5670,3728,105318450,160984,160076,5965,5405,5685,5640,0,5620,0,0,0,2017-04-18,32458585,5650,58,0,0,0,0,0,0,0,0,5655,90,0,0,0,0,0,0,0,0
118,2017-04-18,09:00:59,63,v1709,XDCE,5655,5620,5670,3728,105318450,160984,160076,5965,5405,5685,5640,0,5620,0,0,0,2017-04-18,32459063,5650,55,0,0,0,0,0,0,0,0,5655,90,0,0,0,0,0,0,0,0
119,2017-04-18,09:00:59,547,v1709,XDCE,5650,5620,5670,3732,105431450,160988,160076,5965,5405,5685,5640,0,5620,0,0,0,2017-04-18,32459547,5650,53,0,0,0,0,0,0,0,0,5655,91,0,0,0,0,0,0,0,0
120,2017-04-18,09:01:00,498,v1709,XDCE,5650,5620,5670,3732,105431450,160988,160076,5965,5405,5685,5640,0,5620,0,0,0,2017-04-18,32460498,5650,56,0,0,0,0,0,0,0,0,5655,90,0,0,0,0,0,0,0,0
121,2017-04-18,09:01:00,978,v1709,XDCE,5650,5620,5670,3734,105487950,160990,160076,5965,5405,5685,5640,0,5620,0,0,0,2017-04-18,32460978,5650,55,0,0,0,0,0,0,0,0,5655,90,0,0,0,0,0,0,0,0
122,2017-04-18,09:01:01,582,v1709,XDCE,5655,5620,5670,3736,105544500,160990,160076,5965,5405,5685,5640,0,5620,0,0,0,2017-04-18,32461582,5650,52,0,0,0,0,0,0,0,0,5655,94,0,0,0,0,0,0,0,0
123,2017-04-18,09:01:02,87,v1709,XDCE,5650,5620,5670,3742,105714000,160990,160076,5965,5405,5685,5640,0,5620,0,0,0,2017-04-18,32462087,5650,44,0,0,0,0,0,0,0,0,5655,103,0,0,0,0,0,0,0,0
124,2017-04-18,09:01:02,583,v1709,XDCE,5655,5620,5670,3826,108089100,160986,160076,5965,5405,5685,5640,0,5620,0,0,0,2017-04-18,32462583,5650,38,0,0,0,0,0,0,0,0,5655,61,0,0,0,0,0,0,0,0
125,2017-04-18,09:01:03,6,v1709,XDCE,5655,5620,5670,3826,108089100,160986,160076,5965,5405,5685,5640,0,5620,0,0,0,2017-04-18,32463006,5650,43,0,0,0,0,0,0,0,0,5655,61,0,0,0,0,0,0,0,0
126,2017-04-18,09:01:03,529,v1709,XDCE,5655,5620,5670,3932,111086250,161000,160076,5965,5405,5685,5640,0,5620,0,0,0,2017-04-18,32463529,5650,211,0,0,0,0,0,0,0,0,5660,208,0,0,0,0,0,0,0,0
127,2017-04-18,09:01:04,97,v1709,XDCE,5655,5620,5670,3940,111312550,160998,160076,5965,5405,5685,5640,0,5620,0,0,0,2017-04-18,32464097,5650,224,0,0,0,0,0,0,0,0,5660,192,0,0,0,0,0,0,0,0
128,2017-04-18,09:01:04,473,v1709,XDCE,5650,5620,5670,3942,111369050,160998,160076,5965,5405,5685,5640,0,5620,0,0,0,2017-04-18,32464473,5655,20,0,0,0,0,0,0,0,0,5660,189,0,0,0,0,0,0,0,0
129,2017-04-18,09:01:05,72,v1709,XDCE,5655,5620,5670,4076,115159700,161010,160076,5965,5405,5685,5640,0,5620,0,0,0,2017-04-18,32465072,5650,222,0,0,0,0,0,0,0,0,5655,19,0,0,0,0,0,0,0,0
130,2017-04-18,09:01:05,560,v1709,XDCE,5650,5620,5670,4154,117365100,161008,160076,5965,5405,5685,5640,0,5620,0,0,0,2017-04-18,32465560,5650,219,0,0,0,0,0,0,0,0,5655,49,0,0,0,0,0,0,0,0
131,2017-04-18,09:01:06,82,v1709,XDCE,5655,5620,5670,4168,117760900,161008,160076,5965,5405,5685,5640,0,5620,0,0,0,2017-04-18,32466082,5650,217,0,0,0,0,0,0,0,0,5655,43,0,0,0,0,0,0,0,0
132,2017-04-18,09:01:06,599,v1709,XDCE,5655,5620,5670,4170,117817450,161008,160076,5965,5405,5685,5640,0,5620,0,0,0,2017-04-18,32466599,5650,225,0,0,0,0,0,0,0,0,5655,54,0,0,0,0,0,0,0,0
133,2017-04-18,09:01:06,994,v1709,XDCE,5655,5620,5670,4170,117817450,161008,160076,5965,5405,5685,5640,0,5620,0,0,0,2017-04-18,32466994,5650,237,0,0,0,0,0,0,0,0,5655,55,0,0,0,0,0,0,0,0
134,2017-04-18,09:01:07,597,v1709,XDCE,5650,5620,5670,4176,117986950,161014,160076,5965,5405,5685,5640,0,5620,0,0,0,2017-04-18,32467597,5650,235,0,0,0,0,0,0,0,0,5655,55,0,0,0,0,0,0,0,0
135,2017-04-18,09:01:07,945,v1709,XDCE,5650,5620,5670,4180,118099950,161014,160076,5965,5405,5685,5640,0,5620,0,0,0,2017-04-18,32467945,5650,232,0,0,0,0,0,0,0,0,5655,55,0,0,0,0,0,0,0,0
136,2017-04-18,09:01:08,577,v1709,XDCE,5655,5620,5670,4188,118326100,161014,160076,5965,5405,5685,5640,0,5620,0,0,0,2017-04-18,32468577,5650,202,0,0,0,0,0,0,0,0,5655,52,0,0,0,0,0,0,0,0
137,2017-04-18,09:01:08,947,v1709,XDCE,5655,5620,5670,4188,118326100,161014,160076,5965,5405,5685,5640,0,5620,0,0,0,2017-04-18,32468947,5650,231,0,0,0,0,0,0,0,0,5655,52,0,0,0,0,0,0,0,0
138,2017-04-18,09:01:09,598,v1709,XDCE,5655,5620,5670,4192,118439150,161014,160076,5965,5405,5685,5640,0,5620,0,0,0,2017-04-18,32469598,5650,230,0,0,0,0,0,0,0,0,5655,51,0,0,0,0,0,0,0,0
139,2017-04-18,09:01:10,96,v1709,XDCE,5655,5620,5670,4224,119343900,161010,160076,5965,5405,5685,5640,0,5620,0,0,0,2017-04-18,32470096,5650,228,0,0,0,0,0,0,0,0,5655,36,0,0,0,0,0,0,0,0
140,2017-04-18,09:01:10,537,v1709,XDCE,5655,5620,5670,4296,121379700,161002,160076,5965,5405,5685,5640,0,5620,0,0,0,2017-04-18,32470537,5655,29,0,0,0,0,0,0,0,0,5660,157,0,0,0,0,0,0,0,0
141,2017-04-18,09:01:11,37,v1709,XDCE,5655,5620,5670,4296,121379700,161002,160076,5965,5405,5685,5640,0,5620,0,0,0,2017-04-18,32471037,5655,75,0,0,0,0,0,0,0,0,5660,130,0,0,0,0,0,0,0,0
142,2017-04-18,09:01:11,540,v1709,XDCE,5655,5620,5670,4296,121379700,161002,160076,5965,5405,5685,5640,0,5620,0,0,0,2017-04-18,32471540,5655,89,0,0,0,0,0,0,0,0,5660,130,0,0,0,0,0,0,0,0
143,2017-04-18,09:01:12,37,v1709,XDCE,5655,5620,5670,4300,121492800,161002,160076,5965,5405,5685,5640,0,5620,0,0,0,2017-04-18,32472037,5655,71,0,0,0,0,0,0,0,0,5660,130,0,0,0,0,0,0,0,0
144,2017-04-18,09:01:12,523,v1709,XDCE,5655,5620,5670,4300,121492800,161002,160076,5965,5405,5685,5640,0,5620,0,0,0,2017-04-18,32472523,5655,74,0,0,0,0,0,0,0,0,5660,130,0,0,0,0,0,0,0,0
145,2017-04-18,09:01:13,79,v1709,XDCE,5655,5620,5670,4300,121492800,161002,160076,5965,5405,5685,5640,0,5620,0,0,0,2017-04-18,32473079,5655,74,0,0,0,0,0,0,0,0,5660,129,0,0,0,0,0,0,0,0
146,2017-04-18,09:01:13,543,v1709,XDCE,5655,5620,5670,4300,121492800,161002,160076,5965,5405,5685,5640,0,5620,0,0,0,2017-04-18,32473543,5655,79,0,0,0,0,0,0,0,0,5660,129,0,0,0,0,0,0,0,0
147,2017-04-18,09:01:13,936,v1709,XDCE,5655,5620,5670,4304,121605900,161006,160076,5965,5405,5685,5640,0,5620,0,0,0,2017-04-18,32473936,5655,77,0,0,0,0,0,0,0,0,5660,129,0,0,0,0,0,0,0,0
148,2017-04-18,09:01:14,595,v1709,XDCE,5655,5620,5670,4304,121605900,161006,160076,5965,5405,5685,5640,0,5620,0,0,0,2017-04-18,32474595,5655,78,0,0,0,0,0,0,0,0,5660,129,0,0,0,0,0,0,0,0
149,2017-04-18,09:01:15,62,v1709,XDCE,5655,5620,5670,4304,121605900,161006,160076,5965,5405,5685,5640,0,5620,0,0,0,2017-04-18,32475062,5655,79,0,0,0,0,0,0,0,0,5660,130,0,0,0,0,0,0,0,0
150,2017-04-18,09:01:15,598,v1709,XDCE,5655,5620,5670,4304,121605900,161006,160076,5965,5405,5685,5640,0,5620,0,0,0,2017-04-18,32475598,5655,79,0,0,0,0,0,0,0,0,5660,132,0,0,0,0,0,0,0,0
151,2017-04-18,09:01:16,96,v1709,XDCE,5660,5620,5670,4308,121719100,161006,160076,5965,5405,5685,5640,0,5620,0,0,0,2017-04-18,32476096,5655,79,0,0,0,0,0,0,0,0,5660,130,0,0,0,0,0,0,0,0
152,2017-04-18,09:01:16,591,v1709,XDCE,5660,5620,5670,4308,121719100,161006,160076,5965,5405,5685,5640,0,5620,0,0,0,2017-04-18,32476591,5655,80,0,0,0,0,0,0,0,0,5660,130,0,0,0,0,0,0,0,0
153,2017-04-18,09:01:17,84,v1709,XDCE,5655,5620,5670,4408,124546600,160942,160076,5965,5405,5685,5640,0,5620,0,0,0,2017-04-18,32477084,5655,32,0,0,0,0,0,0,0,0,5660,140,0,0,0,0,0,0,0,0
154,2017-04-18,09:01:17,452,v1709,XDCE,5655,5620,5670,4474,126412750,160954,160076,5965,5405,5685,5640,0,5620,0,0,0,2017-04-18,32477452,5650,195,0,0,0,0,0,0,0,0,5655,24,0,0,0,0,0,0,0,0
155,2017-04-18,09:01:18,99,v1709,XDCE,5655,5620,5670,4484,126695500,160964,160076,5965,5405,5685,5640,0,5620,0,0,0,2017-04-18,32478099,5650,223,0,0,0,0,0,0,0,0,5655,53,0,0,0,0,0,0,0,0
156,2017-04-18,09:01:19,82,v1709,XDCE,5655,5620,5670,4488,126808600,160968,160076,5965,5405,5685,5640,0,5620,0,0,0,2017-04-18,32479082,5650,243,0,0,0,0,0,0,0,0,5655,51,0,0,0,0,0,0,0,0
157,2017-04-18,09:01:19,454,v1709,XDCE,5655,5620,5670,4750,134213150,161130,160076,5965,5405,5685,5640,0,5620,0,0,0,2017-04-18,32479454,5650,169,0,0,0,0,0,0,0,0,5655,11,0,0,0,0,0,0,0,0
158,2017-04-18,09:01:20,96,v1709,XDCE,5655,5620,5670,4756,134382800,161126,160076,5965,5405,5685,5640,0,5620,0,0,0,2017-04-18,32480096,5655,15,0,0,0,0,0,0,0,0,5660,150,0,0,0,0,0,0,0,0
159,2017-04-18,09:01:20,565,v1709,XDCE,5655,5620,5670,4794,135457450,161106,160076,5965,5405,5685,5640,0,5620,0,0,0,2017-04-18,32480565,5650,170,0,0,0,0,0,0,0,0,5655,8,0,0,0,0,0,0,0,0
160,2017-04-18,09:01:20,972,v1709,XDCE,5655,5620,5670,4806,135796750,161104,160076,5965,5405,5685,5640,0,5620,0,0,0,2017-04-18,32480972,5650,170,0,0,0,0,0,0,0,0,5655,3,0,0,0,0,0,0,0,0
161,2017-04-18,09:01:21,592,v1709,XDCE,5655,5620,5670,4812,135966400,161108,160076,5965,5405,5685,5640,0,5620,0,0,0,2017-04-18,32481592,5655,20,0,0,0,0,0,0,0,0,5660,146,0,0,0,0,0,0,0,0
162,2017-04-18,09:01:22,28,v1709,XDCE,5655,5620,5670,4820,136192600,161110,160076,5965,5405,5685,5640,0,5620,0,0,0,2017-04-18,32482028,5655,55,0,0,0,0,0,0,0,0,5660,148,0,0,0,0,0,0,0,0
163,2017-04-18,09:01:22,428,v1709,XDCE,5655,5620,5670,4820,136192600,161110,160076,5965,5405,5685,5640,0,5620,0,0,0,2017-04-18,32482428,5655,55,0,0,0,0,0,0,0,0,5660,141,0,0,0,0,0,0,0,0
164,2017-04-18,09:01:23,35,v1709,XDCE,5655,5620,5670,5000,141283550,161104,160076,5965,5405,5685,5640,0,5620,0,0,0,2017-04-18,32483035,5655,7,0,0,0,0,0,0,0,0,5660,114,0,0,0,0,0,0,0,0
165,2017-04-18,09:01:23,559,v1709,XDCE,5655,5620,5670,5016,141735950,161120,160076,5965,5405,5685,5640,0,5620,0,0,0,2017-04-18,32483559,5650,143,0,0,0,0,0,0,0,0,5655,22,0,0,0,0,0,0,0,0
166,2017-04-18,09:01:24,76,v1709,XDCE,5655,5620,5670,5020,141849050,161124,160076,5965,5405,5685,5640,0,5620,0,0,0,2017-04-18,32484076,5650,143,0,0,0,0,0,0,0,0,5655,53,0,0,0,0,0,0,0,0
167,2017-04-18,09:01:24,474,v1709,XDCE,5655,5620,5670,5020,141849050,161124,160076,5965,5405,5685,5640,0,5620,0,0,0,2017-04-18,32484474,5650,143,0,0,0,0,0,0,0,0,5655,56,0,0,0,0,0,0,0,0
168,2017-04-18,09:01:25,56,v1709,XDCE,5655,5620,5670,5028,142075200,161130,160076,5965,5405,5685,5640,0,5620,0,0,0,2017-04-18,32485056,5650,141,0,0,0,0,0,0,0,0,5655,62,0,0,0,0,0,0,0,0
169,2017-04-18,09:01:25,596,v1709,XDCE,5655,5620,5670,5036,142301400,161130,160076,5965,5405,5685,5640,0,5620,0,0,0,2017-04-18,32485596,5650,136,0,0,0,0,0,0,0,0,5655,56,0,0,0,0,0,0,0,0
170,2017-04-18,09:01:26,82,v1709,XDCE,5655,5620,5670,5036,142301400,161130,160076,5965,5405,5685,5640,0,5620,0,0,0,2017-04-18,32486082,5650,138,0,0,0,0,0,0,0,0,5655,54,0,0,0,0,0,0,0,0
171,2017-04-18,09:01:26,540,v1709,XDCE,5655,5620,5670,5038,142357950,161132,160076,5965,5405,5685,5640,0,5620,0,0,0,2017-04-18,32486540,5650,137,0,0,0,0,0,0,0,0,5655,53,0,0,0,0,0,0,0,0
172,2017-04-18,09:01:27,95,v1709,XDCE,5655,5620,5670,5040,142414500,161132,160076,5965,5405,5685,5640,0,5620,0,0,0,2017-04-18,32487095,5650,137,0,0,0,0,0,0,0,0,5655,103,0,0,0,0,0,0,0,0
173,2017-04-18,09:01:27,387,v1709,XDCE,5655,5620,5670,5044,142527600,161136,160076,5965,5405,5685,5640,0,5620,0,0,0,2017-04-18,32487387,5650,128,0,0,0,0,0,0,0,0,5655,112,0,0,0,0,0,0,0,0
174,2017-04-18,09:01:28,84,v1709,XDCE,5655,5620,5670,5044,142527600,161136,160076,5965,5405,5685,5640,0,5620,0,0,0,2017-04-18,32488084,5650,127,0,0,0,0,0,0,0,0,5655,112,0,0,0,0,0,0,0,0
175,2017-04-18,09:01:28,592,v1709,XDCE,5650,5620,5670,5050,142697100,161136,160076,5965,5405,5685,5640,0,5620,0,0,0,2017-04-18,32488592,5650,124,0,0,0,0,0,0,0,0,5655,113,0,0,0,0,0,0,0,0
176,2017-04-18,09:01:29,39,v1709,XDCE,5650,5620,5670,5058,142923100,161142,160076,5965,5405,5685,5640,0,5620,0,0,0,2017-04-18,32489039,5650,120,0,0,0,0,0,0,0,0,5655,113,0,0,0,0,0,0,0,0
177,2017-04-18,09:01:30,78,v1709,XDCE,5650,5620,5670,5078,143488100,161162,160076,5965,5405,5685,5640,0,5620,0,0,0,2017-04-18,32490078,5650,110,0,0,0,0,0,0,0,0,5655,118,0,0,0,0,0,0,0,0
178,2017-04-18,09:01:30,595,v1709,XDCE,5650,5620,5670,5078,143488100,161162,160076,5965,5405,5685,5640,0,5620,0,0,0,2017-04-18,32490595,5650,110,0,0,0,0,0,0,0,0,5655,119,0,0,0,0,0,0,0,0
179,2017-04-18,09:01:31,90,v1709,XDCE,5650,5620,5670,5078,143488100,161162,160076,5965,5405,5685,5640,0,5620,0,0,0,2017-04-18,32491090,5650,114,0,0,0,0,0,0,0,0,5655,119,0,0,0,0,0,0,0,0
180,2017-04-18,09:01:31,580,v1709,XDCE,5650,5620,5670,5078,143488100,161162,160076,5965,5405,5685,5640,0,5620,0,0,0,2017-04-18,32491580,5650,113,0,0,0,0,0,0,0,0,5655,119,0,0,0,0,0,0,0,0
181,2017-04-18,09:01:32,97,v1709,XDCE,5650,5620,5670,5078,143488100,161162,160076,5965,5405,5685,5640,0,5620,0,0,0,2017-04-18,32492097,5650,115,0,0,0,0,0,0,0,0,5655,120,0,0,0,0,0,0,0,0
182,2017-04-18,09:01:32,598,v1709,XDCE,5650,5620,5670,5086,143714100,161170,160076,5965,5405,5685,5640,0,5620,0,0,0,2017-04-18,32492598,5650,111,0,0,0,0,0,0,0,0,5655,122,0,0,0,0,0,0,0,0
183,2017-04-18,09:01:33,594,v1709,XDCE,5650,5620,5670,5108,144335600,161170,160076,5965,5405,5685,5640,0,5620,0,0,0,2017-04-18,32493594,5650,101,0,0,0,0,0,0,0,0,5655,125,0,0,0,0,0,0,0,0
184,2017-04-18,09:01:34,67,v1709,XDCE,5650,5620,5670,5110,144392100,161170,160076,5965,5405,5685,5640,0,5620,0,0,0,2017-04-18,32494067,5650,100,0,0,0,0,0,0,0,0,5655,125,0,0,0,0,0,0,0,0
185,2017-04-18,09:01:35,572,v1709,XDCE,5650,5620,5670,5370,151737100,161276,160076,5965,5405,5685,5640,0,5620,0,0,0,2017-04-18,32495572,5645,157,0,0,0,0,0,0,0,0,5650,62,0,0,0,0,0,0,0,0
186,2017-04-18,09:01:36,81,v1709,XDCE,5645,5620,5670,5382,152075800,161288,160076,5965,5405,5685,5640,0,5620,0,0,0,2017-04-18,32496081,5645,153,0,0,0,0,0,0,0,0,5650,53,0,0,0,0,0,0,0,0
187,2017-04-18,09:01:36,529,v1709,XDCE,5650,5620,5670,5384,152132300,161290,160076,5965,5405,5685,5640,0,5620,0,0,0,2017-04-18,32496529,5645,152,0,0,0,0,0,0,0,0,5650,88,0,0,0,0,0,0,0,0
188,2017-04-18,09:01:37,596,v1709,XDCE,5650,5620,5670,5386,152188800,161292,160076,5965,5405,5685,5640,0,5620,0,0,0,2017-04-18,32497596,5645,152,0,0,0,0,0,0,0,0,5650,83,0,0,0,0,0,0,0,0
189,2017-04-18,09:01:39,96,v1709,XDCE,5650,5620,5670,5386,152188800,161292,160076,5965,5405,5685,5640,0,5620,0,0,0,2017-04-18,32499096,5645,153,0,0,0,0,0,0,0,0,5650,83,0,0,0,0,0,0,0,0
190,2017-04-18,09:01:39,543,v1709,XDCE,5650,5620,5670,5388,152245300,161294,160076,5965,5405,5685,5640,0,5620,0,0,0,2017-04-18,32499543,5645,155,0,0,0,0,0,0,0,0,5650,83,0,0,0,0,0,0,0,0
191,2017-04-18,09:01:40,99,v1709,XDCE,5645,5620,5670,5396,152471100,161298,160076,5965,5405,5685,5640,0,5620,0,0,0,2017-04-18,32500099,5645,151,0,0,0,0,0,0,0,0,5650,83,0,0,0,0,0,0,0,0
192,2017-04-18,09:01:40,597,v1709,XDCE,5645,5620,5670,5396,152471100,161298,160076,5965,5405,5685,5640,0,5620,0,0,0,2017-04-18,32500597,5645,151,0,0,0,0,0,0,0,0,5650,133,0,0,0,0,0,0,0,0
193,2017-04-18,09:01:41,63,v1709,XDCE,5645,5620,5670,5396,152471100,161298,160076,5965,5405,5685,5640,0,5620,0,0,0,2017-04-18,32501063,5645,141,0,0,0,0,0,0,0,0,5650,346,0,0,0,0,0,0,0,0
194,2017-04-18,09:01:41,598,v1709,XDCE,5645,5620,5670,5682,160543450,161280,160076,5965,5405,5685,5640,0,5620,0,0,0,2017-04-18,32501598,5640,44,0,0,0,0,0,0,0,0,5645,64,0,0,0,0,0,0,0,0
195,2017-04-18,09:01:42,97,v1709,XDCE,5640,5620,5670,5840,164998700,161310,160076,5965,5405,5685,5640,0,5620,0,0,0,2017-04-18,32502097,5640,4,0,0,0,0,0,0,0,0,5645,193,0,0,0,0,0,0,0,0
196,2017-04-18,09:01:42,592,v1709,XDCE,5640,5620,5670,5852,165337100,161314,160076,5965,5405,5685,5640,0,5620,0,0,0,2017-04-18,32502592,5635,69,0,0,0,0,0,0,0,0,5640,23,0,0,0,0,0,0,0,0
197,2017-04-18,09:01:43,97,v1709,XDCE,5640,5620,5670,5952,168157100,161246,160076,5965,5405,5685,5640,0,5620,0,0,0,2017-04-18,32503097,5635,70,0,0,0,0,0,0,0,0,5640,3,0,0,0,0,0,0,0,0
198,2017-04-18,09:01:43,445,v1709,XDCE,5640,5620,5670,6012,169849100,161212,160076,5965,5405,5685,5640,0,5620,0,0,0,2017-04-18,32503445,5640,16,0,0,0,0,0,0,0,0,5645,149,0,0,0,0,0,0,0,0
199,2017-04-18,09:01:44,64,v1709,XDCE,5645,5620,5670,6194,174983800,161150,160076,5965,5405,5685,5640,0,5620,0,0,0,2017-04-18,32504064,5640,10,0,0,0,0,0,0,0,0,5645,105,0,0,0,0,0,0,0,0
200,2017-04-18,09:01:44,556,v1709,XDCE,5640,5620,5670,6214,175547800,161150,160076,5965,5405,5685,5640,0,5620,0,0,0,2017-04-18,32504556,5635,77,0,0,0,0,0,0,0,0,5645,115,0,0,0,0,0,0,0,0
201,2017-04-18,09:01:45,98,v1709,XDCE,5640,5620,5670,6214,175547800,161150,160076,5965,5405,5685,5640,0,5620,0,0,0,2017-04-18,32505098,5640,26,0,0,0,0,0,0,0,0,5645,19,0,0,0,0,0,0,0,0
202,2017-04-18,09:01:45,453,v1709,XDCE,5640,5620,5670,6214,175547800,161150,160076,5965,5405,5685,5640,0,5620,0,0,0,2017-04-18,32505453,5640,28,0,0,0,0,0,0,0,0,5645,23,0,0,0,0,0,0,0,0
203,2017-04-18,09:01:46,77,v1709,XDCE,5645,5620,5670,6226,175886450,161150,160076,5965,5405,5685,5640,0,5620,0,0,0,2017-04-18,32506077,5640,31,0,0,0,0,0,0,0,0,5645,58,0,0,0,0,0,0,0,0
204,2017-04-18,09:01:46,595,v1709,XDCE,5640,5620,5670,6232,176055650,161146,160076,5965,5405,5685,5640,0,5620,0,0,0,2017-04-18,32506595,5640,29,0,0,0,0,0,0,0,0,5645,69,0,0,0,0,0,0,0,0
205,2017-04-18,09:01:47,96,v1709,XDCE,5640,5620,5670,6232,176055650,161146,160076,5965,5405,5685,5640,0,5620,0,0,0,2017-04-18,32507096,5640,29,0,0,0,0,0,0,0,0,5645,70,0,0,0,0,0,0,0,0
206,2017-04-18,09:01:47,582,v1709,XDCE,5640,5620,5670,6232,176055650,161146,160076,5965,5405,5685,5640,0,5620,0,0,0,2017-04-18,32507582,5640,40,0,0,0,0,0,0,0,0,5645,71,0,0,0,0,0,0,0,0
207,2017-04-18,09:01:48,47,v1709,XDCE,5640,5620,5670,6234,176112050,161144,160076,5965,5405,5685,5640,0,5620,0,0,0,2017-04-18,32508047,5640,42,0,0,0,0,0,0,0,0,5645,71,0,0,0,0,0,0,0,0
208,2017-04-18,09:01:48,585,v1709,XDCE,5640,5620,5670,6334,178932050,161082,160076,5965,5405,5685,5640,0,5620,0,0,0,2017-04-18,32508585,5640,24,0,0,0,0,0,0,0,0,5645,73,0,0,0,0,0,0,0,0
209,2017-04-18,09:01:49,74,v1709,XDCE,5640,5620,5670,6334,178932050,161082,160076,5965,5405,5685,5640,0,5620,0,0,0,2017-04-18,32509074,5640,25,0,0,0,0,0,0,0,0,5645,73,0,0,0,0,0,0,0,0
210,2017-04-18,09:01:49,509,v1709,XDCE,5640,5620,5670,6334,178932050,161082,160076,5965,5405,5685,5640,0,5620,0,0,0,2017-04-18,32509509,5640,27,0,0,0,0,0,0,0,0,5645,73,0,0,0,0,0,0,0,0
211,2017-04-18,09:01:50,71,v1709,XDCE,5640,5620,5670,6348,179326850,161070,160076,5965,5405,5685,5640,0,5620,0,0,0,2017-04-18,32510071,5640,37,0,0,0,0,0,0,0,0,5645,74,0,0,0,0,0,0,0,0
212,2017-04-18,09:01:51,583,v1709,XDCE,5640,5620,5670,6368,179890850,161080,160076,5965,5405,5685,5640,0,5620,0,0,0,2017-04-18,32511583,5640,27,0,0,0,0,0,0,0,0,5645,74,0,0,0,0,0,0,0,0
213,2017-04-18,09:01:53,565,v1709,XDCE,5640,5620,5670,6378,180172850,161078,160076,5965,5405,5685,5640,0,5620,0,0,0,2017-04-18,32513565,5640,32,0,0,0,0,0,0,0,0,5645,74,0,0,0,0,0,0,0,0
214,2017-04-18,09:01:54,13,v1709,XDCE,5640,5620,5670,6478,182992850,161010,160076,5965,5405,5685,5640,0,5620,0,0,0,2017-04-18,32514013,5640,19,0,0,0,0,0,0,0,0,5645,74,0,0,0,0,0,0,0,0
215,2017-04-18,09:01:54,494,v1709,XDCE,5645,5620,5670,6486,183218650,161018,160076,5965,5405,5685,5640,0,5620,0,0,0,2017-04-18,32514494,5640,19,0,0,0,0,0,0,0,0,5645,71,0,0,0,0,0,0,0,0
216,2017-04-18,09:01:55,53,v1709,XDCE,5645,5620,5670,6486,183218650,161018,160076,5965,5405,5685,5640,0,5620,0,0,0,2017-04-18,32515053,5640,23,0,0,0,0,0,0,0,0,5645,71,0,0,0,0,0,0,0,0
217,2017-04-18,09:01:55,345,v1709,XDCE,5645,5620,5670,6486,183218650,161018,160076,5965,5405,5685,5640,0,5620,0,0,0,2017-04-18,32515345,5640,23,0,0,0,0,0,0,0,0,5645,72,0,0,0,0,0,0,0,0
218,2017-04-18,09:01:56,40,v1709,XDCE,5640,5620,5670,6490,183331450,161014,160076,5965,5405,5685,5640,0,5620,0,0,0,2017-04-18,32516040,5640,22,0,0,0,0,0,0,0,0,5645,68,0,0,0,0,0,0,0,0
219,2017-04-18,09:01:56,480,v1709,XDCE,5640,5620,5670,6492,183387850,161012,160076,5965,5405,5685,5640,0,5620,0,0,0,2017-04-18,32516480,5640,22,0,0,0,0,0,0,0,0,5645,66,0,0,0,0,0,0,0,0
220,2017-04-18,09:01:57,516,v1709,XDCE,5645,5620,5670,6496,183500700,161012,160076,5965,5405,5685,5640,0,5620,0,0,0,2017-04-18,32517516,5640,21,0,0,0,0,0,0,0,0,5645,65,0,0,0,0,0,0,0,0
221,2017-04-18,09:01:58,90,v1709,XDCE,5645,5620,5670,6500,183613600,161012,160076,5965,5405,5685,5640,0,5620,0,0,0,2017-04-18,32518090,5640,22,0,0,0,0,0,0,0,0,5645,63,0,0,0,0,0,0,0,0
222,2017-04-18,09:01:58,388,v1709,XDCE,5645,5620,5670,6500,183613600,161012,160076,5965,5405,5685,5640,0,5620,0,0,0,2017-04-18,32518388,5640,22,0,0,0,0,0,0,0,0,5645,66,0,0,0,0,0,0,0,0
223,2017-04-18,09:01:59,99,v1709,XDCE,5640,5620,5670,6512,183952000,161000,160076,5965,5405,5685,5640,0,5620,0,0,0,2017-04-18,32519099,5640,17,0,0,0,0,0,0,0,0,5645,67,0,0,0,0,0,0,0,0
224,2017-04-18,09:02:00,53,v1709,XDCE,5640,5620,5670,6514,184008400,160998,160076,5965,5405,5685,5640,0,5620,0,0,0,2017-04-18,32520053,5640,17,0,0,0,0,0,0,0,0,5645,69,0,0,0,0,0,0,0,0
225,2017-04-18,09:02:00,585,v1709,XDCE,5640,5620,5670,6514,184008400,160998,160076,5965,5405,5685,5640,0,5620,0,0,0,2017-04-18,32520585,5640,26,0,0,0,0,0,0,0,0,5645,69,0,0,0,0,0,0,0,0
226,2017-04-18,09:02:01,97,v1709,XDCE,5640,5620,5670,6514,184008400,160998,160076,5965,5405,5685,5640,0,5620,0,0,0,2017-04-18,32521097,5640,32,0,0,0,0,0,0,0,0,5645,59,0,0,0,0,0,0,0,0
227,2017-04-18,09:02:01,598,v1709,XDCE,5640,5620,5670,6514,184008400,160998,160076,5965,5405,5685,5640,0,5620,0,0,0,2017-04-18,32521598,5640,49,0,0,0,0,0,0,0,0,5645,59,0,0,0,0,0,0,0,0
228,2017-04-18,09:02:02,97,v1709,XDCE,5640,5620,5670,6514,184008400,160998,160076,5965,5405,5685,5640,0,5620,0,0,0,2017-04-18,32522097,5640,56,0,0,0,0,0,0,0,0,5645,62,0,0,0,0,0,0,0,0
229,2017-04-18,09:02:02,593,v1709,XDCE,5640,5620,5670,6514,184008400,160998,160076,5965,5405,5685,5640,0,5620,0,0,0,2017-04-18,32522593,5640,102,0,0,0,0,0,0,0,0,5645,62,0,0,0,0,0,0,0,0
230,2017-04-18,09:02:03,95,v1709,XDCE,5645,5620,5670,6578,185814800,161032,160076,5965,5405,5685,5640,0,5620,0,0,0,2017-04-18,32523095,5640,109,0,0,0,0,0,0,0,0,5645,27,0,0,0,0,0,0,0,0
231,2017-04-18,09:02:03,595,v1709,XDCE,5645,5620,5670,6632,187338950,161024,160076,5965,5405,5685,5640,0,5620,0,0,0,2017-04-18,32523595,5645,49,0,0,0,0,0,0,0,0,5650,82,0,0,0,0,0,0,0,0
232,2017-04-18,09:02:04,97,v1709,XDCE,5645,5620,5670,6642,187621200,161022,160076,5965,5405,5685,5640,0,5620,0,0,0,2017-04-18,32524097,5645,47,0,0,0,0,0,0,0,0,5650,75,0,0,0,0,0,0,0,0
233,2017-04-18,09:02:04,517,v1709,XDCE,5645,5620,5670,6646,187734100,161020,160076,5965,5405,5685,5640,0,5620,0,0,0,2017-04-18,32524517,5645,45,0,0,0,0,0,0,0,0,5650,71,0,0,0,0,0,0,0,0
234,2017-04-18,09:02:05,61,v1709,XDCE,5645,5620,5670,6646,187734100,161020,160076,5965,5405,5685,5640,0,5620,0,0,0,2017-04-18,32525061,5645,45,0,0,0,0,0,0,0,0,5650,74,0,0,0,0,0,0,0,0
235,2017-04-18,09:02:05,478,v1709,XDCE,5645,5620,5670,6654,187959900,161020,160076,5965,5405,5685,5640,0,5620,0,0,0,2017-04-18,32525478,5645,41,0,0,0,0,0,0,0,0,5650,77,0,0,0,0,0,0,0,0
236,2017-04-18,09:02:08,36,v1709,XDCE,5645,5620,5670,6670,188411500,161020,160076,5965,5405,5685,5640,0,5620,0,0,0,2017-04-18,32528036,5645,33,0,0,0,0,0,0,0,0,5650,77,0,0,0,0,0,0,0,0
237,2017-04-18,09:02:08,593,v1709,XDCE,5645,5620,5670,6670,188411500,161020,160076,5965,5405,5685,5640,0,5620,0,0,0,2017-04-18,32528593,5645,33,0,0,0,0,0,0,0,0,5650,77,0,0,0,0,0,0,0,0
238,2017-04-18,09:02:09,63,v1709,XDCE,5645,5620,5670,6670,188411500,161020,160076,5965,5405,5685,5640,0,5620,0,0,0,2017-04-18,32529063,5645,33,0,0,0,0,0,0,0,0,5650,74,0,0,0,0,0,0,0,0
239,2017-04-18,09:02:10,92,v1709,XDCE,5645,5620,5670,6670,188411500,161020,160076,5965,5405,5685,5640,0,5620,0,0,0,2017-04-18,32530092,5645,34,0,0,0,0,0,0,0,0,5650,75,0,0,0,0,0,0,0,0
240,2017-04-18,09:02:11,95,v1709,XDCE,5645,5620,5670,6680,188693750,161020,160076,5965,5405,5685,5640,0,5620,0,0,0,2017-04-18,32531095,5645,30,0,0,0,0,0,0,0,0,5650,83,0,0,0,0,0,0,0,0
241,2017-04-18,09:02:11,578,v1709,XDCE,5645,5620,5670,6680,188693750,161020,160076,5965,5405,5685,5640,0,5620,0,0,0,2017-04-18,32531578,5645,35,0,0,0,0,0,0,0,0,5650,83,0,0,0,0,0,0,0,0
242,2017-04-18,09:02:12,65,v1709,XDCE,5645,5620,5670,6682,188750200,161020,160076,5965,5405,5685,5640,0,5620,0,0,0,2017-04-18,32532065,5645,36,0,0,0,0,0,0,0,0,5650,83,0,0,0,0,0,0,0,0
243,2017-04-18,09:02:12,424,v1709,XDCE,5645,5620,5670,6688,188919550,161016,160076,5965,5405,5685,5640,0,5620,0,0,0,2017-04-18,32532424,5645,33,0,0,0,0,0,0,0,0,5650,83,0,0,0,0,0,0,0,0
244,2017-04-18,09:02:13,35,v1709,XDCE,5645,5620,5670,6688,188919550,161016,160076,5965,5405,5685,5640,0,5620,0,0,0,2017-04-18,32533035,5645,34,0,0,0,0,0,0,0,0,5650,83,0,0,0,0,0,0,0,0
245,2017-04-18,09:02:14,915,v1709,XDCE,5645,5620,5670,6696,189145350,161024,160076,5965,5405,5685,5640,0,5620,0,0,0,2017-04-18,32534915,5645,30,0,0,0,0,0,0,0,0,5650,83,0,0,0,0,0,0,0,0
246,2017-04-18,09:02:15,596,v1709,XDCE,5645,5620,5670,6700,189258250,161028,160076,5965,5405,5685,5640,0,5620,0,0,0,2017-04-18,32535596,5645,28,0,0,0,0,0,0,0,0,5650,83,0,0,0,0,0,0,0,0
247,2017-04-18,09:02:16,98,v1709,XDCE,5645,5620,5670,6700,189258250,161028,160076,5965,5405,5685,5640,0,5620,0,0,0,2017-04-18,32536098,5645,47,0,0,0,0,0,0,0,0,5650,83,0,0,0,0,0,0,0,0
248,2017-04-18,09:02:16,585,v1709,XDCE,5645,5620,5670,6700,189258250,161028,160076,5965,5405,5685,5640,0,5620,0,0,0,2017-04-18,32536585,5645,48,0,0,0,0,0,0,0,0,5650,83,0,0,0,0,0,0,0,0
249,2017-04-18,09:02:17,99,v1709,XDCE,5645,5620,5670,6700,189258250,161028,160076,5965,5405,5685,5640,0,5620,0,0,0,2017-04-18,32537099,5645,53,0,0,0,0,0,0,0,0,5650,96,0,0,0,0,0,0,0,0
250,2017-04-18,09:02:18,594,v1709,XDCE,5650,5620,5670,6712,189597250,161028,160076,5965,5405,5685,5640,0,5620,0,0,0,2017-04-18,32538594,5645,116,0,0,0,0,0,0,0,0,5650,77,0,0,0,0,0,0,0,0
251,2017-04-18,09:02:19,29,v1709,XDCE,5650,5620,5670,6712,189597250,161028,160076,5965,5405,5685,5640,0,5620,0,0,0,2017-04-18,32539029,5645,116,0,0,0,0,0,0,0,0,5650,83,0,0,0,0,0,0,0,0
252,2017-04-18,09:02:19,547,v1709,XDCE,5650,5620,5670,6746,190557750,161034,160076,5965,5405,5685,5640,0,5620,0,0,0,2017-04-18,32539547,5645,116,0,0,0,0,0,0,0,0,5650,66,0,0,0,0,0,0,0,0
253,2017-04-18,09:02:20,4,v1709,XDCE,5650,5620,5670,6746,190557750,161034,160076,5965,5405,5685,5640,0,5620,0,0,0,2017-04-18,32540004,5645,117,0,0,0,0,0,0,0,0,5650,66,0,0,0,0,0,0,0,0
254,2017-04-18,09:02:20,552,v1709,XDCE,5650,5620,5670,6748,190614250,161034,160076,5965,5405,5685,5640,0,5620,0,0,0,2017-04-18,32540552,5645,127,0,0,0,0,0,0,0,0,5650,65,0,0,0,0,0,0,0,0
255,2017-04-18,09:02:21,95,v1709,XDCE,5650,5620,5670,6748,190614250,161034,160076,5965,5405,5685,5640,0,5620,0,0,0,2017-04-18,32541095,5645,135,0,0,0,0,0,0,0,0,5650,65,0,0,0,0,0,0,0,0
256,2017-04-18,09:02:21,526,v1709,XDCE,5650,5620,5670,6752,190727250,161034,160076,5965,5405,5685,5640,0,5620,0,0,0,2017-04-18,32541526,5645,135,0,0,0,0,0,0,0,0,5650,63,0,0,0,0,0,0,0,0
257,2017-04-18,09:02:22,44,v1709,XDCE,5650,5620,5670,6758,190896750,161028,160076,5965,5405,5685,5640,0,5620,0,0,0,2017-04-18,32542044,5645,135,0,0,0,0,0,0,0,0,5650,50,0,0,0,0,0,0,0,0
258,2017-04-18,09:02:22,473,v1709,XDCE,5650,5620,5670,6758,190896750,161028,160076,5965,5405,5685,5640,0,5620,0,0,0,2017-04-18,32542473,5645,137,0,0,0,0,0,0,0,0,5650,50,0,0,0,0,0,0,0,0
259,2017-04-18,09:02:23,546,v1709,XDCE,5650,5620,5670,6758,190896750,161028,160076,5965,5405,5685,5640,0,5620,0,0,0,2017-04-18,32543546,5645,140,0,0,0,0,0,0,0,0,5650,50,0,0,0,0,0,0,0,0
260,2017-04-18,09:02:24,37,v1709,XDCE,5645,5620,5670,6762,191009650,161032,160076,5965,5405,5685,5640,0,5620,0,0,0,2017-04-18,32544037,5645,140,0,0,0,0,0,0,0,0,5650,50,0,0,0,0,0,0,0,0
261,2017-04-18,09:02:24,567,v1709,XDCE,5650,5620,5670,6768,191179150,161032,160076,5965,5405,5685,5640,0,5620,0,0,0,2017-04-18,32544567,5645,140,0,0,0,0,0,0,0,0,5650,47,0,0,0,0,0,0,0,0
262,2017-04-18,09:02:25,92,v1709,XDCE,5650,5620,5670,6768,191179150,161032,160076,5965,5405,5685,5640,0,5620,0,0,0,2017-04-18,32545092,5645,140,0,0,0,0,0,0,0,0,5650,57,0,0,0,0,0,0,0,0
263,2017-04-18,09:02:26,93,v1709,XDCE,5650,5620,5670,6768,191179150,161032,160076,5965,5405,5685,5640,0,5620,0,0,0,2017-04-18,32546093,5645,100,0,0,0,0,0,0,0,0,5650,57,0,0,0,0,0,0,0,0
264,2017-04-18,09:02:26,480,v1709,XDCE,5650,5620,5670,6768,191179150,161032,160076,5965,5405,5685,5640,0,5620,0,0,0,2017-04-18,32546480,5645,103,0,0,0,0,0,0,0,0,5650,58,0,0,0,0,0,0,0,0
265,2017-04-18,09:02:27,74,v1709,XDCE,5645,5620,5670,6776,191404950,161032,160076,5965,5405,5685,5640,0,5620,0,0,0,2017-04-18,32547074,5645,98,0,0,0,0,0,0,0,0,5650,59,0,0,0,0,0,0,0,0
266,2017-04-18,09:02:27,462,v1709,XDCE,5645,5620,5670,6776,191404950,161032,160076,5965,5405,5685,5640,0,5620,0,0,0,2017-04-18,32547462,5645,98,0,0,0,0,0,0,0,0,5650,69,0,0,0,0,0,0,0,0
267,2017-04-18,09:02:28,93,v1709,XDCE,5645,5620,5670,6776,191404950,161032,160076,5965,5405,5685,5640,0,5620,0,0,0,2017-04-18,32548093,5645,96,0,0,0,0,0,0,0,0,5650,69,0,0,0,0,0,0,0,0
268,2017-04-18,09:02:28,508,v1709,XDCE,5650,5620,5670,6778,191461450,161034,160076,5965,5405,5685,5640,0,5620,0,0,0,2017-04-18,32548508,5645,96,0,0,0,0,0,0,0,0,5650,68,0,0,0,0,0,0,0,0
269,2017-04-18,09:02:29,87,v1709,XDCE,5645,5620,5670,6780,191517900,161036,160076,5965,5405,5685,5640,0,5620,0,0,0,2017-04-18,32549087,5645,95,0,0,0,0,0,0,0,0,5650,68,0,0,0,0,0,0,0,0
270,2017-04-18,09:02:30,94,v1709,XDCE,5645,5620,5670,6780,191517900,161036,160076,5965,5405,5685,5640,0,5620,0,0,0,2017-04-18,32550094,5645,95,0,0,0,0,0,0,0,0,5650,69,0,0,0,0,0,0,0,0
271,2017-04-18,09:02:31,23,v1709,XDCE,5645,5620,5670,6970,196880650,160976,160076,5965,5405,5685,5640,0,5620,0,0,0,2017-04-18,32551023,5640,159,0,0,0,0,0,0,0,0,5645,6,0,0,0,0,0,0,0,0
272,2017-04-18,09:02:31,552,v1709,XDCE,5645,5620,5670,6974,196993550,160974,160076,5965,5405,5685,5640,0,5620,0,0,0,2017-04-18,32551552,5640,161,0,0,0,0,0,0,0,0,5645,10,0,0,0,0,0,0,0,0
273,2017-04-18,09:02:32,40,v1709,XDCE,5645,5620,5670,6992,197501600,160962,160076,5965,5405,5685,5640,0,5620,0,0,0,2017-04-18,32552040,5640,160,0,0,0,0,0,0,0,0,5645,1,0,0,0,0,0,0,0,0
274,2017-04-18,09:02:32,595,v1709,XDCE,5645,5620,5670,6994,197558050,160962,160076,5965,5405,5685,5640,0,5620,0,0,0,2017-04-18,32552595,5645,19,0,0,0,0,0,0,0,0,5650,101,0,0,0,0,0,0,0,0
275,2017-04-18,09:02:32,925,v1709,XDCE,5645,5620,5670,6994,197558050,160962,160076,5965,5405,5685,5640,0,5620,0,0,0,2017-04-18,32552925,5645,27,0,0,0,0,0,0,0,0,5650,101,0,0,0,0,0,0,0,0
276,2017-04-18,09:02:33,579,v1709,XDCE,5645,5620,5670,6994,197558050,160962,160076,5965,5405,5685,5640,0,5620,0,0,0,2017-04-18,32553579,5645,28,0,0,0,0,0,0,0,0,5650,96,0,0,0,0,0,0,0,0
277,2017-04-18,09:02:33,946,v1709,XDCE,5645,5620,5670,6994,197558050,160962,160076,5965,5405,5685,5640,0,5620,0,0,0,2017-04-18,32553946,5645,29,0,0,0,0,0,0,0,0,5650,87,0,0,0,0,0,0,0,0
278,2017-04-18,09:02:34,599,v1709,XDCE,5645,5620,5670,7010,198009650,160954,160076,5965,5405,5685,5640,0,5620,0,0,0,2017-04-18,32554599,5645,21,0,0,0,0,0,0,0,0,5650,87,0,0,0,0,0,0,0,0
279,2017-04-18,09:02:34,932,v1709,XDCE,5645,5620,5670,7010,198009650,160954,160076,5965,5405,5685,5640,0,5620,0,0,0,2017-04-18,32554932,5645,23,0,0,0,0,0,0,0,0,5650,87,0,0,0,0,0,0,0,0
280,2017-04-18,09:02:36,84,v1709,XDCE,5645,5620,5670,7056,199308000,160942,160076,5965,5405,5685,5640,0,5620,0,0,0,2017-04-18,32556084,5640,163,0,0,0,0,0,0,0,0,5645,35,0,0,0,0,0,0,0,0
281,2017-04-18,09:02:36,428,v1709,XDCE,5645,5620,5670,7056,199308000,160942,160076,5965,5405,5685,5640,0,5620,0,0,0,2017-04-18,32556428,5640,159,0,0,0,0,0,0,0,0,5645,40,0,0,0,0,0,0,0,0
282,2017-04-18,09:02:37,362,v1709,XDCE,5645,5620,5670,7056,199308000,160942,160076,5965,5405,5685,5640,0,5620,0,0,0,2017-04-18,32557362,5640,163,0,0,0,0,0,0,0,0,5645,40,0,0,0,0,0,0,0,0
283,2017-04-18,09:02:38,64,v1709,XDCE,5645,5620,5670,7056,199308000,160942,160076,5965,5405,5685,5640,0,5620,0,0,0,2017-04-18,32558064,5640,163,0,0,0,0,0,0,0,0,5645,42,0,0,0,0,0,0,0,0
284,2017-04-18,09:02:38,590,v1709,XDCE,5645,5620,5670,7056,199308000,160942,160076,5965,5405,5685,5640,0,5620,0,0,0,2017-04-18,32558590,5640,173,0,0,0,0,0,0,0,0,5645,42,0,0,0,0,0,0,0,0
285,2017-04-18,09:02:38,789,v1709,XDCE,5645,5620,5670,7056,199308000,160942,160076,5965,5405,5685,5640,0,5620,0,0,0,2017-04-18,32558789,5640,173,0,0,0,0,0,0,0,0,5645,52,0,0,0,0,0,0,0,0
286,2017-04-18,09:02:39,564,v1709,XDCE,5645,5620,5670,7060,199420900,160942,160076,5965,5405,5685,5640,0,5620,0,0,0,2017-04-18,32559564,5640,173,0,0,0,0,0,0,0,0,5645,51,0,0,0,0,0,0,0,0
287,2017-04-18,09:02:41,95,v1709,XDCE,5645,5620,5670,7060,199420900,160942,160076,5965,5405,5685,5640,0,5620,0,0,0,2017-04-18,32561095,5640,174,0,0,0,0,0,0,0,0,5645,51,0,0,0,0,0,0,0,0
288,2017-04-18,09:02:42,411,v1709,XDCE,5645,5620,5670,7060,199420900,160942,160076,5965,5405,5685,5640,0,5620,0,0,0,2017-04-18,32562411,5640,171,0,0,0,0,0,0,0,0,5645,51,0,0,0,0,0,0,0,0
289,2017-04-18,09:02:43,33,v1709,XDCE,5645,5620,5670,7060,199420900,160942,160076,5965,5405,5685,5640,0,5620,0,0,0,2017-04-18,32563033,5640,170,0,0,0,0,0,0,0,0,5645,54,0,0,0,0,0,0,0,0
290,2017-04-18,09:02:43,599,v1709,XDCE,5645,5620,5670,7062,199477350,160942,160076,5965,5405,5685,5640,0,5620,0,0,0,2017-04-18,32563599,5640,170,0,0,0,0,0,0,0,0,5645,53,0,0,0,0,0,0,0,0
291,2017-04-18,09:02:44,83,v1709,XDCE,5645,5620,5670,7102,200606350,160942,160076,5965,5405,5685,5640,0,5620,0,0,0,2017-04-18,32564083,5640,170,0,0,0,0,0,0,0,0,5645,33,0,0,0,0,0,0,0,0
292,2017-04-18,09:02:45,82,v1709,XDCE,5645,5620,5670,7106,200719250,160942,160076,5965,5405,5685,5640,0,5620,0,0,0,2017-04-18,32565082,5640,170,0,0,0,0,0,0,0,0,5645,32,0,0,0,0,0,0,0,0
293,2017-04-18,09:02:46,88,v1709,XDCE,5645,5620,5670,7108,200775700,160942,160076,5965,5405,5685,5640,0,5620,0,0,0,2017-04-18,32566088,5640,170,0,0,0,0,0,0,0,0,5645,32,0,0,0,0,0,0,0,0
294,2017-04-18,09:02:46,558,v1709,XDCE,5645,5620,5670,7108,200775700,160942,160076,5965,5405,5685,5640,0,5620,0,0,0,2017-04-18,32566558,5640,170,0,0,0,0,0,0,0,0,5645,23,0,0,0,0,0,0,0,0
295,2017-04-18,09:02:46,995,v1709,XDCE,5645,5620,5670,7130,201396150,160950,160076,5965,5405,5685,5640,0,5620,0,0,0,2017-04-18,32566995,5640,160,0,0,0,0,0,0,0,0,5645,42,0,0,0,0,0,0,0,0
296,2017-04-18,09:02:48,595,v1709,XDCE,5645,5620,5670,7132,201452600,160948,160076,5965,5405,5685,5640,0,5620,0,0,0,2017-04-18,32568595,5640,161,0,0,0,0,0,0,0,0,5645,41,0,0,0,0,0,0,0,0
297,2017-04-18,09:02:49,530,v1709,XDCE,5645,5620,5670,7132,201452600,160948,160076,5965,5405,5685,5640,0,5620,0,0,0,2017-04-18,32569530,5640,163,0,0,0,0,0,0,0,0,5645,41,0,0,0,0,0,0,0,0
298,2017-04-18,09:02:49,843,v1709,XDCE,5645,5620,5670,7132,201452600,160948,160076,5965,5405,5685,5640,0,5620,0,0,0,2017-04-18,32569843,5640,159,0,0,0,0,0,0,0,0,5645,91,0,0,0,0,0,0,0,0
299,2017-04-18,09:02:50,928,v1709,XDCE,5645,5620,5670,7132,201452600,160948,160076,5965,5405,5685,5640,0,5620,0,0,0,2017-04-18,32570928,5640,164,0,0,0,0,0,0,0,0,5645,91,0,0,0,0,0,0,0,0
300,2017-04-18,09:02:51,517,v1709,XDCE,5645,5620,5670,7132,201452600,160948,160076,5965,5405,5685,5640,0,5620,0,0,0,2017-04-18,32571517,5640,163,0,0,0,0,0,0,0,0,5645,85,0,0,0,0,0,0,0,0
301,2017-04-18,09:02:54,89,v1709,XDCE,5645,5620,5670,7140,201678400,160952,160076,5965,5405,5685,5640,0,5620,0,0,0,2017-04-18,32574089,5640,163,0,0,0,0,0,0,0,0,5645,81,0,0,0,0,0,0,0,0
302,2017-04-18,09:02:55,84,v1709,XDCE,5645,5620,5670,7140,201678400,160952,160076,5965,5405,5685,5640,0,5620,0,0,0,2017-04-18,32575084,5640,159,0,0,0,0,0,0,0,0,5645,81,0,0,0,0,0,0,0,0
303,2017-04-18,09:02:55,529,v1709,XDCE,5645,5620,5670,7160,202242900,160964,160076,5965,5405,5685,5640,0,5620,0,0,0,2017-04-18,32575529,5640,161,0,0,0,0,0,0,0,0,5645,73,0,0,0,0,0,0,0,0
304,2017-04-18,09:02:56,570,v1709,XDCE,5645,5620,5670,7170,202525150,160974,160076,5965,5405,5685,5640,0,5620,0,0,0,2017-04-18,32576570,5640,161,0,0,0,0,0,0,0,0,5645,68,0,0,0,0,0,0,0,0
305,2017-04-18,09:02:58,14,v1709,XDCE,5645,5620,5670,7174,202638050,160978,160076,5965,5405,5685,5640,0,5620,0,0,0,2017-04-18,32578014,5640,161,0,0,0,0,0,0,0,0,5645,66,0,0,0,0,0,0,0,0
306,2017-04-18,09:02:58,589,v1709,XDCE,5640,5620,5670,7204,203484050,161008,160076,5965,5405,5685,5640,0,5620,0,0,0,2017-04-18,32578589,5640,146,0,0,0,0,0,0,0,0,5645,66,0,0,0,0,0,0,0,0
307,2017-04-18,09:02:59,2,v1709,XDCE,5645,5620,5670,7336,207209750,161036,160076,5965,5405,5685,5640,0,5620,0,0,0,2017-04-18,32579002,5645,35,0,0,0,0,0,0,0,0,5650,119,0,0,0,0,0,0,0,0
308,2017-04-18,09:02:59,458,v1709,XDCE,5645,5620,5670,7336,207209750,161036,160076,5965,5405,5685,5640,0,5620,0,0,0,2017-04-18,32579458,5645,40,0,0,0,0,0,0,0,0,5650,119,0,0,0,0,0,0,0,0
309,2017-04-18,09:03:00,85,v1709,XDCE,5645,5620,5670,7356,207774250,161036,160076,5965,5405,5685,5640,0,5620,0,0,0,2017-04-18,32580085,5645,30,0,0,0,0,0,0,0,0,5650,119,0,0,0,0,0,0,0,0
310,2017-04-18,09:03:00,249,v1709,XDCE,5645,5620,5670,7370,208169400,161050,160076,5965,5405,5685,5640,0,5620,0,0,0,2017-04-18,32580249,5645,23,0,0,0,0,0,0,0,0,5650,119,0,0,0,0,0,0,0,0
311,2017-04-18,09:03:01,84,v1709,XDCE,5645,5620,5670,7416,209467750,161068,160076,5965,5405,5685,5640,0,5620,0,0,0,2017-04-18,32581084,5640,150,0,0,0,0,0,0,0,0,5645,10,0,0,0,0,0,0,0,0
312,2017-04-18,09:03:01,344,v1709,XDCE,5645,5620,5670,7416,209467750,161068,160076,5965,5405,5685,5640,0,5620,0,0,0,2017-04-18,32581344,5640,162,0,0,0,0,0,0,0,0,5645,15,0,0,0,0,0,0,0,0
313,2017-04-18,09:03:02,77,v1709,XDCE,5645,5620,5670,7416,209467750,161068,160076,5965,5405,5685,5640,0,5620,0,0,0,2017-04-18,32582077,5640,160,0,0,0,0,0,0,0,0,5645,79,0,0,0,0,0,0,0,0
314,2017-04-18,09:03:02,600,v1709,XDCE,5645,5620,5670,7418,209524200,161070,160076,5965,5405,5685,5640,0,5620,0,0,0,2017-04-18,32582600,5640,157,0,0,0,0,0,0,0,0,5645,128,0,0,0,0,0,0,0,0
315,2017-04-18,09:03:02,689,v1709,XDCE,5645,5620,5670,7418,209524200,161070,160076,5965,5405,5685,5640,0,5620,0,0,0,2017-04-18,32582689,5640,157,0,0,0,0,0,0,0,0,5645,130,0,0,0,0,0,0,0,0
316,2017-04-18,09:03:05,97,v1709,XDCE,5645,5620,5670,7418,209524200,161070,160076,5965,5405,5685,5640,0,5620,0,0,0,2017-04-18,32585097,5640,148,0,0,0,0,0,0,0,0,5645,140,0,0,0,0,0,0,0,0
317,2017-04-18,09:03:07,32,v1709,XDCE,5640,5620,5670,7420,209580600,161072,160076,5965,5405,5685,5640,0,5620,0,0,0,2017-04-18,32587032,5640,147,0,0,0,0,0,0,0,0,5645,140,0,0,0,0,0,0,0,0
318,2017-04-18,09:03:07,366,v1709,XDCE,5640,5620,5670,7420,209580600,161072,160076,5965,5405,5685,5640,0,5620,0,0,0,2017-04-18,32587366,5640,145,0,0,0,0,0,0,0,0,5645,140,0,0,0,0,0,0,0,0
319,2017-04-18,09:03:08,349,v1709,XDCE,5640,5620,5670,7420,209580600,161072,160076,5965,5405,5685,5640,0,5620,0,0,0,2017-04-18,32588349,5640,146,0,0,0,0,0,0,0,0,5645,140,0,0,0,0,0,0,0,0
320,2017-04-18,09:03:09,579,v1709,XDCE,5640,5620,5670,7420,209580600,161072,160076,5965,5405,5685,5640,0,5620,0,0,0,2017-04-18,32589579,5640,145,0,0,0,0,0,0,0,0,5645,140,0,0,0,0,0,0,0,0
321,2017-04-18,09:03:10,499,v1709,XDCE,5640,5620,5670,7420,209580600,161072,160076,5965,5405,5685,5640,0,5620,0,0,0,2017-04-18,32590499,5640,145,0,0,0,0,0,0,0,0,5645,200,0,0,0,0,0,0,0,0
322,2017-04-18,09:03:11,64,v1709,XDCE,5640,5620,5670,7524,212513400,161032,160076,5965,5405,5685,5640,0,5620,0,0,0,2017-04-18,32591064,5640,93,0,0,0,0,0,0,0,0,5645,200,0,0,0,0,0,0,0,0
323,2017-04-18,09:03:11,566,v1709,XDCE,5640,5620,5670,7710,217758600,161196,160076,5965,5405,5685,5640,0,5620,0,0,0,2017-04-18,32591566,5635,100,0,0,0,0,0,0,0,0,5640,100,0,0,0,0,0,0,0,0
324,2017-04-18,09:03:12,29,v1709,XDCE,5640,5620,5670,7710,217758600,161196,160076,5965,5405,5685,5640,0,5620,0,0,0,2017-04-18,32592029,5635,103,0,0,0,0,0,0,0,0,5640,109,0,0,0,0,0,0,0,0
325,2017-04-18,09:03:12,564,v1709,XDCE,5640,5620,5670,7712,217815000,161198,160076,5965,5405,5685,5640,0,5620,0,0,0,2017-04-18,32592564,5635,104,0,0,0,0,0,0,0,0,5640,145,0,0,0,0,0,0,0,0
326,2017-04-18,09:03:12,782,v1709,XDCE,5640,5620,5670,7712,217815000,161198,160076,5965,5405,5685,5640,0,5620,0,0,0,2017-04-18,32592782,5635,104,0,0,0,0,0,0,0,0,5640,148,0,0,0,0,0,0,0,0
327,2017-04-18,09:03:13,990,v1709,XDCE,5640,5620,5670,7712,217815000,161198,160076,5965,5405,5685,5640,0,5620,0,0,0,2017-04-18,32593990,5635,104,0,0,0,0,0,0,0,0,5640,146,0,0,0,0,0,0,0,0
328,2017-04-18,09:03:16,98,v1709,XDCE,5640,5620,5670,7712,217815000,161198,160076,5965,5405,5685,5640,0,5620,0,0,0,2017-04-18,32596098,5635,94,0,0,0,0,0,0,0,0,5640,206,0,0,0,0,0,0,0,0
329,2017-04-18,09:03:16,600,v1709,XDCE,5640,5620,5670,7712,217815000,161198,160076,5965,5405,5685,5640,0,5620,0,0,0,2017-04-18,32596600,5635,95,0,0,0,0,0,0,0,0,5640,206,0,0,0,0,0,0,0,0
330,2017-04-18,09:03:17,8,v1709,XDCE,5635,5620,5670,7722,218096750,161200,160076,5965,5405,5685,5640,0,5620,0,0,0,2017-04-18,32597008,5635,84,0,0,0,0,0,0,0,0,5640,205,0,0,0,0,0,0,0,0
331,2017-04-18,09:03:17,594,v1709,XDCE,5635,5620,5670,7726,218209450,161198,160076,5965,5405,5685,5640,0,5620,0,0,0,2017-04-18,32597594,5635,82,0,0,0,0,0,0,0,0,5640,206,0,0,0,0,0,0,0,0
332,2017-04-18,09:03:18,98,v1709,XDCE,5635,5620,5670,7736,218491200,161206,160076,5965,5405,5685,5640,0,5620,0,0,0,2017-04-18,32598098,5635,78,0,0,0,0,0,0,0,0,5640,212,0,0,0,0,0,0,0,0
333,2017-04-18,09:03:18,468,v1709,XDCE,5640,5620,5670,7738,218547600,161206,160076,5965,5405,5685,5640,0,5620,0,0,0,2017-04-18,32598468,5635,78,0,0,0,0,0,0,0,0,5640,214,0,0,0,0,0,0,0,0
334,2017-04-18,09:03:18,895,v1709,XDCE,5635,5620,5670,7740,218603950,161208,160076,5965,5405,5685,5640,0,5620,0,0,0,2017-04-18,32598895,5635,76,0,0,0,0,0,0,0,0,5640,214,0,0,0,0,0,0,0,0
335,2017-04-18,09:03:19,522,v1709,XDCE,5635,5620,5670,7742,218660300,161208,160076,5965,5405,5685,5640,0,5620,0,0,0,2017-04-18,32599522,5635,85,0,0,0,0,0,0,0,0,5640,214,0,0,0,0,0,0,0,0
336,2017-04-18,09:03:21,85,v1709,XDCE,5635,5620,5670,7846,221590500,161176,160076,5965,5405,5685,5640,0,5620,0,0,0,2017-04-18,32601085,5635,34,0,0,0,0,0,0,0,0,5640,215,0,0,0,0,0,0,0,0
337,2017-04-18,09:03:21,370,v1709,XDCE,5635,5620,5670,7928,223900850,161190,160076,5965,5405,5685,5640,0,5620,0,0,0,2017-04-18,32601370,5630,539,0,0,0,0,0,0,0,0,5640,132,0,0,0,0,0,0,0,0
338,2017-04-18,09:03:22,35,v1709,XDCE,5635,5620,5670,7928,223900850,161190,160076,5965,5405,5685,5640,0,5620,0,0,0,2017-04-18,32602035,5635,3,0,0,0,0,0,0,0,0,5640,122,0,0,0,0,0,0,0,0
339,2017-04-18,09:03:22,597,v1709,XDCE,5635,5620,5670,7954,224633400,161184,160076,5965,5405,5685,5640,0,5620,0,0,0,2017-04-18,32602597,5635,2,0,0,0,0,0,0,0,0,5640,124,0,0,0,0,0,0,0,0
340,2017-04-18,09:03:22,951,v1709,XDCE,5635,5620,5670,7954,224633400,161184,160076,5965,5405,5685,5640,0,5620,0,0,0,2017-04-18,32602951,5635,3,0,0,0,0,0,0,0,0,5640,125,0,0,0,0,0,0,0,0
341,2017-04-18,09:03:23,587,v1709,XDCE,5635,5620,5670,7962,224858800,161184,160076,5965,5405,5685,5640,0,5620,0,0,0,2017-04-18,32603587,5630,541,0,0,0,0,0,0,0,0,5635,1,0,0,0,0,0,0,0,0
342,2017-04-18,09:03:23,966,v1709,XDCE,5630,5620,5670,7964,224915100,161186,160076,5965,5405,5685,5640,0,5620,0,0,0,2017-04-18,32603966,5630,539,0,0,0,0,0,0,0,0,5635,3,0,0,0,0,0,0,0,0
343,2017-04-18,09:03:24,540,v1709,XDCE,5635,5620,5670,7986,225534600,161190,160076,5965,5405,5685,5640,0,5620,0,0,0,2017-04-18,32604540,5630,532,0,0,0,0,0,0,0,0,5640,135,0,0,0,0,0,0,0,0
344,2017-04-18,09:03:25,99,v1709,XDCE,5635,5620,5670,8006,226098350,161184,160076,5965,5405,5685,5640,0,5620,0,0,0,2017-04-18,32605099,5630,530,0,0,0,0,0,0,0,0,5640,142,0,0,0,0,0,0,0,0
345,2017-04-18,09:03:25,578,v1709,XDCE,5635,5620,5670,8006,226098350,161184,160076,5965,5405,5685,5640,0,5620,0,0,0,2017-04-18,32605578,5630,531,0,0,0,0,0,0,0,0,5640,135,0,0,0,0,0,0,0,0
346,2017-04-18,09:03:25,915,v1709,XDCE,5635,5620,5670,8006,226098350,161184,160076,5965,5405,5685,5640,0,5620,0,0,0,2017-04-18,32605915,5635,3,0,0,0,0,0,0,0,0,5640,126,0,0,0,0,0,0,0,0
347,2017-04-18,09:03:26,580,v1709,XDCE,5635,5620,5670,8010,226211050,161186,160076,5965,5405,5685,5640,0,5620,0,0,0,2017-04-18,32606580,5635,18,0,0,0,0,0,0,0,0,5640,135,0,0,0,0,0,0,0,0
348,2017-04-18,09:03:27,99,v1709,XDCE,5635,5620,5670,8014,226323750,161188,160076,5965,5405,5685,5640,0,5620,0,0,0,2017-04-18,32607099,5635,18,0,0,0,0,0,0,0,0,5640,136,0,0,0,0,0,0,0,0
349,2017-04-18,09:03:27,570,v1709,XDCE,5635,5620,5670,8014,226323750,161188,160076,5965,5405,5685,5640,0,5620,0,0,0,2017-04-18,32607570,5635,35,0,0,0,0,0,0,0,0,5640,135,0,0,0,0,0,0,0,0
350,2017-04-18,09:03:27,996,v1709,XDCE,5635,5620,5670,8022,226549150,161196,160076,5965,5405,5685,5640,0,5620,0,0,0,2017-04-18,32607996,5635,35,0,0,0,0,0,0,0,0,5640,135,0,0,0,0,0,0,0,0
351,2017-04-18,09:03:28,588,v1709,XDCE,5635,5620,5670,8054,227450750,161228,160076,5965,5405,5685,5640,0,5620,0,0,0,2017-04-18,32608588,5635,29,0,0,0,0,0,0,0,0,5640,135,0,0,0,0,0,0,0,0
352,2017-04-18,09:03:29,100,v1709,XDCE,5635,5620,5670,8056,227507100,161230,160076,5965,5405,5685,5640,0,5620,0,0,0,2017-04-18,32609100,5635,67,0,0,0,0,0,0,0,0,5640,125,0,0,0,0,0,0,0,0
353,2017-04-18,09:03:29,548,v1709,XDCE,5635,5620,5670,8156,230324600,161214,160076,5965,5405,5685,5640,0,5620,0,0,0,2017-04-18,32609548,5635,19,0,0,0,0,0,0,0,0,5640,123,0,0,0,0,0,0,0,0
354,2017-04-18,09:03:30,96,v1709,XDCE,5635,5620,5670,8156,230324600,161214,160076,5965,5405,5685,5640,0,5620,0,0,0,2017-04-18,32610096,5635,69,0,0,0,0,0,0,0,0,5640,123,0,0,0,0,0,0,0,0
355,2017-04-18,09:03:30,524,v1709,XDCE,5635,5620,5670,8156,230324600,161214,160076,5965,5405,5685,5640,0,5620,0,0,0,2017-04-18,32610524,5635,89,0,0,0,0,0,0,0,0,5640,122,0,0,0,0,0,0,0,0
356,2017-04-18,09:03:31,51,v1709,XDCE,5635,5620,5670,8156,230324600,161214,160076,5965,5405,5685,5640,0,5620,0,0,0,2017-04-18,32611051,5635,101,0,0,0,0,0,0,0,0,5640,122,0,0,0,0,0,0,0,0
357,2017-04-18,09:03:31,594,v1709,XDCE,5635,5620,5670,8156,230324600,161214,160076,5965,5405,5685,5640,0,5620,0,0,0,2017-04-18,32611594,5635,156,0,0,0,0,0,0,0,0,5640,136,0,0,0,0,0,0,0,0
358,2017-04-18,09:03:31,974,v1709,XDCE,5640,5620,5670,8172,230775800,161230,160076,5965,5405,5685,5640,0,5620,0,0,0,2017-04-18,32611974,5635,158,0,0,0,0,0,0,0,0,5640,128,0,0,0,0,0,0,0,0
359,2017-04-18,09:03:32,482,v1709,XDCE,5635,5620,5670,8174,230832150,161232,160076,5965,5405,5685,5640,0,5620,0,0,0,2017-04-18,32612482,5635,157,0,0,0,0,0,0,0,0,5640,128,0,0,0,0,0,0,0,0
360,2017-04-18,09:03:33,55,v1709,XDCE,5635,5620,5670,8174,230832150,161232,160076,5965,5405,5685,5640,0,5620,0,0,0,2017-04-18,32613055,5635,161,0,0,0,0,0,0,0,0,5640,114,0,0,0,0,0,0,0,0
361,2017-04-18,09:03:33,514,v1709,XDCE,5640,5620,5670,8178,230944950,161232,160076,5965,5405,5685,5640,0,5620,0,0,0,2017-04-18,32613514,5635,209,0,0,0,0,0,0,0,0,5640,113,0,0,0,0,0,0,0,0
362,2017-04-18,09:03:33,990,v1709,XDCE,5640,5620,5670,8178,230944950,161232,160076,5965,5405,5685,5640,0,5620,0,0,0,2017-04-18,32613990,5635,210,0,0,0,0,0,0,0,0,5640,114,0,0,0,0,0,0,0,0
363,2017-04-18,09:03:34,471,v1709,XDCE,5640,5620,5670,8178,230944950,161232,160076,5965,5405,5685,5640,0,5620,0,0,0,2017-04-18,32614471,5635,261,0,0,0,0,0,0,0,0,5640,114,0,0,0,0,0,0,0,0
364,2017-04-18,09:03:37,583,v1709,XDCE,5635,5620,5670,8180,231001300,161234,160076,5965,5405,5685,5640,0,5620,0,0,0,2017-04-18,32617583,5635,260,0,0,0,0,0,0,0,0,5640,164,0,0,0,0,0,0,0,0
365,2017-04-18,09:03:38,526,v1709,XDCE,5635,5620,5670,8182,231057650,161234,160076,5965,5405,5685,5640,0,5620,0,0,0,2017-04-18,32618526,5635,259,0,0,0,0,0,0,0,0,5640,174,0,0,0,0,0,0,0,0
366,2017-04-18,09:03:39,5,v1709,XDCE,5635,5620,5670,8182,231057650,161234,160076,5965,5405,5685,5640,0,5620,0,0,0,2017-04-18,32619005,5635,258,0,0,0,0,0,0,0,0,5640,176,0,0,0,0,0,0,0,0
367,2017-04-18,09:03:40,82,v1709,XDCE,5640,5620,5670,8184,231114050,161236,160076,5965,5405,5685,5640,0,5620,0,0,0,2017-04-18,32620082,5635,268,0,0,0,0,0,0,0,0,5640,175,0,0,0,0,0,0,0,0
368,2017-04-18,09:03:40,594,v1709,XDCE,5640,5620,5670,8184,231114050,161236,160076,5965,5405,5685,5640,0,5620,0,0,0,2017-04-18,32620594,5635,269,0,0,0,0,0,0,0,0,5640,175,0,0,0,0,0,0,0,0
369,2017-04-18,09:03:41,588,v1709,XDCE,5640,5620,5670,8186,231170450,161236,160076,5965,5405,5685,5640,0,5620,0,0,0,2017-04-18,32621588,5635,269,0,0,0,0,0,0,0,0,5640,174,0,0,0,0,0,0,0,0
370,2017-04-18,09:03:42,329,v1709,XDCE,5640,5620,5670,8186,231170450,161236,160076,5965,5405,5685,5640,0,5620,0,0,0,2017-04-18,32622329,5635,273,0,0,0,0,0,0,0,0,5640,174,0,0,0,0,0,0,0,0
371,2017-04-18,09:03:43,594,v1709,XDCE,5635,5620,5670,8192,231339500,161242,160076,5965,5405,5685,5640,0,5620,0,0,0,2017-04-18,32623594,5635,270,0,0,0,0,0,0,0,0,5640,174,0,0,0,0,0,0,0,0
372,2017-04-18,09:03:43,764,v1709,XDCE,5635,5620,5670,8192,231339500,161242,160076,5965,5405,5685,5640,0,5620,0,0,0,2017-04-18,32623764,5635,270,0,0,0,0,0,0,0,0,5640,173,0,0,0,0,0,0,0,0
373,2017-04-18,09:03:44,588,v1709,XDCE,5635,5620,5670,8192,231339500,161242,160076,5965,5405,5685,5640,0,5620,0,0,0,2017-04-18,32624588,5635,270,0,0,0,0,0,0,0,0,5640,174,0,0,0,0,0,0,0,0
374,2017-04-18,09:03:46,994,v1709,XDCE,5635,5620,5670,8192,231339500,161242,160076,5965,5405,5685,5640,0,5620,0,0,0,2017-04-18,32626994,5635,269,0,0,0,0,0,0,0,0,5640,174,0,0,0,0,0,0,0,0
375,2017-04-18,09:03:48,472,v1709,XDCE,5635,5620,5670,8192,231339500,161242,160076,5965,5405,5685,5640,0,5620,0,0,0,2017-04-18,32628472,5635,269,0,0,0,0,0,0,0,0,5640,175,0,0,0,0,0,0,0,0
376,2017-04-18,09:03:48,969,v1709,XDCE,5635,5620,5670,8194,231395850,161244,160076,5965,5405,5685,5640,0,5620,0,0,0,2017-04-18,32628969,5635,268,0,0,0,0,0,0,0,0,5640,174,0,0,0,0,0,0,0,0
377,2017-04-18,09:03:49,291,v1709,XDCE,5635,5620,5670,8194,231395850,161244,160076,5965,5405,5685,5640,0,5620,0,0,0,2017-04-18,32629291,5635,268,0,0,0,0,0,0,0,0,5640,173,0,0,0,0,0,0,0,0
378,2017-04-18,09:03:49,834,v1709,XDCE,5635,5620,5670,8294,234213350,161244,160076,5965,5405,5685,5640,0,5620,0,0,0,2017-04-18,32629834,5635,218,0,0,0,0,0,0,0,0,5640,183,0,0,0,0,0,0,0,0
379,2017-04-18,09:03:50,717,v1709,XDCE,5635,5620,5670,8294,234213350,161244,160076,5965,5405,5685,5640,0,5620,0,0,0,2017-04-18,32630717,5635,223,0,0,0,0,0,0,0,0,5640,183,0,0,0,0,0,0,0,0
380,2017-04-18,09:03:51,982,v1709,XDCE,5635,5620,5670,8294,234213350,161244,160076,5965,5405,5685,5640,0,5620,0,0,0,2017-04-18,32631982,5635,222,0,0,0,0,0,0,0,0,5640,183,0,0,0,0,0,0,0,0
381,2017-04-18,09:03:54,36,v1709,XDCE,5635,5620,5670,8294,234213350,161244,160076,5965,5405,5685,5640,0,5620,0,0,0,2017-04-18,32634036,5635,223,0,0,0,0,0,0,0,0,5640,183,0,0,0,0,0,0,0,0
382,2017-04-18,09:03:54,579,v1709,XDCE,5635,5620,5670,8294,234213350,161244,160076,5965,5405,5685,5640,0,5620,0,0,0,2017-04-18,32634579,5635,224,0,0,0,0,0,0,0,0,5640,184,0,0,0,0,0,0,0,0
383,2017-04-18,09:03:54,998,v1709,XDCE,5635,5620,5670,8294,234213350,161244,160076,5965,5405,5685,5640,0,5620,0,0,0,2017-04-18,32634998,5635,224,0,0,0,0,0,0,0,0,5640,193,0,0,0,0,0,0,0,0
384,2017-04-18,09:03:56,600,v1709,XDCE,5630,5620,5670,8784,248018100,161182,160076,5965,5405,5685,5640,0,5620,0,0,0,2017-04-18,32636600,5630,574,0,0,0,0,0,0,0,0,5635,485,0,0,0,0,0,0,0,0
385,2017-04-18,09:03:57,89,v1709,XDCE,5630,5620,5670,8820,249031500,161218,160076,5965,5405,5685,5640,0,5620,0,0,0,2017-04-18,32637089,5630,556,0,0,0,0,0,0,0,0,5635,489,0,0,0,0,0,0,0,0
386,2017-04-18,09:03:57,588,v1709,XDCE,5630,5620,5670,8820,249031500,161218,160076,5965,5405,5685,5640,0,5620,0,0,0,2017-04-18,32637588,5630,556,0,0,0,0,0,0,0,0,5635,522,0,0,0,0,0,0,0,0
387,2017-04-18,09:03:58,26,v1709,XDCE,5630,5620,5670,8862,250213800,161220,160076,5965,5405,5685,5640,0,5620,0,0,0,2017-04-18,32638026,5630,535,0,0,0,0,0,0,0,0,5635,525,0,0,0,0,0,0,0,0
388,2017-04-18,09:03:58,596,v1709,XDCE,5630,5620,5670,8866,250326400,161224,160076,5965,5405,5685,5640,0,5620,0,0,0,2017-04-18,32638596,5630,532,0,0,0,0,0,0,0,0,5635,525,0,0,0,0,0,0,0,0
389,2017-04-18,09:03:59,96,v1709,XDCE,5630,5620,5670,8892,251058300,161234,160076,5965,5405,5685,5640,0,5620,0,0,0,2017-04-18,32639096,5630,518,0,0,0,0,0,0,0,0,5635,525,0,0,0,0,0,0,0,0
390,2017-04-18,09:03:59,545,v1709,XDCE,5635,5620,5670,8992,253873350,161332,160076,5965,5405,5685,5640,0,5620,0,0,0,2017-04-18,32639545,5630,469,0,0,0,0,0,0,0,0,5635,524,0,0,0,0,0,0,0,0
391,2017-04-18,09:04:00,100,v1709,XDCE,5630,5620,5670,9226,260460450,161458,160076,5965,5405,5685,5640,0,5620,0,0,0,2017-04-18,32640100,5630,352,0,0,0,0,0,0,0,0,5635,521,0,0,0,0,0,0,0,0
392,2017-04-18,09:04:00,516,v1709,XDCE,5630,5620,5670,9590,270707600,161762,160076,5965,5405,5685,5640,0,5620,0,0,0,2017-04-18,32640516,5630,196,0,0,0,0,0,0,0,0,5635,510,0,0,0,0,0,0,0,0
393,2017-04-18,09:04:01,77,v1709,XDCE,5630,5620,5670,9926,280166000,161980,160076,5965,5405,5685,5640,0,5620,0,0,0,2017-04-18,32641077,5630,25,0,0,0,0,0,0,0,0,5635,480,0,0,0,0,0,0,0,0
394,2017-04-18,09:04:01,589,v1709,XDCE,5625,5620,5670,9980,281686000,161980,160076,5965,5405,5685,5640,0,5620,0,0,0,2017-04-18,32641589,5625,62,0,0,0,0,0,0,0,0,5630,137,0,0,0,0,0,0,0,0
395,2017-04-18,09:04:01,995,v1709,XDCE,5625,5620,5670,10004,282361100,161984,160076,5965,5405,5685,5640,0,5620,0,0,0,2017-04-18,32641995,5625,65,0,0,0,0,0,0,0,0,5630,117,0,0,0,0,0,0,0,0
396,2017-04-18,09:04:02,565,v1709,XDCE,5625,5620,5670,10004,282361100,161984,160076,5965,5405,5685,5640,0,5620,0,0,0,2017-04-18,32642565,5625,110,0,0,0,0,0,0,0,0,5630,117,0,0,0,0,0,0,0,0
397,2017-04-18,09:04:03,71,v1709,XDCE,5625,5620,5670,10004,282361100,161984,160076,5965,5405,5685,5640,0,5620,0,0,0,2017-04-18,32643071,5625,112,0,0,0,0,0,0,0,0,5630,117,0,0,0,0,0,0,0,0
398,2017-04-18,09:04:03,435,v1709,XDCE,5625,5620,5670,10006,282417350,161986,160076,5965,5405,5685,5640,0,5620,0,0,0,2017-04-18,32643435,5625,111,0,0,0,0,0,0,0,0,5630,118,0,0,0,0,0,0,0,0
399,2017-04-18,09:04:03,746,v1709,XDCE,5625,5620,5670,10016,282698600,161986,160076,5965,5405,5685,5640,0,5620,0,0,0,2017-04-18,32643746,5625,106,0,0,0,0,0,0,0,0,5630,119,0,0,0,0,0,0,0,0
400,2017-04-18,09:04:04,595,v1709,XDCE,5625,5620,5670,10018,282754850,161986,160076,5965,5405,5685,5640,0,5620,0,0,0,2017-04-18,32644595,5625,110,0,0,0,0,0,0,0,0,5630,119,0,0,0,0,0,0,0,0
401,2017-04-18,09:04:05,14,v1709,XDCE,5625,5620,5670,10028,283036100,161996,160076,5965,5405,5685,5640,0,5620,0,0,0,2017-04-18,32645014,5625,108,0,0,0,0,0,0,0,0,5630,119,0,0,0,0,0,0,0,0
402,2017-04-18,09:04:05,586,v1709,XDCE,5630,5620,5670,10038,283317600,162006,160076,5965,5405,5685,5640,0,5620,0,0,0,2017-04-18,32645586,5625,102,0,0,0,0,0,0,0,0,5630,114,0,0,0,0,0,0,0,0
403,2017-04-18,09:04:06,92,v1709,XDCE,5625,5620,5670,10040,283373850,162008,160076,5965,5405,5685,5640,0,5620,0,0,0,2017-04-18,32646092,5625,101,0,0,0,0,0,0,0,0,5630,115,0,0,0,0,0,0,0,0
404,2017-04-18,09:04:06,346,v1709,XDCE,5625,5620,5670,10040,283373850,162008,160076,5965,5405,5685,5640,0,5620,0,0,0,2017-04-18,32646346,5625,102,0,0,0,0,0,0,0,0,5630,114,0,0,0,0,0,0,0,0
405,2017-04-18,09:04:07,97,v1709,XDCE,5625,5620,5670,10042,283430100,162008,160076,5965,5405,5685,5640,0,5620,0,0,0,2017-04-18,32647097,5625,101,0,0,0,0,0,0,0,0,5630,114,0,0,0,0,0,0,0,0
406,2017-04-18,09:04:08,596,v1709,XDCE,5625,5620,5670,10042,283430100,162008,160076,5965,5405,5685,5640,0,5620,0,0,0,2017-04-18,32648596,5625,62,0,0,0,0,0,0,0,0,5630,125,0,0,0,0,0,0,0,0
407,2017-04-18,09:04:09,96,v1709,XDCE,5625,5620,5670,10042,283430100,162008,160076,5965,5405,5685,5640,0,5620,0,0,0,2017-04-18,32649096,5625,62,0,0,0,0,0,0,0,0,5630,126,0,0,0,0,0,0,0,0
408,2017-04-18,09:04:09,597,v1709,XDCE,5630,5620,5670,10088,284724350,162054,160076,5965,5405,5685,5640,0,5620,0,0,0,2017-04-18,32649597,5625,48,0,0,0,0,0,0,0,0,5630,117,0,0,0,0,0,0,0,0
409,2017-04-18,09:04:10,99,v1709,XDCE,5625,5620,5670,10216,288324350,162140,160076,5965,5405,5685,5640,0,5620,0,0,0,2017-04-18,32650099,5625,5,0,0,0,0,0,0,0,0,5630,117,0,0,0,0,0,0,0,0
410,2017-04-18,09:04:10,596,v1709,XDCE,5625,5620,5670,10228,288661850,162146,160076,5965,5405,5685,5640,0,5620,0,0,0,2017-04-18,32650596,5620,76,0,0,0,0,0,0,0,0,5625,5,0,0,0,0,0,0,0,0
411,2017-04-18,09:04:11,96,v1709,XDCE,5625,5620,5670,10254,289393100,162158,160076,5965,5405,5685,5640,0,5620,0,0,0,2017-04-18,32651096,5620,116,0,0,0,0,0,0,0,0,5625,27,0,0,0,0,0,0,0,0
412,2017-04-18,09:04:11,598,v1709,XDCE,5625,5620,5670,10350,292092250,162130,160076,5965,5405,5685,5640,0,5620,0,0,0,2017-04-18,32651598,5625,5,0,0,0,0,0,0,0,0,5630,99,0,0,0,0,0,0,0,0
413,2017-04-18,09:04:12,98,v1709,XDCE,5625,5620,5670,10374,292767250,162132,160076,5965,5405,5685,5640,0,5620,0,0,0,2017-04-18,32652098,5625,29,0,0,0,0,0,0,0,0,5630,106,0,0,0,0,0,0,0,0
414,2017-04-18,09:04:12,595,v1709,XDCE,5625,5620,5670,10378,292879750,162134,160076,5965,5405,5685,5640,0,5620,0,0,0,2017-04-18,32652595,5625,68,0,0,0,0,0,0,0,0,5630,106,0,0,0,0,0,0,0,0
415,2017-04-18,09:04:13,77,v1709,XDCE,5625,5620,5670,10478,295692250,162080,160076,5965,5405,5685,5640,0,5620,0,0,0,2017-04-18,32653077,5625,30,0,0,0,0,0,0,0,0,5630,105,0,0,0,0,0,0,0,0
416,2017-04-18,09:04:13,597,v1709,XDCE,5625,5620,5670,10478,295692250,162080,160076,5965,5405,5685,5640,0,5620,0,0,0,2017-04-18,32653597,5625,32,0,0,0,0,0,0,0,0,5630,105,0,0,0,0,0,0,0,0
417,2017-04-18,09:04:14,77,v1709,XDCE,5625,5620,5670,10482,295804750,162080,160076,5965,5405,5685,5640,0,5620,0,0,0,2017-04-18,32654077,5625,27,0,0,0,0,0,0,0,0,5630,105,0,0,0,0,0,0,0,0
418,2017-04-18,09:04:14,457,v1709,XDCE,5625,5620,5670,10482,295804750,162080,160076,5965,5405,5685,5640,0,5620,0,0,0,2017-04-18,32654457,5625,25,0,0,0,0,0,0,0,0,5630,105,0,0,0,0,0,0,0,0
419,2017-04-18,09:04:15,71,v1709,XDCE,5625,5620,5670,10482,295804750,162080,160076,5965,5405,5685,5640,0,5620,0,0,0,2017-04-18,32655071,5625,25,0,0,0,0,0,0,0,0,5630,107,0,0,0,0,0,0,0,0
420,2017-04-18,09:04:15,594,v1709,XDCE,5625,5620,5670,10482,295804750,162080,160076,5965,5405,5685,5640,0,5620,0,0,0,2017-04-18,32655594,5625,29,0,0,0,0,0,0,0,0,5630,107,0,0,0,0,0,0,0,0
421,2017-04-18,09:04:16,20,v1709,XDCE,5625,5620,5670,10482,295804750,162080,160076,5965,5405,5685,5640,0,5620,0,0,0,2017-04-18,32656020,5625,30,0,0,0,0,0,0,0,0,5630,107,0,0,0,0,0,0,0,0
422,2017-04-18,09:04:16,556,v1709,XDCE,5625,5620,5670,10482,295804750,162080,160076,5965,5405,5685,5640,0,5620,0,0,0,2017-04-18,32656556,5625,34,0,0,0,0,0,0,0,0,5630,107,0,0,0,0,0,0,0,0
423,2017-04-18,09:04:17,97,v1709,XDCE,5625,5620,5670,10592,298898500,162002,160076,5965,5405,5685,5640,0,5620,0,0,0,2017-04-18,32657097,5625,15,0,0,0,0,0,0,0,0,5630,108,0,0,0,0,0,0,0,0
424,2017-04-18,09:04:18,17,v1709,XDCE,5625,5620,5670,10594,298954750,162002,160076,5965,5405,5685,5640,0,5620,0,0,0,2017-04-18,32658017,5625,14,0,0,0,0,0,0,0,0,5630,111,0,0,0,0,0,0,0,0
425,2017-04-18,09:04:19,97,v1709,XDCE,5625,5620,5670,10604,299236000,161992,160076,5965,5405,5685,5640,0,5620,0,0,0,2017-04-18,32659097,5625,9,0,0,0,0,0,0,0,0,5630,112,0,0,0,0,0,0,0,0
426,2017-04-18,09:04:19,594,v1709,XDCE,5625,5620,5670,10624,299798500,161984,160076,5965,5405,5685,5640,0,5620,0,0,0,2017-04-18,32659594,5620,102,0,0,0,0,0,0,0,0,5630,114,0,0,0,0,0,0,0,0
427,2017-04-18,09:04:20,83,v1709,XDCE,5625,5620,5670,10624,299798500,161984,160076,5965,5405,5685,5640,0,5620,0,0,0,2017-04-18,32660083,5620,102,0,0,0,0,0,0,0,0,5625,1,0,0,0,0,0,0,0,0
428,2017-04-18,09:04:20,403,v1709,XDCE,5625,5620,5670,10624,299798500,161984,160076,5965,5405,5685,5640,0,5620,0,0,0,2017-04-18,32660403,5620,104,0,0,0,0,0,0,0,0,5625,5,0,0,0,0,0,0,0,0
429,2017-04-18,09:04:21,58,v1709,XDCE,5625,5620,5670,10624,299798500,161984,160076,5965,5405,5685,5640,0,5620,0,0,0,2017-04-18,32661058,5620,105,0,0,0,0,0,0,0,0,5625,9,0,0,0,0,0,0,0,0
430,2017-04-18,09:04:21,597,v1709,XDCE,5625,5620,5670,10628,299911000,161984,160076,5965,5405,5685,5640,0,5620,0,0,0,2017-04-18,32661597,5620,105,0,0,0,0,0,0,0,0,5625,10,0,0,0,0,0,0,0,0
431,2017-04-18,09:04:22,93,v1709,XDCE,5625,5620,5670,10648,300473500,162002,160076,5965,5405,5685,5640,0,5620,0,0,0,2017-04-18,32662093,5620,102,0,0,0,0,0,0,0,0,5630,137,0,0,0,0,0,0,0,0
432,2017-04-18,09:04:22,593,v1709,XDCE,5625,5620,5670,10648,300473500,162002,160076,5965,5405,5685,5640,0,5620,0,0,0,2017-04-18,32662593,5620,103,0,0,0,0,0,0,0,0,5625,2,0,0,0,0,0,0,0,0
433,2017-04-18,09:04:23,91,v1709,XDCE,5625,5620,5670,10648,300473500,162002,160076,5965,5405,5685,5640,0,5620,0,0,0,2017-04-18,32663091,5620,102,0,0,0,0,0,0,0,0,5625,45,0,0,0,0,0,0,0,0
434,2017-04-18,09:04:23,557,v1709,XDCE,5625,5620,5670,10654,300642200,162006,160076,5965,5405,5685,5640,0,5620,0,0,0,2017-04-18,32663557,5620,107,0,0,0,0,0,0,0,0,5625,43,0,0,0,0,0,0,0,0
435,2017-04-18,09:04:24,48,v1709,XDCE,5625,5620,5670,10654,300642200,162006,160076,5965,5405,5685,5640,0,5620,0,0,0,2017-04-18,32664048,5620,107,0,0,0,0,0,0,0,0,5625,42,0,0,0,0,0,0,0,0
436,2017-04-18,09:04:24,601,v1709,XDCE,5625,5620,5670,10658,300754700,162006,160076,5965,5405,5685,5640,0,5620,0,0,0,2017-04-18,32664601,5620,106,0,0,0,0,0,0,0,0,5625,41,0,0,0,0,0,0,0,0
437,2017-04-18,09:04:25,96,v1709,XDCE,5625,5620,5670,10658,300754700,162006,160076,5965,5405,5685,5640,0,5620,0,0,0,2017-04-18,32665096,5620,106,0,0,0,0,0,0,0,0,5625,47,0,0,0,0,0,0,0,0
438,2017-04-18,09:04:25,591,v1709,XDCE,5625,5620,5670,10666,300979700,162014,160076,5965,5405,5685,5640,0,5620,0,0,0,2017-04-18,32665591,5620,106,0,0,0,0,0,0,0,0,5625,49,0,0,0,0,0,0,0,0
439,2017-04-18,09:04:26,96,v1709,XDCE,5625,5620,5670,10668,301035950,162016,160076,5965,5405,5685,5640,0,5620,0,0,0,2017-04-18,32666096,5620,106,0,0,0,0,0,0,0,0,5625,49,0,0,0,0,0,0,0,0
440,2017-04-18,09:04:26,601,v1709,XDCE,5625,5620,5670,10668,301035950,162016,160076,5965,5405,5685,5640,0,5620,0,0,0,2017-04-18,32666601,5620,109,0,0,0,0,0,0,0,0,5625,51,0,0,0,0,0,0,0,0
441,2017-04-18,09:04:27,402,v1709,XDCE,5625,5620,5670,10668,301035950,162016,160076,5965,5405,5685,5640,0,5620,0,0,0,2017-04-18,32667402,5620,109,0,0,0,0,0,0,0,0,5625,52,0,0,0,0,0,0,0,0
442,2017-04-18,09:04:28,44,v1709,XDCE,5625,5620,5670,10668,301035950,162016,160076,5965,5405,5685,5640,0,5620,0,0,0,2017-04-18,32668044,5620,110,0,0,0,0,0,0,0,0,5625,53,0,0,0,0,0,0,0,0
443,2017-04-18,09:04:28,600,v1709,XDCE,5625,5620,5670,10670,301092200,162018,160076,5965,5405,5685,5640,0,5620,0,0,0,2017-04-18,32668600,5620,111,0,0,0,0,0,0,0,0,5625,52,0,0,0,0,0,0,0,0
444,2017-04-18,09:04:29,95,v1709,XDCE,5620,5620,5670,10672,301148400,162018,160076,5965,5405,5685,5640,0,5620,0,0,0,2017-04-18,32669095,5620,110,0,0,0,0,0,0,0,0,5625,51,0,0,0,0,0,0,0,0
445,2017-04-18,09:04:29,552,v1709,XDCE,5625,5620,5670,10676,301260850,162016,160076,5965,5405,5685,5640,0,5620,0,0,0,2017-04-18,32669552,5620,140,0,0,0,0,0,0,0,0,5625,51,0,0,0,0,0,0,0,0
446,2017-04-18,09:04:30,33,v1709,XDCE,5620,5620,5670,10678,301317050,162014,160076,5965,5405,5685,5640,0,5620,0,0,0,2017-04-18,32670033,5620,139,0,0,0,0,0,0,0,0,5625,51,0,0,0,0,0,0,0,0
447,2017-04-18,09:04:31,94,v1709,XDCE,5620,5620,5670,10678,301317050,162014,160076,5965,5405,5685,5640,0,5620,0,0,0,2017-04-18,32671094,5620,140,0,0,0,0,0,0,0,0,5625,51,0,0,0,0,0,0,0,0
448,2017-04-18,09:04:31,595,v1709,XDCE,5620,5620,5670,10678,301317050,162014,160076,5965,5405,5685,5640,0,5620,0,0,0,2017-04-18,32671595,5620,144,0,0,0,0,0,0,0,0,5625,51,0,0,0,0,0,0,0,0
449,2017-04-18,09:04:31,937,v1709,XDCE,5625,5620,5670,10680,301373300,162016,160076,5965,5405,5685,5640,0,5620,0,0,0,2017-04-18,32671937,5620,140,0,0,0,0,0,0,0,0,5625,52,0,0,0,0,0,0,0,0
450,2017-04-18,09:04:32,595,v1709,XDCE,5625,5620,5670,10680,301373300,162016,160076,5965,5405,5685,5640,0,5620,0,0,0,2017-04-18,32672595,5620,142,0,0,0,0,0,0,0,0,5625,52,0,0,0,0,0,0,0,0
451,2017-04-18,09:04:33,595,v1709,XDCE,5625,5620,5670,10740,303060800,162016,160076,5965,5405,5685,5640,0,5620,0,0,0,2017-04-18,32673595,5620,130,0,0,0,0,0,0,0,0,5625,77,0,0,0,0,0,0,0,0
452,2017-04-18,09:04:34,44,v1709,XDCE,5625,5620,5670,10740,303060800,162016,160076,5965,5405,5685,5640,0,5620,0,0,0,2017-04-18,32674044,5620,129,0,0,0,0,0,0,0,0,5625,77,0,0,0,0,0,0,0,0
453,2017-04-18,09:04:34,971,v1709,XDCE,5620,5620,5670,10742,303117000,162016,160076,5965,5405,5685,5640,0,5620,0,0,0,2017-04-18,32674971,5620,129,0,0,0,0,0,0,0,0,5625,77,0,0,0,0,0,0,0,0
454,2017-04-18,09:04:35,595,v1709,XDCE,5620,5620,5670,10742,303117000,162016,160076,5965,5405,5685,5640,0,5620,0,0,0,2017-04-18,32675595,5620,140,0,0,0,0,0,0,0,0,5625,77,0,0,0,0,0,0,0,0
455,2017-04-18,09:04:36,97,v1709,XDCE,5620,5620,5670,10744,303173200,162016,160076,5965,5405,5685,5640,0,5620,0,0,0,2017-04-18,32676097,5620,149,0,0,0,0,0,0,0,0,5625,90,0,0,0,0,0,0,0,0
456,2017-04-18,09:04:36,593,v1709,XDCE,5625,5620,5670,10748,303285650,162014,160076,5965,5405,5685,5640,0,5620,0,0,0,2017-04-18,32676593,5620,147,0,0,0,0,0,0,0,0,5625,89,0,0,0,0,0,0,0,0
457,2017-04-18,09:04:37,100,v1709,XDCE,5620,5620,5670,10750,303341850,162016,160076,5965,5405,5685,5640,0,5620,0,0,0,2017-04-18,32677100,5620,146,0,0,0,0,0,0,0,0,5625,90,0,0,0,0,0,0,0,0
458,2017-04-18,09:04:37,546,v1709,XDCE,5620,5620,5670,10756,303510450,162016,160076,5965,5405,5685,5640,0,5620,0,0,0,2017-04-18,32677546,5620,133,0,0,0,0,0,0,0,0,5625,94,0,0,0,0,0,0,0,0
459,2017-04-18,09:04:38,95,v1709,XDCE,5620,5620,5670,10756,303510450,162016,160076,5965,5405,5685,5640,0,5620,0,0,0,2017-04-18,32678095,5620,132,0,0,0,0,0,0,0,0,5625,94,0,0,0,0,0,0,0,0
460,2017-04-18,09:04:38,435,v1709,XDCE,5620,5620,5670,10756,303510450,162016,160076,5965,5405,5685,5640,0,5620,0,0,0,2017-04-18,32678435,5620,132,0,0,0,0,0,0,0,0,5625,95,0,0,0,0,0,0,0,0
461,2017-04-18,09:04:39,95,v1709,XDCE,5620,5620,5670,10756,303510450,162016,160076,5965,5405,5685,5640,0,5620,0,0,0,2017-04-18,32679095,5620,132,0,0,0,0,0,0,0,0,5625,96,0,0,0,0,0,0,0,0
462,2017-04-18,09:04:39,594,v1709,XDCE,5620,5620,5670,10756,303510450,162016,160076,5965,5405,5685,5640,0,5620,0,0,0,2017-04-18,32679594,5620,141,0,0,0,0,0,0,0,0,5625,41,0,0,0,0,0,0,0,0
463,2017-04-18,09:04:40,65,v1709,XDCE,5620,5620,5670,10756,303510450,162016,160076,5965,5405,5685,5640,0,5620,0,0,0,2017-04-18,32680065,5620,144,0,0,0,0,0,0,0,0,5625,41,0,0,0,0,0,0,0,0
464,2017-04-18,09:04:41,596,v1709,XDCE,5620,5620,5670,10876,306882450,162110,160076,5965,5405,5685,5640,0,5620,0,0,0,2017-04-18,32681596,5620,85,0,0,0,0,0,0,0,0,5625,43,0,0,0,0,0,0,0,0
465,2017-04-18,09:04:42,79,v1709,XDCE,5620,5620,5670,10876,306882450,162110,160076,5965,5405,5685,5640,0,5620,0,0,0,2017-04-18,32682079,5620,93,0,0,0,0,0,0,0,0,5625,44,0,0,0,0,0,0,0,0
466,2017-04-18,09:04:42,586,v1709,XDCE,5620,5620,5670,10876,306882450,162110,160076,5965,5405,5685,5640,0,5620,0,0,0,2017-04-18,32682586,5620,93,0,0,0,0,0,0,0,0,5625,39,0,0,0,0,0,0,0,0
467,2017-04-18,09:04:43,86,v1709,XDCE,5620,5620,5670,10876,306882450,162110,160076,5965,5405,5685,5640,0,5620,0,0,0,2017-04-18,32683086,5620,95,0,0,0,0,0,0,0,0,5625,39,0,0,0,0,0,0,0,0
468,2017-04-18,09:04:44,96,v1709,XDCE,5620,5620,5670,10876,306882450,162110,160076,5965,5405,5685,5640,0,5620,0,0,0,2017-04-18,32684096,5620,101,0,0,0,0,0,0,0,0,5625,39,0,0,0,0,0,0,0,0
469,2017-04-18,09:04:44,590,v1709,XDCE,5625,5620,5670,10880,306994900,162112,160076,5965,5405,5685,5640,0,5620,0,0,0,2017-04-18,32684590,5620,100,0,0,0,0,0,0,0,0,5625,38,0,0,0,0,0,0,0,0
470,2017-04-18,09:04:45,600,v1709,XDCE,5620,5620,5670,10884,307107300,162112,160076,5965,5405,5685,5640,0,5620,0,0,0,2017-04-18,32685600,5620,98,0,0,0,0,0,0,0,0,5625,38,0,0,0,0,0,0,0,0
471,2017-04-18,09:04:46,100,v1709,XDCE,5620,5620,5670,10884,307107300,162112,160076,5965,5405,5685,5640,0,5620,0,0,0,2017-04-18,32686100,5620,98,0,0,0,0,0,0,0,0,5625,39,0,0,0,0,0,0,0,0
472,2017-04-18,09:04:46,595,v1709,XDCE,5620,5620,5670,10884,307107300,162112,160076,5965,5405,5685,5640,0,5620,0,0,0,2017-04-18,32686595,5620,98,0,0,0,0,0,0,0,0,5625,41,0,0,0,0,0,0,0,0
473,2017-04-18,09:04:47,94,v1709,XDCE,5620,5620,5670,10884,307107300,162112,160076,5965,5405,5685,5640,0,5620,0,0,0,2017-04-18,32687094,5620,98,0,0,0,0,0,0,0,0,5625,46,0,0,0,0,0,0,0,0
474,2017-04-18,09:04:47,564,v1709,XDCE,5620,5620,5670,10884,307107300,162112,160076,5965,5405,5685,5640,0,5620,0,0,0,2017-04-18,32687564,5620,129,0,0,0,0,0,0,0,0,5625,53,0,0,0,0,0,0,0,0
475,2017-04-18,09:04:48,94,v1709,XDCE,5620,5620,5670,10884,307107300,162112,160076,5965,5405,5685,5640,0,5620,0,0,0,2017-04-18,32688094,5620,130,0,0,0,0,0,0,0,0,5625,52,0,0,0,0,0,0,0,0
476,2017-04-18,09:04:48,595,v1709,XDCE,5620,5620,5670,10884,307107300,162112,160076,5965,5405,5685,5640,0,5620,0,0,0,2017-04-18,32688595,5620,130,0,0,0,0,0,0,0,0,5625,49,0,0,0,0,0,0,0,0
477,2017-04-18,09:04:49,95,v1709,XDCE,5625,5620,5670,10984,309919800,162062,160076,5965,5405,5685,5640,0,5620,0,0,0,2017-04-18,32689095,5625,10,0,0,0,0,0,0,0,0,5630,147,0,0,0,0,0,0,0,0
478,2017-04-18,09:04:49,559,v1709,XDCE,5625,5620,5670,10994,310201050,162062,160076,5965,5405,5685,5640,0,5620,0,0,0,2017-04-18,32689559,5625,11,0,0,0,0,0,0,0,0,5630,118,0,0,0,0,0,0,0,0
479,2017-04-18,09:04:50,95,v1709,XDCE,5625,5620,5670,11004,310482300,162062,160076,5965,5405,5685,5640,0,5620,0,0,0,2017-04-18,32690095,5625,11,0,0,0,0,0,0,0,0,5630,117,0,0,0,0,0,0,0,0
480,2017-04-18,09:04:50,594,v1709,XDCE,5625,5620,5670,11008,310594800,162062,160076,5965,5405,5685,5640,0,5620,0,0,0,2017-04-18,32690594,5625,49,0,0,0,0,0,0,0,0,5630,117,0,0,0,0,0,0,0,0
481,2017-04-18,09:04:51,95,v1709,XDCE,5625,5620,5670,11010,310651050,162062,160076,5965,5405,5685,5640,0,5620,0,0,0,2017-04-18,32691095,5625,51,0,0,0,0,0,0,0,0,5630,117,0,0,0,0,0,0,0,0
482,2017-04-18,09:04:51,543,v1709,XDCE,5630,5620,5670,11014,310763600,162064,160076,5965,5405,5685,5640,0,5620,0,0,0,2017-04-18,32691543,5625,52,0,0,0,0,0,0,0,0,5630,116,0,0,0,0,0,0,0,0
483,2017-04-18,09:04:52,0,v1709,XDCE,5630,5620,5670,11014,310763600,162064,160076,5965,5405,5685,5640,0,5620,0,0,0,2017-04-18,32692000,5625,55,0,0,0,0,0,0,0,0,5630,116,0,0,0,0,0,0,0,0
484,2017-04-18,09:04:52,509,v1709,XDCE,5630,5620,5670,11014,310763600,162064,160076,5965,5405,5685,5640,0,5620,0,0,0,2017-04-18,32692509,5625,62,0,0,0,0,0,0,0,0,5630,115,0,0,0,0,0,0,0,0
485,2017-04-18,09:04:53,94,v1709,XDCE,5630,5620,5670,11014,310763600,162064,160076,5965,5405,5685,5640,0,5620,0,0,0,2017-04-18,32693094,5625,63,0,0,0,0,0,0,0,0,5630,119,0,0,0,0,0,0,0,0
486,2017-04-18,09:04:53,479,v1709,XDCE,5630,5620,5670,11014,310763600,162064,160076,5965,5405,5685,5640,0,5620,0,0,0,2017-04-18,32693479,5625,63,0,0,0,0,0,0,0,0,5630,119,0,0,0,0,0,0,0,0
487,2017-04-18,09:04:54,100,v1709,XDCE,5630,5620,5670,11014,310763600,162064,160076,5965,5405,5685,5640,0,5620,0,0,0,2017-04-18,32694100,5625,74,0,0,0,0,0,0,0,0,5630,123,0,0,0,0,0,0,0,0
488,2017-04-18,09:04:54,595,v1709,XDCE,5630,5620,5670,11014,310763600,162064,160076,5965,5405,5685,5640,0,5620,0,0,0,2017-04-18,32694595,5625,73,0,0,0,0,0,0,0,0,5630,116,0,0,0,0,0,0,0,0
489,2017-04-18,09:04:55,96,v1709,XDCE,5630,5620,5670,11016,310819900,162066,160076,5965,5405,5685,5640,0,5620,0,0,0,2017-04-18,32695096,5625,81,0,0,0,0,0,0,0,0,5630,118,0,0,0,0,0,0,0,0
490,2017-04-18,09:04:55,582,v1709,XDCE,5630,5620,5670,11016,310819900,162066,160076,5965,5405,5685,5640,0,5620,0,0,0,2017-04-18,32695582,5625,81,0,0,0,0,0,0,0,0,5630,117,0,0,0,0,0,0,0,0
491,2017-04-18,09:04:56,896,v1709,XDCE,5630,5620,5670,11016,310819900,162066,160076,5965,5405,5685,5640,0,5620,0,0,0,2017-04-18,32696896,5625,85,0,0,0,0,0,0,0,0,5630,117,0,0,0,0,0,0,0,0
492,2017-04-18,09:04:58,98,v1709,XDCE,5625,5620,5670,11018,310876150,162066,160076,5965,5405,5685,5640,0,5620,0,0,0,2017-04-18,32698098,5625,85,0,0,0,0,0,0,0,0,5630,117,0,0,0,0,0,0,0,0
493,2017-04-18,09:04:58,567,v1709,XDCE,5630,5620,5670,11022,310988750,162070,160076,5965,5405,5685,5640,0,5620,0,0,0,2017-04-18,32698567,5625,85,0,0,0,0,0,0,0,0,5630,114,0,0,0,0,0,0,0,0
494,2017-04-18,09:04:59,543,v1709,XDCE,5630,5620,5670,11064,312171050,162112,160076,5965,5405,5685,5640,0,5620,0,0,0,2017-04-18,32699543,5625,85,0,0,0,0,0,0,0,0,5630,93,0,0,0,0,0,0,0,0
495,2017-04-18,09:05:00,63,v1709,XDCE,5630,5620,5670,11064,312171050,162112,160076,5965,5405,5685,5640,0,5620,0,0,0,2017-04-18,32700063,5625,85,0,0,0,0,0,0,0,0,5630,94,0,0,0,0,0,0,0,0
496,2017-04-18,09:05:00,595,v1709,XDCE,5630,5620,5670,11068,312283650,162114,160076,5965,5405,5685,5640,0,5620,0,0,0,2017-04-18,32700595,5625,104,0,0,0,0,0,0,0,0,5630,92,0,0,0,0,0,0,0,0
497,2017-04-18,09:05:01,93,v1709,XDCE,5630,5620,5670,11068,312283650,162114,160076,5965,5405,5685,5640,0,5620,0,0,0,2017-04-18,32701093,5625,106,0,0,0,0,0,0,0,0,5630,93,0,0,0,0,0,0,0,0
498,2017-04-18,09:05:01,537,v1709,XDCE,5630,5620,5670,11068,312283650,162114,160076,5965,5405,5685,5640,0,5620,0,0,0,2017-04-18,32701537,5625,106,0,0,0,0,0,0,0,0,5630,83,0,0,0,0,0,0,0,0
499,2017-04-18,09:05:01,961,v1709,XDCE,5630,5620,5670,11068,312283650,162114,160076,5965,5405,5685,5640,0,5620,0,0,0,2017-04-18,32701961,5625,108,0,0,0,0,0,0,0,0,5630,83,0,0,0,0,0,0,0,0
500,2017-04-18,09:05:03,547,v1709,XDCE,5630,5620,5670,11068,312283650,162114,160076,5965,5405,5685,5640,0,5620,0,0,0,2017-04-18,32703547,5625,108,0,0,0,0,0,0,0,0,5630,84,0,0,0,0,0,0,0,0
501,2017-04-18,09:05:04,562,v1709,XDCE,5630,5620,5670,11068,312283650,162114,160076,5965,5405,5685,5640,0,5620,0,0,0,2017-04-18,32704562,5625,118,0,0,0,0,0,0,0,0,5630,84,0,0,0,0,0,0,0,0
502,2017-04-18,09:05:07,592,v1709,XDCE,5630,5620,5670,11088,312846650,162126,160076,5965,5405,5685,5640,0,5620,0,0,0,2017-04-18,32707592,5625,119,0,0,0,0,0,0,0,0,5630,74,0,0,0,0,0,0,0,0
503,2017-04-18,09:05:07,990,v1709,XDCE,5630,5620,5670,11088,312846650,162126,160076,5965,5405,5685,5640,0,5620,0,0,0,2017-04-18,32707990,5625,118,0,0,0,0,0,0,0,0,5630,74,0,0,0,0,0,0,0,0
504,2017-04-18,09:05:08,984,v1709,XDCE,5630,5620,5670,11094,313015550,162132,160076,5965,5405,5685,5640,0,5620,0,0,0,2017-04-18,32708984,5625,118,0,0,0,0,0,0,0,0,5630,71,0,0,0,0,0,0,0,0
505,2017-04-18,09:05:09,564,v1709,XDCE,5625,5620,5670,11096,313071800,162134,160076,5965,5405,5685,5640,0,5620,0,0,0,2017-04-18,32709564,5625,117,0,0,0,0,0,0,0,0,5630,79,0,0,0,0,0,0,0,0
506,2017-04-18,09:05:10,560,v1709,XDCE,5630,5620,5670,11106,313353300,162144,160076,5965,5405,5685,5640,0,5620,0,0,0,2017-04-18,32710560,5625,117,0,0,0,0,0,0,0,0,5630,74,0,0,0,0,0,0,0,0
507,2017-04-18,09:05:10,821,v1709,XDCE,5630,5620,5670,11106,313353300,162144,160076,5965,5405,5685,5640,0,5620,0,0,0,2017-04-18,32710821,5625,117,0,0,0,0,0,0,0,0,5630,72,0,0,0,0,0,0,0,0
508,2017-04-18,09:05:12,496,v1709,XDCE,5625,5620,5670,11146,314479250,162130,160076,5965,5405,5685,5640,0,5620,0,0,0,2017-04-18,32712496,5625,122,0,0,0,0,0,0,0,0,5630,53,0,0,0,0,0,0,0,0
509,2017-04-18,09:05:13,68,v1709,XDCE,5630,5620,5670,11246,317294250,162146,160076,5965,5405,5685,5640,0,5620,0,0,0,2017-04-18,32713068,5630,46,0,0,0,0,0,0,0,0,5635,516,0,0,0,0,0,0,0,0
510,2017-04-18,09:05:13,595,v1709,XDCE,5630,5620,5670,11246,317294250,162146,160076,5965,5405,5685,5640,0,5620,0,0,0,2017-04-18,32713595,5630,53,0,0,0,0,0,0,0,0,5635,495,0,0,0,0,0,0,0,0
511,2017-04-18,09:05:14,97,v1709,XDCE,5630,5620,5670,11246,317294250,162146,160076,5965,5405,5685,5640,0,5620,0,0,0,2017-04-18,32714097,5630,56,0,0,0,0,0,0,0,0,5635,494,0,0,0,0,0,0,0,0
512,2017-04-18,09:05:14,588,v1709,XDCE,5630,5620,5670,11246,317294250,162146,160076,5965,5405,5685,5640,0,5620,0,0,0,2017-04-18,32714588,5630,57,0,0,0,0,0,0,0,0,5635,493,0,0,0,0,0,0,0,0
513,2017-04-18,09:05:14,949,v1709,XDCE,5630,5620,5670,11246,317294250,162146,160076,5965,5405,5685,5640,0,5620,0,0,0,2017-04-18,32714949,5630,56,0,0,0,0,0,0,0,0,5635,493,0,0,0,0,0,0,0,0
514,2017-04-18,09:05:16,94,v1709,XDCE,5635,5620,5670,11248,317350600,162144,160076,5965,5405,5685,5640,0,5620,0,0,0,2017-04-18,32716094,5630,64,0,0,0,0,0,0,0,0,5635,492,0,0,0,0,0,0,0,0
515,2017-04-18,09:05:16,599,v1709,XDCE,5635,5620,5670,11248,317350600,162144,160076,5965,5405,5685,5640,0,5620,0,0,0,2017-04-18,32716599,5630,56,0,0,0,0,0,0,0,0,5635,491,0,0,0,0,0,0,0,0
516,2017-04-18,09:05:17,96,v1709,XDCE,5630,5620,5670,11350,320222050,162144,160076,5965,5405,5685,5640,0,5620,0,0,0,2017-04-18,32717096,5630,8,0,0,0,0,0,0,0,0,5635,501,0,0,0,0,0,0,0,0
517,2017-04-18,09:05:17,570,v1709,XDCE,5630,5620,5670,11366,320672450,162146,160076,5965,5405,5685,5640,0,5620,0,0,0,2017-04-18,32717570,5625,124,0,0,0,0,0,0,0,0,5630,30,0,0,0,0,0,0,0,0
518,2017-04-18,09:05:17,953,v1709,XDCE,5630,5620,5670,11370,320785050,162146,160076,5965,5405,5685,5640,0,5620,0,0,0,2017-04-18,32717953,5625,123,0,0,0,0,0,0,0,0,5630,40,0,0,0,0,0,0,0,0
519,2017-04-18,09:05:18,529,v1709,XDCE,5630,5620,5670,11370,320785050,162146,160076,5965,5405,5685,5640,0,5620,0,0,0,2017-04-18,32718529,5625,123,0,0,0,0,0,0,0,0,5630,54,0,0,0,0,0,0,0,0
520,2017-04-18,09:05:19,79,v1709,XDCE,5630,5620,5670,11370,320785050,162146,160076,5965,5405,5685,5640,0,5620,0,0,0,2017-04-18,32719079,5625,122,0,0,0,0,0,0,0,0,5630,58,0,0,0,0,0,0,0,0
521,2017-04-18,09:05:19,564,v1709,XDCE,5630,5620,5670,11376,320953950,162146,160076,5965,5405,5685,5640,0,5620,0,0,0,2017-04-18,32719564,5625,127,0,0,0,0,0,0,0,0,5630,55,0,0,0,0,0,0,0,0
522,2017-04-18,09:05:21,559,v1709,XDCE,5630,5620,5670,11376,320953950,162146,160076,5965,5405,5685,5640,0,5620,0,0,0,2017-04-18,32721559,5625,127,0,0,0,0,0,0,0,0,5630,57,0,0,0,0,0,0,0,0
523,2017-04-18,09:05:21,892,v1709,XDCE,5630,5620,5670,11376,320953950,162146,160076,5965,5405,5685,5640,0,5620,0,0,0,2017-04-18,32721892,5625,127,0,0,0,0,0,0,0,0,5630,62,0,0,0,0,0,0,0,0
524,2017-04-18,09:05:22,599,v1709,XDCE,5630,5620,5670,11376,320953950,162146,160076,5965,5405,5685,5640,0,5620,0,0,0,2017-04-18,32722599,5625,117,0,0,0,0,0,0,0,0,5630,63,0,0,0,0,0,0,0,0
525,2017-04-18,09:05:23,519,v1709,XDCE,5630,5620,5670,11378,321010250,162148,160076,5965,5405,5685,5640,0,5620,0,0,0,2017-04-18,32723519,5625,117,0,0,0,0,0,0,0,0,5630,62,0,0,0,0,0,0,0,0
526,2017-04-18,09:05:24,68,v1709,XDCE,5630,5620,5670,11378,321010250,162148,160076,5965,5405,5685,5640,0,5620,0,0,0,2017-04-18,32724068,5625,120,0,0,0,0,0,0,0,0,5630,62,0,0,0,0,0,0,0,0
527,2017-04-18,09:05:24,569,v1709,XDCE,5630,5620,5670,11378,321010250,162148,160076,5965,5405,5685,5640,0,5620,0,0,0,2017-04-18,32724569,5625,123,0,0,0,0,0,0,0,0,5630,62,0,0,0,0,0,0,0,0
528,2017-04-18,09:05:25,57,v1709,XDCE,5625,5620,5670,11380,321066500,162148,160076,5965,5405,5685,5640,0,5620,0,0,0,2017-04-18,32725057,5625,122,0,0,0,0,0,0,0,0,5630,62,0,0,0,0,0,0,0,0
529,2017-04-18,09:05:25,596,v1709,XDCE,5625,5620,5670,11382,321122750,162148,160076,5965,5405,5685,5640,0,5620,0,0,0,2017-04-18,32725596,5625,122,0,0,0,0,0,0,0,0,5630,62,0,0,0,0,0,0,0,0
530,2017-04-18,09:05:26,78,v1709,XDCE,5625,5620,5670,11382,321122750,162148,160076,5965,5405,5685,5640,0,5620,0,0,0,2017-04-18,32726078,5625,122,0,0,0,0,0,0,0,0,5630,63,0,0,0,0,0,0,0,0
531,2017-04-18,09:05:26,596,v1709,XDCE,5625,5620,5670,11386,321235250,162144,160076,5965,5405,5685,5640,0,5620,0,0,0,2017-04-18,32726596,5625,120,0,0,0,0,0,0,0,0,5630,63,0,0,0,0,0,0,0,0
532,2017-04-18,09:05:27,96,v1709,XDCE,5630,5620,5670,11406,321798250,162164,160076,5965,5405,5685,5640,0,5620,0,0,0,2017-04-18,32727096,5625,120,0,0,0,0,0,0,0,0,5630,53,0,0,0,0,0,0,0,0
533,2017-04-18,09:05:27,578,v1709,XDCE,5630,5620,5670,11406,321798250,162164,160076,5965,5405,5685,5640,0,5620,0,0,0,2017-04-18,32727578,5625,121,0,0,0,0,0,0,0,0,5630,53,0,0,0,0,0,0,0,0
534,2017-04-18,09:05:28,94,v1709,XDCE,5630,5620,5670,11424,322304950,162164,160076,5965,5405,5685,5640,0,5620,0,0,0,2017-04-18,32728094,5625,121,0,0,0,0,0,0,0,0,5630,45,0,0,0,0,0,0,0,0
535,2017-04-18,09:05:28,580,v1709,XDCE,5630,5620,5670,11424,322304950,162164,160076,5965,5405,5685,5640,0,5620,0,0,0,2017-04-18,32728580,5625,116,0,0,0,0,0,0,0,0,5630,45,0,0,0,0,0,0,0,0
536,2017-04-18,09:05:30,81,v1709,XDCE,5630,5620,5670,11424,322304950,162164,160076,5965,5405,5685,5640,0,5620,0,0,0,2017-04-18,32730081,5625,116,0,0,0,0,0,0,0,0,5630,57,0,0,0,0,0,0,0,0
537,2017-04-18,09:05:30,601,v1709,XDCE,5625,5620,5670,11552,325904950,162272,160076,5965,5405,5685,5640,0,5620,0,0,0,2017-04-18,32730601,5625,52,0,0,0,0,0,0,0,0,5630,69,0,0,0,0,0,0,0,0
538,2017-04-18,09:05:31,71,v1709,XDCE,5630,5620,5670,11574,326523850,162294,160076,5965,5405,5685,5640,0,5620,0,0,0,2017-04-18,32731071,5625,43,0,0,0,0,0,0,0,0,5630,82,0,0,0,0,0,0,0,0
539,2017-04-18,09:05:31,593,v1709,XDCE,5625,5620,5670,11622,327873850,162286,160076,5965,5405,5685,5640,0,5620,0,0,0,2017-04-18,32731593,5625,18,0,0,0,0,0,0,0,0,5630,91,0,0,0,0,0,0,0,0
