,dataDate,dataTime,dataMillisec,instrumentID,exchangeCD,lastPrice,lowPrice,highPrice,volume,value,openInterest,preOpenInterest,upperLimitPrice,lowerLimitPrice,preSettlementPrice,prevClosePrice,settlementPrice,openPrice,closePrice,preDelta,currDelta,clearingDay,milliSecOffset,bidPrice1,bidVolume1,bidPrice2,bidVolume2,bidPrice3,bidVolume3,bidPrice4,bidVolume4,bidPrice5,bidVolume5,askPrice1,askVolume1,askPrice2,askVolume2,askPrice3,askVolume3,askPrice4,askVolume4,askPrice5,askVolume5
0,2017-04-17,19:32:02,0,WH705,XZCE,3202,0,0,0,0,14524,14524,3354,3034,3194,3202,0,0,0,0,0,2017-04-18,70322000,0,0,0,0,0,0,0,0,0,0,0,0,0,0,0,0,0,0,0,0
1,2017-04-18,08:59:00,0,WH705,XZCE,3195,3195,3195,8,511200,14528,14524,3354,3034,3194,3202,0,3195,0,0,0,2017-04-18,32340000,3194,1,0,0,0,0,0,0,0,0,3195,11,0,0,0,0,0,0,0,0
2,2017-04-18,08:59:00,0,WH705,XZCE,3195,3195,3195,8,511200,14528,14524,3354,3034,3194,3202,0,3195,0,0,0,2017-04-18,32340000,3194,1,0,0,0,0,0,0,0,0,3195,11,0,0,0,0,0,0,0,0
3,2017-04-18,09:00:00,0,WH705,XZCE,3191,3191,3195,16,1021760,14532,14524,3354,3034,3194,3202,0,3195,0,0,0,2017-04-18,32400000,3190,1,0,0,0,0,0,0,0,0,3194,4,0,0,0,0,0,0,0,0
4,2017-04-18,09:00:00,0,WH705,XZCE,3191,3191,3195,16,1021760,14532,14524,3354,3034,3194,3202,0,3195,0,0,0,2017-04-18,32400000,3190,1,0,0,0,0,0,0,0,0,3194,4,0,0,0,0,0,0,0,0
5,2017-04-18,09:00:01,0,WH705,XZCE,3190,3190,3195,18,1149360,14532,14524,3354,3034,3194,3202,0,3195,0,0,0,2017-04-18,32401000,3188,1,0,0,0,0,0,0,0,0,3191,1,0,0,0,0,0,0,0,0
6,2017-04-18,09:00:01,0,WH705,XZCE,3185,3185,3195,46,2932960,14542,14524,3354,3034,3194,3202,0,3195,0,0,0,2017-04-18,32401000,3185,13,0,0,0,0,0,0,0,0,3193,1,0,0,0,0,0,0,0,0
7,2017-04-18,09:00:01,0,WH705,XZCE,3190,3190,3195,18,1149360,14532,14524,3354,3034,3194,3202,0,3195,0,0,0,2017-04-18,32401000,3188,1,0,0,0,0,0,0,0,0,3191,1,0,0,0,0,0,0,0,0
8,2017-04-18,09:00:01,0,WH705,XZCE,3185,3185,3195,46,2932960,14542,14524,3354,3034,3194,3202,0,3195,0,0,0,2017-04-18,32401000,3185,13,0,0,0,0,0,0,0,0,3193,1,0,0,0,0,0,0,0,0
9,2017-04-18,09:00:02,0,WH705,XZCE,3186,3185,3195,50,3187840,14542,14524,3354,3034,3194,3202,0,3195,0,0,0,2017-04-18,32402000,3187,4,0,0,0,0,0,0,0,0,3193,1,0,0,0,0,0,0,0,0
10,2017-04-18,09:00:02,0,WH705,XZCE,3186,3185,3195,50,3187840,14542,14524,3354,3034,3194,3202,0,3195,0,0,0,2017-04-18,32402000,3187,4,0,0,0,0,0,0,0,0,3193,1,0,0,0,0,0,0,0,0
11,2017-04-18,09:00:02,0,WH705,XZCE,3194,3185,3195,54,3443360,14542,14524,3354,3034,3194,3202,0,3195,0,0,0,2017-04-18,32402000,3187,4,0,0,0,0,0,0,0,0,3194,7,0,0,0,0,0,0,0,0
12,2017-04-18,09:00:03,0,WH705,XZCE,3187,3185,3195,58,3698320,14546,14524,3354,3034,3194,3202,0,3195,0,0,0,2017-04-18,32403000,3187,3,0,0,0,0,0,0,0,0,3194,7,0,0,0,0,0,0,0,0
13,2017-04-18,09:00:03,0,WH705,XZCE,3185,3185,3195,70,4462720,14550,14524,3354,3034,3194,3202,0,3195,0,0,0,2017-04-18,32403000,3188,1,0,0,0,0,0,0,0,0,3191,1,0,0,0,0,0,0,0,0
14,2017-04-18,09:00:04,0,WH705,XZCE,3185,3185,3195,70,4462720,14550,14524,3354,3034,3194,3202,0,3195,0,0,0,2017-04-18,32404000,3188,1,0,0,0,0,0,0,0,0,3191,2,0,0,0,0,0,0,0,0
15,2017-04-18,09:00:04,0,WH705,XZCE,3185,3185,3195,70,4462720,14550,14524,3354,3034,3194,3202,0,3195,0,0,0,2017-04-18,32404000,3190,1,0,0,0,0,0,0,0,0,3191,2,0,0,0,0,0,0,0,0
16,2017-04-18,09:00:05,0,WH705,XZCE,3190,3185,3195,72,4590320,14550,14524,3354,3034,3194,3202,0,3195,0,0,0,2017-04-18,32405000,3190,1,0,0,0,0,0,0,0,0,3191,2,0,0,0,0,0,0,0,0
17,2017-04-18,09:00:05,0,WH705,XZCE,3190,3185,3195,74,4717920,14550,14524,3354,3034,3194,3202,0,3195,0,0,0,2017-04-18,32405000,3188,1,0,0,0,0,0,0,0,0,3190,2,0,0,0,0,0,0,0,0
18,2017-04-18,09:00:09,0,WH705,XZCE,3190,3185,3195,76,4845520,14548,14524,3354,3034,3194,3202,0,3195,0,0,0,2017-04-18,32409000,3186,1,0,0,0,0,0,0,0,0,3190,1,0,0,0,0,0,0,0,0
19,2017-04-18,09:00:10,0,WH705,XZCE,3190,3185,3195,76,4845520,14548,14524,3354,3034,3194,3202,0,3195,0,0,0,2017-04-18,32410000,3186,2,0,0,0,0,0,0,0,0,3190,1,0,0,0,0,0,0,0,0
20,2017-04-18,09:00:10,0,WH705,XZCE,3190,3185,3195,76,4845520,14548,14524,3354,3034,3194,3202,0,3195,0,0,0,2017-04-18,32410000,3187,2,0,0,0,0,0,0,0,0,3190,1,0,0,0,0,0,0,0,0
21,2017-04-18,09:00:12,0,WH705,XZCE,3187,3185,3195,78,4973000,14548,14524,3354,3034,3194,3202,0,3195,0,0,0,2017-04-18,32412000,3189,10,0,0,0,0,0,0,0,0,3190,1,0,0,0,0,0,0,0,0
22,2017-04-18,09:00:12,0,WH705,XZCE,3189,3185,3195,96,6121040,14548,14524,3354,3034,3194,3202,0,3195,0,0,0,2017-04-18,32412000,3189,2,0,0,0,0,0,0,0,0,3194,7,0,0,0,0,0,0,0,0
23,2017-04-18,09:00:13,0,WH705,XZCE,3189,3185,3195,96,6121040,14548,14524,3354,3034,3194,3202,0,3195,0,0,0,2017-04-18,32413000,3189,2,0,0,0,0,0,0,0,0,3194,6,0,0,0,0,0,0,0,0
24,2017-04-18,09:00:13,0,WH705,XZCE,3189,3185,3195,96,6121040,14548,14524,3354,3034,3194,3202,0,3195,0,0,0,2017-04-18,32413000,3191,1,0,0,0,0,0,0,0,0,3193,2,0,0,0,0,0,0,0,0
25,2017-04-18,09:00:15,0,WH705,XZCE,3191,3185,3195,98,6248680,14550,14524,3354,3034,3194,3202,0,3195,0,0,0,2017-04-18,32415000,3189,2,0,0,0,0,0,0,0,0,3193,2,0,0,0,0,0,0,0,0
26,2017-04-18,09:00:16,0,WH705,XZCE,3191,3185,3195,98,6248680,14550,14524,3354,3034,3194,3202,0,3195,0,0,0,2017-04-18,32416000,3189,2,0,0,0,0,0,0,0,0,3192,2,0,0,0,0,0,0,0,0
27,2017-04-18,09:00:16,0,WH705,XZCE,3191,3185,3195,98,6248680,14550,14524,3354,3034,3194,3202,0,3195,0,0,0,2017-04-18,32416000,3189,8,0,0,0,0,0,0,0,0,3192,2,0,0,0,0,0,0,0,0
28,2017-04-18,09:00:17,0,WH705,XZCE,3191,3185,3195,98,6248680,14550,14524,3354,3034,3194,3202,0,3195,0,0,0,2017-04-18,32417000,3189,8,0,0,0,0,0,0,0,0,3192,3,0,0,0,0,0,0,0,0
29,2017-04-18,09:00:17,0,WH705,XZCE,3192,3185,3195,100,6376360,14548,14524,3354,3034,3194,3202,0,3195,0,0,0,2017-04-18,32417000,3189,8,0,0,0,0,0,0,0,0,3192,2,0,0,0,0,0,0,0,0
30,2017-04-18,09:00:18,0,WH705,XZCE,3189,3185,3195,104,6631480,14548,14524,3354,3034,3194,3202,0,3195,0,0,0,2017-04-18,32418000,3189,7,0,0,0,0,0,0,0,0,3192,2,0,0,0,0,0,0,0,0
31,2017-04-18,09:00:20,0,WH705,XZCE,3189,3185,3195,104,6631480,14548,14524,3354,3034,3194,3202,0,3195,0,0,0,2017-04-18,32420000,3189,7,0,0,0,0,0,0,0,0,3191,1,0,0,0,0,0,0,0,0
32,2017-04-18,09:00:20,0,WH705,XZCE,3189,3185,3195,104,6631480,14548,14524,3354,3034,3194,3202,0,3195,0,0,0,2017-04-18,32420000,3189,6,0,0,0,0,0,0,0,0,3191,2,0,0,0,0,0,0,0,0
33,2017-04-18,09:00:22,0,WH705,XZCE,3189,3185,3195,106,6759040,14548,14524,3354,3034,3194,3202,0,3195,0,0,0,2017-04-18,32422000,3189,5,0,0,0,0,0,0,0,0,3191,2,0,0,0,0,0,0,0,0
34,2017-04-18,09:00:22,0,WH705,XZCE,3189,3185,3195,106,6759040,14548,14524,3354,3034,3194,3202,0,3195,0,0,0,2017-04-18,32422000,3190,1,0,0,0,0,0,0,0,0,3191,2,0,0,0,0,0,0,0,0
35,2017-04-18,09:00:23,0,WH705,XZCE,3189,3185,3195,106,6759040,14548,14524,3354,3034,3194,3202,0,3195,0,0,0,2017-04-18,32423000,3190,1,0,0,0,0,0,0,0,0,3191,4,0,0,0,0,0,0,0,0
36,2017-04-18,09:00:25,0,WH705,XZCE,3189,3185,3195,106,6759040,14548,14524,3354,3034,3194,3202,0,3195,0,0,0,2017-04-18,32425000,3190,1,0,0,0,0,0,0,0,0,3191,3,0,0,0,0,0,0,0,0
37,2017-04-18,09:00:25,0,WH705,XZCE,3189,3185,3195,106,6759040,14548,14524,3354,3034,3194,3202,0,3195,0,0,0,2017-04-18,32425000,3189,5,0,0,0,0,0,0,0,0,3191,3,0,0,0,0,0,0,0,0
38,2017-04-18,09:00:26,0,WH705,XZCE,3191,3185,3195,108,6886680,14548,14524,3354,3034,3194,3202,0,3195,0,0,0,2017-04-18,32426000,3189,5,0,0,0,0,0,0,0,0,3191,2,0,0,0,0,0,0,0,0
39,2017-04-18,09:00:26,0,WH705,XZCE,3190,3185,3195,110,7014280,14548,14524,3354,3034,3194,3202,0,3195,0,0,0,2017-04-18,32426000,3189,5,0,0,0,0,0,0,0,0,3191,2,0,0,0,0,0,0,0,0
40,2017-04-18,09:00:27,0,WH705,XZCE,3190,3185,3195,110,7014280,14548,14524,3354,3034,3194,3202,0,3195,0,0,0,2017-04-18,32427000,3189,7,0,0,0,0,0,0,0,0,3191,2,0,0,0,0,0,0,0,0
41,2017-04-18,09:00:27,0,WH705,XZCE,3190,3185,3195,110,7014280,14548,14524,3354,3034,3194,3202,0,3195,0,0,0,2017-04-18,32427000,3189,7,0,0,0,0,0,0,0,0,3190,1,0,0,0,0,0,0,0,0
42,2017-04-18,09:00:28,0,WH705,XZCE,3190,3185,3195,112,7141880,14548,14524,3354,3034,3194,3202,0,3195,0,0,0,2017-04-18,32428000,3190,1,0,0,0,0,0,0,0,0,3191,2,0,0,0,0,0,0,0,0
43,2017-04-18,09:00:28,0,WH705,XZCE,3189,3185,3195,120,7652120,14542,14524,3354,3034,3194,3202,0,3195,0,0,0,2017-04-18,32428000,3189,4,0,0,0,0,0,0,0,0,3191,2,0,0,0,0,0,0,0,0
44,2017-04-18,09:00:29,0,WH705,XZCE,3189,3185,3195,120,7652120,14542,14524,3354,3034,3194,3202,0,3195,0,0,0,2017-04-18,32429000,3189,4,0,0,0,0,0,0,0,0,3191,3,0,0,0,0,0,0,0,0
45,2017-04-18,09:00:30,0,WH705,XZCE,3189,3185,3195,122,7779680,14542,14524,3354,3034,3194,3202,0,3195,0,0,0,2017-04-18,32430000,3189,3,0,0,0,0,0,0,0,0,3190,1,0,0,0,0,0,0,0,0
46,2017-04-18,09:00:30,0,WH705,XZCE,3189,3185,3195,122,7779680,14542,14524,3354,3034,3194,3202,0,3195,0,0,0,2017-04-18,32430000,3189,3,0,0,0,0,0,0,0,0,3190,2,0,0,0,0,0,0,0,0
47,2017-04-18,09:00:31,0,WH705,XZCE,3189,3185,3195,130,8289920,14534,14524,3354,3034,3194,3202,0,3195,0,0,0,2017-04-18,32431000,3188,1,0,0,0,0,0,0,0,0,3189,1,0,0,0,0,0,0,0,0
48,2017-04-18,09:00:31,0,WH705,XZCE,3189,3185,3195,130,8289920,14534,14524,3354,3034,3194,3202,0,3195,0,0,0,2017-04-18,32431000,3188,1,0,0,0,0,0,0,0,0,3189,3,0,0,0,0,0,0,0,0
49,2017-04-18,09:00:32,0,WH705,XZCE,3189,3185,3195,130,8289920,14534,14524,3354,3034,3194,3202,0,3195,0,0,0,2017-04-18,32432000,3186,2,0,0,0,0,0,0,0,0,3189,3,0,0,0,0,0,0,0,0
50,2017-04-18,09:00:33,0,WH705,XZCE,3189,3185,3195,130,8289920,14534,14524,3354,3034,3194,3202,0,3195,0,0,0,2017-04-18,32433000,3186,1,0,0,0,0,0,0,0,0,3187,2,0,0,0,0,0,0,0,0
51,2017-04-18,09:00:36,0,WH705,XZCE,3186,3185,3195,134,8544800,14532,14524,3354,3034,3194,3202,0,3195,0,0,0,2017-04-18,32436000,3185,12,0,0,0,0,0,0,0,0,3186,3,0,0,0,0,0,0,0,0
52,2017-04-18,09:00:37,0,WH705,XZCE,3186,3185,3195,136,8672240,14532,14524,3354,3034,3194,3202,0,3195,0,0,0,2017-04-18,32437000,3185,12,0,0,0,0,0,0,0,0,3186,2,0,0,0,0,0,0,0,0
53,2017-04-18,09:00:38,0,WH705,XZCE,3185,3185,3195,146,9309240,14522,14524,3354,3034,3194,3202,0,3195,0,0,0,2017-04-18,32438000,3185,7,0,0,0,0,0,0,0,0,3186,2,0,0,0,0,0,0,0,0
54,2017-04-18,09:00:39,0,WH705,XZCE,3186,3185,3195,148,9436680,14522,14524,3354,3034,3194,3202,0,3195,0,0,0,2017-04-18,32439000,3185,7,0,0,0,0,0,0,0,0,3186,1,0,0,0,0,0,0,0,0
55,2017-04-18,09:00:39,0,WH705,XZCE,3185,3185,3195,150,9564080,14522,14524,3354,3034,3194,3202,0,3195,0,0,0,2017-04-18,32439000,3185,6,0,0,0,0,0,0,0,0,3186,1,0,0,0,0,0,0,0,0
56,2017-04-18,09:00:40,0,WH705,XZCE,3186,3185,3195,162,10328720,14512,14524,3354,3034,3194,3202,0,3195,0,0,0,2017-04-18,32440000,3185,1,0,0,0,0,0,0,0,0,3187,2,0,0,0,0,0,0,0,0
57,2017-04-18,09:00:41,0,WH705,XZCE,3185,3185,3195,164,10456120,14512,14524,3354,3034,3194,3202,0,3195,0,0,0,2017-04-18,32441000,3186,1,0,0,0,0,0,0,0,0,3187,2,0,0,0,0,0,0,0,0
58,2017-04-18,09:00:41,0,WH705,XZCE,3187,3185,3195,166,10583600,14512,14524,3354,3034,3194,3202,0,3195,0,0,0,2017-04-18,32441000,3186,1,0,0,0,0,0,0,0,0,3187,1,0,0,0,0,0,0,0,0
59,2017-04-18,09:00:42,0,WH705,XZCE,3187,3185,3195,168,10711080,14510,14524,3354,3034,3194,3202,0,3195,0,0,0,2017-04-18,32442000,3186,2,0,0,0,0,0,0,0,0,3189,3,0,0,0,0,0,0,0,0
60,2017-04-18,09:00:42,0,WH705,XZCE,3186,3185,3195,170,10838520,14510,14524,3354,3034,3194,3202,0,3195,0,0,0,2017-04-18,32442000,3186,2,0,0,0,0,0,0,0,0,3189,3,0,0,0,0,0,0,0,0
61,2017-04-18,09:00:43,0,WH705,XZCE,3186,3185,3195,172,10965960,14512,14524,3354,3034,3194,3202,0,3195,0,0,0,2017-04-18,32443000,3186,1,0,0,0,0,0,0,0,0,3189,3,0,0,0,0,0,0,0,0
62,2017-04-18,09:00:43,0,WH705,XZCE,3189,3185,3195,174,11093520,14510,14524,3354,3034,3194,3202,0,3195,0,0,0,2017-04-18,32443000,3186,1,0,0,0,0,0,0,0,0,3189,2,0,0,0,0,0,0,0,0
63,2017-04-18,09:00:45,0,WH705,XZCE,3189,3185,3195,176,11221080,14510,14524,3354,3034,3194,3202,0,3195,0,0,0,2017-04-18,32445000,3186,1,0,0,0,0,0,0,0,0,3189,2,0,0,0,0,0,0,0,0
64,2017-04-18,09:00:48,0,WH705,XZCE,3189,3185,3195,176,11221080,14510,14524,3354,3034,3194,3202,0,3195,0,0,0,2017-04-18,32448000,3186,1,0,0,0,0,0,0,0,0,3188,1,0,0,0,0,0,0,0,0
65,2017-04-18,09:00:48,0,WH705,XZCE,3186,3185,3195,178,11348520,14512,14524,3354,3034,3194,3202,0,3195,0,0,0,2017-04-18,32448000,3184,2,0,0,0,0,0,0,0,0,3188,2,0,0,0,0,0,0,0,0
66,2017-04-18,09:00:50,0,WH705,XZCE,3186,3185,3195,178,11348520,14512,14524,3354,3034,3194,3202,0,3195,0,0,0,2017-04-18,32450000,3184,2,0,0,0,0,0,0,0,0,3187,1,0,0,0,0,0,0,0,0
67,2017-04-18,09:00:51,0,WH705,XZCE,3191,3185,3195,196,12497280,14524,14524,3354,3034,3194,3202,0,3195,0,0,0,2017-04-18,32451000,3191,2,0,0,0,0,0,0,0,0,3192,1,0,0,0,0,0,0,0,0
68,2017-04-18,09:00:52,0,WH705,XZCE,3191,3185,3195,198,12624920,14526,14524,3354,3034,3194,3202,0,3195,0,0,0,2017-04-18,32452000,3191,1,0,0,0,0,0,0,0,0,3192,1,0,0,0,0,0,0,0,0
69,2017-04-18,09:00:52,0,WH705,XZCE,3191,3185,3195,200,12752560,14528,14524,3354,3034,3194,3202,0,3195,0,0,0,2017-04-18,32452000,3188,2,0,0,0,0,0,0,0,0,3191,2,0,0,0,0,0,0,0,0
70,2017-04-18,09:00:53,0,WH705,XZCE,3191,3185,3195,200,12752560,14528,14524,3354,3034,3194,3202,0,3195,0,0,0,2017-04-18,32453000,3188,2,0,0,0,0,0,0,0,0,3191,3,0,0,0,0,0,0,0,0
71,2017-04-18,09:00:53,0,WH705,XZCE,3191,3185,3195,200,12752560,14528,14524,3354,3034,3194,3202,0,3195,0,0,0,2017-04-18,32453000,3188,2,0,0,0,0,0,0,0,0,3191,2,0,0,0,0,0,0,0,0
72,2017-04-18,09:00:54,0,WH705,XZCE,3191,3185,3195,200,12752560,14528,14524,3354,3034,3194,3202,0,3195,0,0,0,2017-04-18,32454000,3188,2,0,0,0,0,0,0,0,0,3191,1,0,0,0,0,0,0,0,0
73,2017-04-18,09:00:55,0,WH705,XZCE,3188,3185,3195,202,12880080,14530,14524,3354,3034,3194,3202,0,3195,0,0,0,2017-04-18,32455000,3188,1,0,0,0,0,0,0,0,0,3191,1,0,0,0,0,0,0,0,0
74,2017-04-18,09:00:56,0,WH705,XZCE,3188,3185,3195,202,12880080,14530,14524,3354,3034,3194,3202,0,3195,0,0,0,2017-04-18,32456000,3188,1,0,0,0,0,0,0,0,0,3190,1,0,0,0,0,0,0,0,0
75,2017-04-18,09:00:57,0,WH705,XZCE,3188,3185,3195,202,12880080,14530,14524,3354,3034,3194,3202,0,3195,0,0,0,2017-04-18,32457000,3189,1,0,0,0,0,0,0,0,0,3190,2,0,0,0,0,0,0,0,0
76,2017-04-18,09:00:59,0,WH705,XZCE,3188,3185,3195,206,13135120,14532,14524,3354,3034,3194,3202,0,3195,0,0,0,2017-04-18,32459000,3186,2,0,0,0,0,0,0,0,0,3190,22,0,0,0,0,0,0,0,0
77,2017-04-18,09:00:59,0,WH705,XZCE,3188,3185,3195,206,13135120,14532,14524,3354,3034,3194,3202,0,3195,0,0,0,2017-04-18,32459000,3186,2,0,0,0,0,0,0,0,0,3189,3,0,0,0,0,0,0,0,0
78,2017-04-18,09:01:00,0,WH705,XZCE,3188,3185,3195,206,13135120,14532,14524,3354,3034,3194,3202,0,3195,0,0,0,2017-04-18,32460000,3186,2,0,0,0,0,0,0,0,0,3187,2,0,0,0,0,0,0,0,0
79,2017-04-18,09:01:01,0,WH705,XZCE,3187,3185,3195,210,13390080,14528,14524,3354,3034,3194,3202,0,3195,0,0,0,2017-04-18,32461000,3186,2,0,0,0,0,0,0,0,0,3187,1,0,0,0,0,0,0,0,0
80,2017-04-18,09:01:02,0,WH705,XZCE,3187,3185,3195,212,13517560,14526,14524,3354,3034,3194,3202,0,3195,0,0,0,2017-04-18,32462000,3186,2,0,0,0,0,0,0,0,0,3188,9,0,0,0,0,0,0,0,0
81,2017-04-18,09:01:02,0,WH705,XZCE,3187,3185,3195,212,13517560,14526,14524,3354,3034,3194,3202,0,3195,0,0,0,2017-04-18,32462000,3187,1,0,0,0,0,0,0,0,0,3188,9,0,0,0,0,0,0,0,0
82,2017-04-18,09:01:03,0,WH705,XZCE,3186,3185,3195,216,13772440,14526,14524,3354,3034,3194,3202,0,3195,0,0,0,2017-04-18,32463000,3186,1,0,0,0,0,0,0,0,0,3188,9,0,0,0,0,0,0,0,0
83,2017-04-18,09:01:05,0,WH705,XZCE,3186,3185,3195,216,13772440,14526,14524,3354,3034,3194,3202,0,3195,0,0,0,2017-04-18,32465000,3186,1,0,0,0,0,0,0,0,0,3189,2,0,0,0,0,0,0,0,0
84,2017-04-18,09:01:05,0,WH705,XZCE,3185,3185,3195,220,14027240,14526,14524,3354,3034,3194,3202,0,3195,0,0,0,2017-04-18,32465000,3184,2,0,0,0,0,0,0,0,0,3185,7,0,0,0,0,0,0,0,0
85,2017-04-18,09:01:07,0,WH705,XZCE,3185,3184,3195,226,14409440,14526,14524,3354,3034,3194,3202,0,3195,0,0,0,2017-04-18,32467000,3184,1,0,0,0,0,0,0,0,0,3185,5,0,0,0,0,0,0,0,0
86,2017-04-18,09:01:07,0,WH705,XZCE,3184,3184,3195,228,14536800,14526,14524,3354,3034,3194,3202,0,3195,0,0,0,2017-04-18,32467000,3182,1,0,0,0,0,0,0,0,0,3185,5,0,0,0,0,0,0,0,0
87,2017-04-18,09:01:08,0,WH705,XZCE,3182,3182,3195,230,14664080,14526,14524,3354,3034,3194,3202,0,3195,0,0,0,2017-04-18,32468000,3181,9,0,0,0,0,0,0,0,0,3184,1,0,0,0,0,0,0,0,0
88,2017-04-18,09:01:08,0,WH705,XZCE,3184,3182,3195,232,14791440,14526,14524,3354,3034,3194,3202,0,3195,0,0,0,2017-04-18,32468000,3184,1,0,0,0,0,0,0,0,0,3185,20,0,0,0,0,0,0,0,0
89,2017-04-18,09:01:09,0,WH705,XZCE,3184,3182,3195,232,14791440,14526,14524,3354,3034,3194,3202,0,3195,0,0,0,2017-04-18,32469000,3184,1,0,0,0,0,0,0,0,0,3185,15,0,0,0,0,0,0,0,0
90,2017-04-18,09:01:09,0,WH705,XZCE,3184,3182,3195,234,14918800,14526,14524,3354,3034,3194,3202,0,3195,0,0,0,2017-04-18,32469000,3181,9,0,0,0,0,0,0,0,0,3182,5,0,0,0,0,0,0,0,0
91,2017-04-18,09:01:10,0,WH705,XZCE,3182,3182,3195,236,15046080,14526,14524,3354,3034,3194,3202,0,3195,0,0,0,2017-04-18,32470000,3181,9,0,0,0,0,0,0,0,0,3182,4,0,0,0,0,0,0,0,0
92,2017-04-18,09:01:10,0,WH705,XZCE,3182,3182,3195,238,15173360,14528,14524,3354,3034,3194,3202,0,3195,0,0,0,2017-04-18,32470000,3181,9,0,0,0,0,0,0,0,0,3182,3,0,0,0,0,0,0,0,0
93,2017-04-18,09:01:11,0,WH705,XZCE,3185,3182,3195,258,16447360,14516,14524,3354,3034,3194,3202,0,3195,0,0,0,2017-04-18,32471000,3184,2,0,0,0,0,0,0,0,0,3185,9,0,0,0,0,0,0,0,0
94,2017-04-18,09:01:11,0,WH705,XZCE,3184,3182,3195,260,16574720,14516,14524,3354,3034,3194,3202,0,3195,0,0,0,2017-04-18,32471000,3184,1,0,0,0,0,0,0,0,0,3185,9,0,0,0,0,0,0,0,0
95,2017-04-18,09:01:13,0,WH705,XZCE,3185,3182,3195,264,16829520,14512,14524,3354,3034,3194,3202,0,3195,0,0,0,2017-04-18,32473000,3184,1,0,0,0,0,0,0,0,0,3185,7,0,0,0,0,0,0,0,0
96,2017-04-18,09:01:14,0,WH705,XZCE,3184,3182,3195,266,16956880,14510,14524,3354,3034,3194,3202,0,3195,0,0,0,2017-04-18,32474000,3182,2,0,0,0,0,0,0,0,0,3185,7,0,0,0,0,0,0,0,0
97,2017-04-18,09:01:16,0,WH705,XZCE,3184,3182,3195,266,16956880,14510,14524,3354,3034,3194,3202,0,3195,0,0,0,2017-04-18,32476000,3183,1,0,0,0,0,0,0,0,0,3185,7,0,0,0,0,0,0,0,0
98,2017-04-18,09:01:17,0,WH705,XZCE,3184,3182,3195,266,16956880,14510,14524,3354,3034,3194,3202,0,3195,0,0,0,2017-04-18,32477000,3183,2,0,0,0,0,0,0,0,0,3185,7,0,0,0,0,0,0,0,0
99,2017-04-18,09:01:17,0,WH705,XZCE,3184,3182,3195,266,16956880,14510,14524,3354,3034,3194,3202,0,3195,0,0,0,2017-04-18,32477000,3183,2,0,0,0,0,0,0,0,0,3184,1,0,0,0,0,0,0,0,0
100,2017-04-18,09:01:18,0,WH705,XZCE,3184,3182,3195,268,17084240,14510,14524,3354,3034,3194,3202,0,3195,0,0,0,2017-04-18,32478000,3183,2,0,0,0,0,0,0,0,0,3185,7,0,0,0,0,0,0,0,0
101,2017-04-18,09:01:19,0,WH705,XZCE,3183,3182,3195,272,17338880,14512,14524,3354,3034,3194,3202,0,3195,0,0,0,2017-04-18,32479000,3182,1,0,0,0,0,0,0,0,0,3183,5,0,0,0,0,0,0,0,0
102,2017-04-18,09:01:20,0,WH705,XZCE,3182,3182,3195,274,17466160,14512,14524,3354,3034,3194,3202,0,3195,0,0,0,2017-04-18,32480000,3181,9,0,0,0,0,0,0,0,0,3183,5,0,0,0,0,0,0,0,0
103,2017-04-18,09:01:21,0,WH705,XZCE,3182,3182,3195,274,17466160,14512,14524,3354,3034,3194,3202,0,3195,0,0,0,2017-04-18,32481000,3181,9,0,0,0,0,0,0,0,0,3182,2,0,0,0,0,0,0,0,0
104,2017-04-18,09:01:21,0,WH705,XZCE,3182,3182,3195,274,17466160,14512,14524,3354,3034,3194,3202,0,3195,0,0,0,2017-04-18,32481000,3181,7,0,0,0,0,0,0,0,0,3182,2,0,0,0,0,0,0,0,0
105,2017-04-18,09:01:22,0,WH705,XZCE,3182,3182,3195,274,17466160,14512,14524,3354,3034,3194,3202,0,3195,0,0,0,2017-04-18,32482000,3181,7,0,0,0,0,0,0,0,0,3182,1,0,0,0,0,0,0,0,0
106,2017-04-18,09:01:22,0,WH705,XZCE,3182,3181,3195,278,17720720,14512,14524,3354,3034,3194,3202,0,3195,0,0,0,2017-04-18,32482000,3181,11,0,0,0,0,0,0,0,0,3183,5,0,0,0,0,0,0,0,0
107,2017-04-18,09:01:23,0,WH705,XZCE,3183,3181,3195,288,18357320,14512,14524,3354,3034,3194,3202,0,3195,0,0,0,2017-04-18,32483000,3183,1,0,0,0,0,0,0,0,0,3184,1,0,0,0,0,0,0,0,0
108,2017-04-18,09:01:23,0,WH705,XZCE,3183,3181,3195,288,18357320,14512,14524,3354,3034,3194,3202,0,3195,0,0,0,2017-04-18,32483000,3183,2,0,0,0,0,0,0,0,0,3184,1,0,0,0,0,0,0,0,0
109,2017-04-18,09:01:25,0,WH705,XZCE,3182,3181,3195,296,18866440,14516,14524,3354,3034,3194,3202,0,3195,0,0,0,2017-04-18,32485000,3181,11,0,0,0,0,0,0,0,0,3182,3,0,0,0,0,0,0,0,0
110,2017-04-18,09:01:25,0,WH705,XZCE,3182,3181,3195,296,18866440,14516,14524,3354,3034,3194,3202,0,3195,0,0,0,2017-04-18,32485000,3181,12,0,0,0,0,0,0,0,0,3182,3,0,0,0,0,0,0,0,0
111,2017-04-18,09:01:26,0,WH705,XZCE,3182,3181,3195,298,18993720,14516,14524,3354,3034,3194,3202,0,3195,0,0,0,2017-04-18,32486000,3181,12,0,0,0,0,0,0,0,0,3182,2,0,0,0,0,0,0,0,0
112,2017-04-18,09:01:27,0,WH705,XZCE,3182,3181,3195,298,18993720,14516,14524,3354,3034,3194,3202,0,3195,0,0,0,2017-04-18,32487000,3181,12,0,0,0,0,0,0,0,0,3182,7,0,0,0,0,0,0,0,0
113,2017-04-18,09:01:28,0,WH705,XZCE,3181,3181,3195,300,19120960,14518,14524,3354,3034,3194,3202,0,3195,0,0,0,2017-04-18,32488000,3181,11,0,0,0,0,0,0,0,0,3182,7,0,0,0,0,0,0,0,0
114,2017-04-18,09:01:28,0,WH705,XZCE,3182,3181,3195,302,19248240,14518,14524,3354,3034,3194,3202,0,3195,0,0,0,2017-04-18,32488000,3181,12,0,0,0,0,0,0,0,0,3182,6,0,0,0,0,0,0,0,0
115,2017-04-18,09:01:30,0,WH705,XZCE,3181,3181,3195,304,19375480,14520,14524,3354,3034,3194,3202,0,3195,0,0,0,2017-04-18,32490000,3181,11,0,0,0,0,0,0,0,0,3182,6,0,0,0,0,0,0,0,0
116,2017-04-18,09:01:32,0,WH705,XZCE,3181,3181,3195,326,20775120,14512,14524,3354,3034,3194,3202,0,3195,0,0,0,2017-04-18,32492000,3180,29,0,0,0,0,0,0,0,0,3182,6,0,0,0,0,0,0,0,0
117,2017-04-18,09:01:32,0,WH705,XZCE,3182,3181,3195,338,21538800,14502,14524,3354,3034,3194,3202,0,3195,0,0,0,2017-04-18,32492000,3182,2,0,0,0,0,0,0,0,0,3184,1,0,0,0,0,0,0,0,0
118,2017-04-18,09:01:33,0,WH705,XZCE,3182,3181,3195,340,21666080,14502,14524,3354,3034,3194,3202,0,3195,0,0,0,2017-04-18,32493000,3182,2,0,0,0,0,0,0,0,0,3183,1,0,0,0,0,0,0,0,0
119,2017-04-18,09:01:33,0,WH705,XZCE,3182,3181,3195,342,21793360,14502,14524,3354,3034,3194,3202,0,3195,0,0,0,2017-04-18,32493000,3182,2,0,0,0,0,0,0,0,0,3183,1,0,0,0,0,0,0,0,0
120,2017-04-18,09:01:34,0,WH705,XZCE,3182,3181,3195,344,21920640,14502,14524,3354,3034,3194,3202,0,3195,0,0,0,2017-04-18,32494000,3182,1,0,0,0,0,0,0,0,0,3183,1,0,0,0,0,0,0,0,0
121,2017-04-18,09:01:35,0,WH705,XZCE,3182,3181,3195,344,21920640,14502,14524,3354,3034,3194,3202,0,3195,0,0,0,2017-04-18,32495000,3182,2,0,0,0,0,0,0,0,0,3183,1,0,0,0,0,0,0,0,0
122,2017-04-18,09:01:35,0,WH705,XZCE,3182,3181,3195,344,21920640,14502,14524,3354,3034,3194,3202,0,3195,0,0,0,2017-04-18,32495000,3182,3,0,0,0,0,0,0,0,0,3183,1,0,0,0,0,0,0,0,0
123,2017-04-18,09:01:35,0,WH705,XZCE,3182,3181,3195,344,21920640,14502,14524,3354,3034,3194,3202,0,3195,0,0,0,2017-04-18,32495000,3182,3,0,0,0,0,0,0,0,0,3184,2,0,0,0,0,0,0,0,0
124,2017-04-18,09:01:37,0,WH705,XZCE,3182,3181,3195,344,21920640,14502,14524,3354,3034,3194,3202,0,3195,0,0,0,2017-04-18,32497000,3182,4,0,0,0,0,0,0,0,0,3184,2,0,0,0,0,0,0,0,0
125,2017-04-18,09:01:37,0,WH705,XZCE,3182,3181,3195,346,22047920,14502,14524,3354,3034,3194,3202,0,3195,0,0,0,2017-04-18,32497000,3183,1,0,0,0,0,0,0,0,0,3184,1,0,0,0,0,0,0,0,0
126,2017-04-18,09:01:39,0,WH705,XZCE,3182,3181,3195,350,22302480,14504,14524,3354,3034,3194,3202,0,3195,0,0,0,2017-04-18,32499000,3182,3,0,0,0,0,0,0,0,0,3184,1,0,0,0,0,0,0,0,0
127,2017-04-18,09:01:39,0,WH705,XZCE,3182,3181,3195,350,22302480,14504,14524,3354,3034,3194,3202,0,3195,0,0,0,2017-04-18,32499000,3182,3,0,0,0,0,0,0,0,0,3184,2,0,0,0,0,0,0,0,0
128,2017-04-18,09:01:42,0,WH705,XZCE,3182,3181,3195,350,22302480,14504,14524,3354,3034,3194,3202,0,3195,0,0,0,2017-04-18,32502000,3182,3,0,0,0,0,0,0,0,0,3183,1,0,0,0,0,0,0,0,0
129,2017-04-18,09:01:43,0,WH705,XZCE,3182,3181,3195,352,22429760,14506,14524,3354,3034,3194,3202,0,3195,0,0,0,2017-04-18,32503000,3182,12,0,0,0,0,0,0,0,0,3183,1,0,0,0,0,0,0,0,0
130,2017-04-18,09:01:45,0,WH705,XZCE,3183,3181,3195,354,22557080,14506,14524,3354,3034,3194,3202,0,3195,0,0,0,2017-04-18,32505000,3182,12,0,0,0,0,0,0,0,0,3184,2,0,0,0,0,0,0,0,0
131,2017-04-18,09:01:46,0,WH705,XZCE,3183,3181,3195,354,22557080,14506,14524,3354,3034,3194,3202,0,3195,0,0,0,2017-04-18,32506000,3183,1,0,0,0,0,0,0,0,0,3184,2,0,0,0,0,0,0,0,0
132,2017-04-18,09:01:46,0,WH705,XZCE,3183,3181,3195,354,22557080,14506,14524,3354,3034,3194,3202,0,3195,0,0,0,2017-04-18,32506000,3183,1,0,0,0,0,0,0,0,0,3184,1,0,0,0,0,0,0,0,0
133,2017-04-18,09:01:49,0,WH705,XZCE,3183,3181,3195,354,22557080,14506,14524,3354,3034,3194,3202,0,3195,0,0,0,2017-04-18,32509000,3183,1,0,0,0,0,0,0,0,0,3184,2,0,0,0,0,0,0,0,0
134,2017-04-18,09:01:50,0,WH705,XZCE,3183,3181,3195,354,22557080,14506,14524,3354,3034,3194,3202,0,3195,0,0,0,2017-04-18,32510000,3183,1,0,0,0,0,0,0,0,0,3184,9,0,0,0,0,0,0,0,0
135,2017-04-18,09:01:52,0,WH705,XZCE,3183,3181,3195,356,22684400,14504,14524,3354,3034,3194,3202,0,3195,0,0,0,2017-04-18,32512000,3182,13,0,0,0,0,0,0,0,0,3184,9,0,0,0,0,0,0,0,0
136,2017-04-18,09:01:52,0,WH705,XZCE,3184,3181,3195,358,22811760,14504,14524,3354,3034,3194,3202,0,3195,0,0,0,2017-04-18,32512000,3182,13,0,0,0,0,0,0,0,0,3184,8,0,0,0,0,0,0,0,0
137,2017-04-18,09:01:56,0,WH705,XZCE,3184,3181,3195,358,22811760,14504,14524,3354,3034,3194,3202,0,3195,0,0,0,2017-04-18,32516000,3182,13,0,0,0,0,0,0,0,0,3184,9,0,0,0,0,0,0,0,0
138,2017-04-18,09:01:59,0,WH705,XZCE,3182,3181,3195,360,22939040,14504,14524,3354,3034,3194,3202,0,3195,0,0,0,2017-04-18,32519000,3182,12,0,0,0,0,0,0,0,0,3184,9,0,0,0,0,0,0,0,0
139,2017-04-18,09:01:59,0,WH705,XZCE,3182,3181,3195,360,22939040,14504,14524,3354,3034,3194,3202,0,3195,0,0,0,2017-04-18,32519000,3182,12,0,0,0,0,0,0,0,0,3183,2,0,0,0,0,0,0,0,0
140,2017-04-18,09:01:59,0,WH705,XZCE,3183,3181,3195,362,23066360,14506,14524,3354,3034,3194,3202,0,3195,0,0,0,2017-04-18,32519000,3182,12,0,0,0,0,0,0,0,0,3183,1,0,0,0,0,0,0,0,0
141,2017-04-18,09:02:00,0,WH705,XZCE,3183,3181,3195,364,23193680,14506,14524,3354,3034,3194,3202,0,3195,0,0,0,2017-04-18,32520000,3182,12,0,0,0,0,0,0,0,0,3184,10,0,0,0,0,0,0,0,0
142,2017-04-18,09:02:01,0,WH705,XZCE,3183,3181,3195,364,23193680,14506,14524,3354,3034,3194,3202,0,3195,0,0,0,2017-04-18,32521000,3183,1,0,0,0,0,0,0,0,0,3184,10,0,0,0,0,0,0,0,0
143,2017-04-18,09:02:03,0,WH705,XZCE,3183,3181,3195,364,23193680,14506,14524,3354,3034,3194,3202,0,3195,0,0,0,2017-04-18,32523000,3183,3,0,0,0,0,0,0,0,0,3184,10,0,0,0,0,0,0,0,0
144,2017-04-18,09:02:04,0,WH705,XZCE,3184,3181,3195,366,23321040,14506,14524,3354,3034,3194,3202,0,3195,0,0,0,2017-04-18,32524000,3183,3,0,0,0,0,0,0,0,0,3184,9,0,0,0,0,0,0,0,0
145,2017-04-18,09:02:05,0,WH705,XZCE,3184,3181,3195,366,23321040,14506,14524,3354,3034,3194,3202,0,3195,0,0,0,2017-04-18,32525000,3183,4,0,0,0,0,0,0,0,0,3184,9,0,0,0,0,0,0,0,0
146,2017-04-18,09:02:07,0,WH705,XZCE,3184,3181,3195,366,23321040,14506,14524,3354,3034,3194,3202,0,3195,0,0,0,2017-04-18,32527000,3183,2,0,0,0,0,0,0,0,0,3184,9,0,0,0,0,0,0,0,0
147,2017-04-18,09:02:08,0,WH705,XZCE,3184,3181,3195,366,23321040,14506,14524,3354,3034,3194,3202,0,3195,0,0,0,2017-04-18,32528000,3183,1,0,0,0,0,0,0,0,0,3184,9,0,0,0,0,0,0,0,0
148,2017-04-18,09:02:09,0,WH705,XZCE,3184,3181,3195,370,23575760,14506,14524,3354,3034,3194,3202,0,3195,0,0,0,2017-04-18,32529000,3182,12,0,0,0,0,0,0,0,0,3184,8,0,0,0,0,0,0,0,0
149,2017-04-18,09:02:10,0,WH705,XZCE,3184,3181,3195,374,23830480,14502,14524,3354,3034,3194,3202,0,3195,0,0,0,2017-04-18,32530000,3182,12,0,0,0,0,0,0,0,0,3184,6,0,0,0,0,0,0,0,0
150,2017-04-18,09:02:11,0,WH705,XZCE,3184,3181,3195,374,23830480,14502,14524,3354,3034,3194,3202,0,3195,0,0,0,2017-04-18,32531000,3182,12,0,0,0,0,0,0,0,0,3183,1,0,0,0,0,0,0,0,0
151,2017-04-18,09:02:13,0,WH705,XZCE,3184,3181,3195,374,23830480,14502,14524,3354,3034,3194,3202,0,3195,0,0,0,2017-04-18,32533000,3182,13,0,0,0,0,0,0,0,0,3183,1,0,0,0,0,0,0,0,0
152,2017-04-18,09:02:13,0,WH705,XZCE,3183,3181,3195,376,23957800,14502,14524,3354,3034,3194,3202,0,3195,0,0,0,2017-04-18,32533000,3182,13,0,0,0,0,0,0,0,0,3184,6,0,0,0,0,0,0,0,0
153,2017-04-18,09:02:14,0,WH705,XZCE,3183,3181,3195,376,23957800,14502,14524,3354,3034,3194,3202,0,3195,0,0,0,2017-04-18,32534000,3183,1,0,0,0,0,0,0,0,0,3184,6,0,0,0,0,0,0,0,0
154,2017-04-18,09:02:14,0,WH705,XZCE,3183,3181,3195,376,23957800,14502,14524,3354,3034,3194,3202,0,3195,0,0,0,2017-04-18,32534000,3183,1,0,0,0,0,0,0,0,0,3184,5,0,0,0,0,0,0,0,0
155,2017-04-18,09:02:15,0,WH705,XZCE,3183,3181,3195,376,23957800,14502,14524,3354,3034,3194,3202,0,3195,0,0,0,2017-04-18,32535000,3183,2,0,0,0,0,0,0,0,0,3184,5,0,0,0,0,0,0,0,0
156,2017-04-18,09:02:15,0,WH705,XZCE,3184,3181,3195,380,24212520,14500,14524,3354,3034,3194,3202,0,3195,0,0,0,2017-04-18,32535000,3183,1,0,0,0,0,0,0,0,0,3184,4,0,0,0,0,0,0,0,0
157,2017-04-18,09:02:16,0,WH705,XZCE,3183,3181,3195,382,24339840,14500,14524,3354,3034,3194,3202,0,3195,0,0,0,2017-04-18,32536000,3182,13,0,0,0,0,0,0,0,0,3183,4,0,0,0,0,0,0,0,0
158,2017-04-18,09:02:17,0,WH705,XZCE,3183,3181,3195,384,24467160,14498,14524,3354,3034,3194,3202,0,3195,0,0,0,2017-04-18,32537000,3182,13,0,0,0,0,0,0,0,0,3183,3,0,0,0,0,0,0,0,0
159,2017-04-18,09:02:18,0,WH705,XZCE,3183,3181,3195,386,24594480,14496,14524,3354,3034,3194,3202,0,3195,0,0,0,2017-04-18,32538000,3182,13,0,0,0,0,0,0,0,0,3183,2,0,0,0,0,0,0,0,0
160,2017-04-18,09:02:20,0,WH705,XZCE,3183,3181,3195,390,24849120,14494,14524,3354,3034,3194,3202,0,3195,0,0,0,2017-04-18,32540000,3182,13,0,0,0,0,0,0,0,0,3184,4,0,0,0,0,0,0,0,0
161,2017-04-18,09:02:21,0,WH705,XZCE,3183,3181,3195,390,24849120,14494,14524,3354,3034,3194,3202,0,3195,0,0,0,2017-04-18,32541000,3183,2,0,0,0,0,0,0,0,0,3184,4,0,0,0,0,0,0,0,0
162,2017-04-18,09:02:31,0,WH705,XZCE,3184,3181,3195,394,25103840,14492,14524,3354,3034,3194,3202,0,3195,0,0,0,2017-04-18,32551000,3183,1,0,0,0,0,0,0,0,0,3184,3,0,0,0,0,0,0,0,0
163,2017-04-18,09:02:32,0,WH705,XZCE,3184,3181,3195,400,25485920,14488,14524,3354,3034,3194,3202,0,3195,0,0,0,2017-04-18,32552000,3183,1,0,0,0,0,0,0,0,0,3186,3,0,0,0,0,0,0,0,0
164,2017-04-18,09:02:32,0,WH705,XZCE,3184,3181,3195,400,25485920,14488,14524,3354,3034,3194,3202,0,3195,0,0,0,2017-04-18,32552000,3184,1,0,0,0,0,0,0,0,0,3186,3,0,0,0,0,0,0,0,0
165,2017-04-18,09:02:34,0,WH705,XZCE,3183,3181,3195,414,26377160,14480,14524,3354,3034,3194,3202,0,3195,0,0,0,2017-04-18,32554000,3182,13,0,0,0,0,0,0,0,0,3186,3,0,0,0,0,0,0,0,0
166,2017-04-18,09:02:35,0,WH705,XZCE,3183,3181,3195,414,26377160,14480,14524,3354,3034,3194,3202,0,3195,0,0,0,2017-04-18,32555000,3182,14,0,0,0,0,0,0,0,0,3186,3,0,0,0,0,0,0,0,0
167,2017-04-18,09:02:35,0,WH705,XZCE,3183,3181,3195,414,26377160,14480,14524,3354,3034,3194,3202,0,3195,0,0,0,2017-04-18,32555000,3183,1,0,0,0,0,0,0,0,0,3185,2,0,0,0,0,0,0,0,0
168,2017-04-18,09:02:36,0,WH705,XZCE,3183,3181,3195,414,26377160,14480,14524,3354,3034,3194,3202,0,3195,0,0,0,2017-04-18,32556000,3183,2,0,0,0,0,0,0,0,0,3185,2,0,0,0,0,0,0,0,0
169,2017-04-18,09:02:37,0,WH705,XZCE,3183,3181,3195,414,26377160,14480,14524,3354,3034,3194,3202,0,3195,0,0,0,2017-04-18,32557000,3183,1,0,0,0,0,0,0,0,0,3185,2,0,0,0,0,0,0,0,0
170,2017-04-18,09:02:39,0,WH705,XZCE,3185,3181,3195,418,26631960,14476,14524,3354,3034,3194,3202,0,3195,0,0,0,2017-04-18,32559000,3185,5,0,0,0,0,0,0,0,0,3186,2,0,0,0,0,0,0,0,0
171,2017-04-18,09:02:39,0,WH705,XZCE,3185,3181,3195,422,26886760,14474,14524,3354,3034,3194,3202,0,3195,0,0,0,2017-04-18,32559000,3185,3,0,0,0,0,0,0,0,0,3186,2,0,0,0,0,0,0,0,0
172,2017-04-18,09:02:40,0,WH705,XZCE,3185,3181,3195,424,27014160,14472,14524,3354,3034,3194,3202,0,3195,0,0,0,2017-04-18,32560000,3185,2,0,0,0,0,0,0,0,0,3186,6,0,0,0,0,0,0,0,0
173,2017-04-18,09:02:41,0,WH705,XZCE,3185,3181,3195,424,27014160,14472,14524,3354,3034,3194,3202,0,3195,0,0,0,2017-04-18,32561000,3185,3,0,0,0,0,0,0,0,0,3186,6,0,0,0,0,0,0,0,0
174,2017-04-18,09:02:41,0,WH705,XZCE,3185,3181,3195,426,27141560,14472,14524,3354,3034,3194,3202,0,3195,0,0,0,2017-04-18,32561000,3185,2,0,0,0,0,0,0,0,0,3186,6,0,0,0,0,0,0,0,0
175,2017-04-18,09:02:43,0,WH705,XZCE,3185,3181,3195,426,27141560,14472,14524,3354,3034,3194,3202,0,3195,0,0,0,2017-04-18,32563000,3185,2,0,0,0,0,0,0,0,0,3186,13,0,0,0,0,0,0,0,0
176,2017-04-18,09:02:43,0,WH705,XZCE,3186,3181,3195,432,27523880,14478,14524,3354,3034,3194,3202,0,3195,0,0,0,2017-04-18,32563000,3185,2,0,0,0,0,0,0,0,0,3186,10,0,0,0,0,0,0,0,0
177,2017-04-18,09:02:44,0,WH705,XZCE,3186,3181,3195,432,27523880,14478,14524,3354,3034,3194,3202,0,3195,0,0,0,2017-04-18,32564000,3185,2,0,0,0,0,0,0,0,0,3186,3,0,0,0,0,0,0,0,0
178,2017-04-18,09:02:45,0,WH705,XZCE,3186,3181,3195,432,27523880,14478,14524,3354,3034,3194,3202,0,3195,0,0,0,2017-04-18,32565000,3185,3,0,0,0,0,0,0,0,0,3186,3,0,0,0,0,0,0,0,0
179,2017-04-18,09:02:46,0,WH705,XZCE,3186,3181,3195,438,27906200,14478,14524,3354,3034,3194,3202,0,3195,0,0,0,2017-04-18,32566000,3186,3,0,0,0,0,0,0,0,0,3187,2,0,0,0,0,0,0,0,0
180,2017-04-18,09:02:46,0,WH705,XZCE,3186,3181,3195,444,28288520,14474,14524,3354,3034,3194,3202,0,3195,0,0,0,2017-04-18,32566000,3185,3,0,0,0,0,0,0,0,0,3187,2,0,0,0,0,0,0,0,0
181,2017-04-18,09:02:49,0,WH705,XZCE,3186,3181,3195,448,28543400,14476,14524,3354,3034,3194,3202,0,3195,0,0,0,2017-04-18,32569000,3185,3,0,0,0,0,0,0,0,0,3187,2,0,0,0,0,0,0,0,0
182,2017-04-18,09:02:50,0,WH705,XZCE,3185,3181,3195,456,29053000,14470,14524,3354,3034,3194,3202,0,3195,0,0,0,2017-04-18,32570000,3184,2,0,0,0,0,0,0,0,0,3187,3,0,0,0,0,0,0,0,0
183,2017-04-18,09:02:51,0,WH705,XZCE,3185,3181,3195,456,29053000,14470,14524,3354,3034,3194,3202,0,3195,0,0,0,2017-04-18,32571000,3185,1,0,0,0,0,0,0,0,0,3187,3,0,0,0,0,0,0,0,0
184,2017-04-18,09:02:55,0,WH705,XZCE,3185,3181,3195,456,29053000,14470,14524,3354,3034,3194,3202,0,3195,0,0,0,2017-04-18,32575000,3185,2,0,0,0,0,0,0,0,0,3187,3,0,0,0,0,0,0,0,0
185,2017-04-18,09:02:55,0,WH705,XZCE,3185,3181,3195,456,29053000,14470,14524,3354,3034,3194,3202,0,3195,0,0,0,2017-04-18,32575000,3185,2,0,0,0,0,0,0,0,0,3187,4,0,0,0,0,0,0,0,0
186,2017-04-18,09:02:56,0,WH705,XZCE,3187,3181,3195,458,29180480,14468,14524,3354,3034,3194,3202,0,3195,0,0,0,2017-04-18,32576000,3185,2,0,0,0,0,0,0,0,0,3187,3,0,0,0,0,0,0,0,0
187,2017-04-18,09:02:57,0,WH705,XZCE,3187,3181,3195,458,29180480,14468,14524,3354,3034,3194,3202,0,3195,0,0,0,2017-04-18,32577000,3185,2,0,0,0,0,0,0,0,0,3186,1,0,0,0,0,0,0,0,0
188,2017-04-18,09:02:59,0,WH705,XZCE,3187,3181,3195,458,29180480,14468,14524,3354,3034,3194,3202,0,3195,0,0,0,2017-04-18,32579000,3185,2,0,0,0,0,0,0,0,0,3186,21,0,0,0,0,0,0,0,0
189,2017-04-18,09:03:00,0,WH705,XZCE,3186,3181,3195,460,29307920,14468,14524,3354,3034,3194,3202,0,3195,0,0,0,2017-04-18,32580000,3185,2,0,0,0,0,0,0,0,0,3186,20,0,0,0,0,0,0,0,0
190,2017-04-18,09:03:01,0,WH705,XZCE,3185,3181,3195,462,29435320,14466,14524,3354,3034,3194,3202,0,3195,0,0,0,2017-04-18,32581000,3185,1,0,0,0,0,0,0,0,0,3186,20,0,0,0,0,0,0,0,0
191,2017-04-18,09:03:02,0,WH705,XZCE,3185,3181,3195,464,29562720,14466,14524,3354,3034,3194,3202,0,3195,0,0,0,2017-04-18,32582000,3184,2,0,0,0,0,0,0,0,0,3186,20,0,0,0,0,0,0,0,0
192,2017-04-18,09:03:02,0,WH705,XZCE,3184,3181,3195,466,29690080,14464,14524,3354,3034,3194,3202,0,3195,0,0,0,2017-04-18,32582000,3184,1,0,0,0,0,0,0,0,0,3186,20,0,0,0,0,0,0,0,0
193,2017-04-18,09:03:04,0,WH705,XZCE,3184,3181,3195,466,29690080,14464,14524,3354,3034,3194,3202,0,3195,0,0,0,2017-04-18,32584000,3184,1,0,0,0,0,0,0,0,0,3185,1,0,0,0,0,0,0,0,0
194,2017-04-18,09:03:06,0,WH705,XZCE,3184,3181,3195,468,29817440,14464,14524,3354,3034,3194,3202,0,3195,0,0,0,2017-04-18,32586000,3183,3,0,0,0,0,0,0,0,0,3185,1,0,0,0,0,0,0,0,0
195,2017-04-18,09:03:06,0,WH705,XZCE,3184,3181,3195,468,29817440,14464,14524,3354,3034,3194,3202,0,3195,0,0,0,2017-04-18,32586000,3184,1,0,0,0,0,0,0,0,0,3185,1,0,0,0,0,0,0,0,0
196,2017-04-18,09:03:07,0,WH705,XZCE,3184,3181,3195,468,29817440,14464,14524,3354,3034,3194,3202,0,3195,0,0,0,2017-04-18,32587000,3184,2,0,0,0,0,0,0,0,0,3185,1,0,0,0,0,0,0,0,0
197,2017-04-18,09:03:07,0,WH705,XZCE,3185,3181,3195,470,29944840,14464,14524,3354,3034,3194,3202,0,3195,0,0,0,2017-04-18,32587000,3185,1,0,0,0,0,0,0,0,0,3187,3,0,0,0,0,0,0,0,0
198,2017-04-18,09:03:08,0,WH705,XZCE,3185,3181,3195,470,29944840,14464,14524,3354,3034,3194,3202,0,3195,0,0,0,2017-04-18,32588000,3185,2,0,0,0,0,0,0,0,0,3187,3,0,0,0,0,0,0,0,0
199,2017-04-18,09:03:12,0,WH705,XZCE,3185,3181,3195,470,29944840,14464,14524,3354,3034,3194,3202,0,3195,0,0,0,2017-04-18,32592000,3185,2,0,0,0,0,0,0,0,0,3186,1,0,0,0,0,0,0,0,0
200,2017-04-18,09:03:13,0,WH705,XZCE,3186,3181,3195,472,30072280,14462,14524,3354,3034,3194,3202,0,3195,0,0,0,2017-04-18,32593000,3185,2,0,0,0,0,0,0,0,0,3187,3,0,0,0,0,0,0,0,0
201,2017-04-18,09:03:14,0,WH705,XZCE,3186,3181,3195,472,30072280,14462,14524,3354,3034,3194,3202,0,3195,0,0,0,2017-04-18,32594000,3185,9,0,0,0,0,0,0,0,0,3187,3,0,0,0,0,0,0,0,0
202,2017-04-18,09:03:15,0,WH705,XZCE,3186,3181,3195,472,30072280,14462,14524,3354,3034,3194,3202,0,3195,0,0,0,2017-04-18,32595000,3186,1,0,0,0,0,0,0,0,0,3187,3,0,0,0,0,0,0,0,0
203,2017-04-18,09:03:16,0,WH705,XZCE,3186,3181,3195,472,30072280,14462,14524,3354,3034,3194,3202,0,3195,0,0,0,2017-04-18,32596000,3186,2,0,0,0,0,0,0,0,0,3187,3,0,0,0,0,0,0,0,0
204,2017-04-18,09:03:16,0,WH705,XZCE,3186,3181,3195,472,30072280,14462,14524,3354,3034,3194,3202,0,3195,0,0,0,2017-04-18,32596000,3186,2,0,0,0,0,0,0,0,0,3187,4,0,0,0,0,0,0,0,0
205,2017-04-18,09:03:17,0,WH705,XZCE,3187,3181,3195,480,30582200,14468,14524,3354,3034,3194,3202,0,3195,0,0,0,2017-04-18,32597000,3186,3,0,0,0,0,0,0,0,0,3189,4,0,0,0,0,0,0,0,0
206,2017-04-18,09:03:19,0,WH705,XZCE,3189,3181,3195,482,30709760,14466,14524,3354,3034,3194,3202,0,3195,0,0,0,2017-04-18,32599000,3186,4,0,0,0,0,0,0,0,0,3189,3,0,0,0,0,0,0,0,0
207,2017-04-18,09:03:20,0,WH705,XZCE,3189,3181,3195,484,30837320,14464,14524,3354,3034,3194,3202,0,3195,0,0,0,2017-04-18,32600000,3186,4,0,0,0,0,0,0,0,0,3189,3,0,0,0,0,0,0,0,0
208,2017-04-18,09:03:23,0,WH705,XZCE,3186,3181,3195,488,31092200,14464,14524,3354,3034,3194,3202,0,3195,0,0,0,2017-04-18,32603000,3186,3,0,0,0,0,0,0,0,0,3189,2,0,0,0,0,0,0,0,0
209,2017-04-18,09:03:25,0,WH705,XZCE,3186,3181,3195,488,31092200,14464,14524,3354,3034,3194,3202,0,3195,0,0,0,2017-04-18,32605000,3186,2,0,0,0,0,0,0,0,0,3188,1,0,0,0,0,0,0,0,0
210,2017-04-18,09:03:25,0,WH705,XZCE,3186,3181,3195,488,31092200,14464,14524,3354,3034,3194,3202,0,3195,0,0,0,2017-04-18,32605000,3186,2,0,0,0,0,0,0,0,0,3188,2,0,0,0,0,0,0,0,0
211,2017-04-18,09:03:27,0,WH705,XZCE,3188,3181,3195,490,31219720,14462,14524,3354,3034,3194,3202,0,3195,0,0,0,2017-04-18,32607000,3186,2,0,0,0,0,0,0,0,0,3188,1,0,0,0,0,0,0,0,0
212,2017-04-18,09:03:27,0,WH705,XZCE,3188,3181,3195,492,31347240,14460,14524,3354,3034,3194,3202,0,3195,0,0,0,2017-04-18,32607000,3186,2,0,0,0,0,0,0,0,0,3189,2,0,0,0,0,0,0,0,0
213,2017-04-18,09:03:29,0,WH705,XZCE,3188,3181,3195,492,31347240,14460,14524,3354,3034,3194,3202,0,3195,0,0,0,2017-04-18,32609000,3186,2,0,0,0,0,0,0,0,0,3188,1,0,0,0,0,0,0,0,0
214,2017-04-18,09:03:30,0,WH705,XZCE,3188,3181,3195,494,31474760,14460,14524,3354,3034,3194,3202,0,3195,0,0,0,2017-04-18,32610000,3186,2,0,0,0,0,0,0,0,0,3189,2,0,0,0,0,0,0,0,0
215,2017-04-18,09:03:30,0,WH705,XZCE,3188,3181,3195,494,31474760,14460,14524,3354,3034,3194,3202,0,3195,0,0,0,2017-04-18,32610000,3187,1,0,0,0,0,0,0,0,0,3189,2,0,0,0,0,0,0,0,0
216,2017-04-18,09:03:31,0,WH705,XZCE,3188,3181,3195,494,31474760,14460,14524,3354,3034,3194,3202,0,3195,0,0,0,2017-04-18,32611000,3187,1,0,0,0,0,0,0,0,0,3188,1,0,0,0,0,0,0,0,0
217,2017-04-18,09:03:33,0,WH705,XZCE,3188,3181,3195,494,31474760,14460,14524,3354,3034,3194,3202,0,3195,0,0,0,2017-04-18,32613000,3187,1,0,0,0,0,0,0,0,0,3188,2,0,0,0,0,0,0,0,0
218,2017-04-18,09:03:34,0,WH705,XZCE,3188,3181,3195,494,31474760,14460,14524,3354,3034,3194,3202,0,3195,0,0,0,2017-04-18,32614000,3187,2,0,0,0,0,0,0,0,0,3188,24,0,0,0,0,0,0,0,0
219,2017-04-18,09:03:35,0,WH705,XZCE,3188,3181,3195,494,31474760,14460,14524,3354,3034,3194,3202,0,3195,0,0,0,2017-04-18,32615000,3187,2,0,0,0,0,0,0,0,0,3188,2,0,0,0,0,0,0,0,0
220,2017-04-18,09:03:36,0,WH705,XZCE,3188,3181,3195,496,31602280,14460,14524,3354,3034,3194,3202,0,3195,0,0,0,2017-04-18,32616000,3187,2,0,0,0,0,0,0,0,0,3188,1,0,0,0,0,0,0,0,0
221,2017-04-18,09:03:37,0,WH705,XZCE,3188,3181,3195,498,31729800,14460,14524,3354,3034,3194,3202,0,3195,0,0,0,2017-04-18,32617000,3187,2,0,0,0,0,0,0,0,0,3189,3,0,0,0,0,0,0,0,0
222,2017-04-18,09:03:41,0,WH705,XZCE,3188,3181,3195,498,31729800,14460,14524,3354,3034,3194,3202,0,3195,0,0,0,2017-04-18,32621000,3187,1,0,0,0,0,0,0,0,0,3189,3,0,0,0,0,0,0,0,0
223,2017-04-18,09:03:42,0,WH705,XZCE,3188,3181,3195,498,31729800,14460,14524,3354,3034,3194,3202,0,3195,0,0,0,2017-04-18,32622000,3187,1,0,0,0,0,0,0,0,0,3188,1,0,0,0,0,0,0,0,0
224,2017-04-18,09:03:43,0,WH705,XZCE,3188,3181,3195,500,31857320,14460,14524,3354,3034,3194,3202,0,3195,0,0,0,2017-04-18,32623000,3188,1,0,0,0,0,0,0,0,0,3189,9,0,0,0,0,0,0,0,0
225,2017-04-18,09:03:43,0,WH705,XZCE,3188,3181,3195,500,31857320,14460,14524,3354,3034,3194,3202,0,3195,0,0,0,2017-04-18,32623000,3188,1,0,0,0,0,0,0,0,0,3189,2,0,0,0,0,0,0,0,0
226,2017-04-18,09:03:45,0,WH705,XZCE,3189,3181,3195,502,31984880,14458,14524,3354,3034,3194,3202,0,3195,0,0,0,2017-04-18,32625000,3188,1,0,0,0,0,0,0,0,0,3189,1,0,0,0,0,0,0,0,0
227,2017-04-18,09:03:46,0,WH705,XZCE,3189,3181,3195,504,32112440,14458,14524,3354,3034,3194,3202,0,3195,0,0,0,2017-04-18,32626000,3188,1,0,0,0,0,0,0,0,0,3190,8,0,0,0,0,0,0,0,0
228,2017-04-18,09:03:50,0,WH705,XZCE,3189,3181,3195,504,32112440,14458,14524,3354,3034,3194,3202,0,3195,0,0,0,2017-04-18,32630000,3188,1,0,0,0,0,0,0,0,0,3189,1,0,0,0,0,0,0,0,0
229,2017-04-18,09:03:53,0,WH705,XZCE,3189,3181,3195,506,32240000,14458,14524,3354,3034,3194,3202,0,3195,0,0,0,2017-04-18,32633000,3188,1,0,0,0,0,0,0,0,0,3190,8,0,0,0,0,0,0,0,0
230,2017-04-18,09:04:00,0,WH705,XZCE,3189,3181,3195,506,32240000,14458,14524,3354,3034,3194,3202,0,3195,0,0,0,2017-04-18,32640000,3188,1,0,0,0,0,0,0,0,0,3189,1,0,0,0,0,0,0,0,0
231,2017-04-18,09:04:02,0,WH705,XZCE,3189,3181,3195,508,32367560,14458,14524,3354,3034,3194,3202,0,3195,0,0,0,2017-04-18,32642000,3188,1,0,0,0,0,0,0,0,0,3190,8,0,0,0,0,0,0,0,0
232,2017-04-18,09:04:02,0,WH705,XZCE,3188,3181,3195,510,32495080,14456,14524,3354,3034,3194,3202,0,3195,0,0,0,2017-04-18,32642000,3187,3,0,0,0,0,0,0,0,0,3190,8,0,0,0,0,0,0,0,0
233,2017-04-18,09:04:06,0,WH705,XZCE,3188,3181,3195,510,32495080,14456,14524,3354,3034,3194,3202,0,3195,0,0,0,2017-04-18,32646000,3187,4,0,0,0,0,0,0,0,0,3190,8,0,0,0,0,0,0,0,0
234,2017-04-18,09:04:07,0,WH705,XZCE,3189,3181,3195,512,32622640,14456,14524,3354,3034,3194,3202,0,3195,0,0,0,2017-04-18,32647000,3187,4,0,0,0,0,0,0,0,0,3189,1,0,0,0,0,0,0,0,0
235,2017-04-18,09:04:10,0,WH705,XZCE,3189,3181,3195,514,32750200,14456,14524,3354,3034,3194,3202,0,3195,0,0,0,2017-04-18,32650000,3187,4,0,0,0,0,0,0,0,0,3190,8,0,0,0,0,0,0,0,0
236,2017-04-18,09:04:12,0,WH705,XZCE,3187,3181,3195,524,33387600,14446,14524,3354,3034,3194,3202,0,3195,0,0,0,2017-04-18,32652000,3186,3,0,0,0,0,0,0,0,0,3190,8,0,0,0,0,0,0,0,0
237,2017-04-18,09:04:13,0,WH705,XZCE,3187,3181,3195,524,33387600,14446,14524,3354,3034,3194,3202,0,3195,0,0,0,2017-04-18,32653000,3186,3,0,0,0,0,0,0,0,0,3189,3,0,0,0,0,0,0,0,0
238,2017-04-18,09:04:16,0,WH705,XZCE,3187,3181,3195,524,33387600,14446,14524,3354,3034,3194,3202,0,3195,0,0,0,2017-04-18,32656000,3187,1,0,0,0,0,0,0,0,0,3189,3,0,0,0,0,0,0,0,0
239,2017-04-18,09:04:17,0,WH705,XZCE,3187,3181,3195,524,33387600,14446,14524,3354,3034,3194,3202,0,3195,0,0,0,2017-04-18,32657000,3187,3,0,0,0,0,0,0,0,0,3189,3,0,0,0,0,0,0,0,0
240,2017-04-18,09:04:18,0,WH705,XZCE,3187,3181,3195,524,33387600,14446,14524,3354,3034,3194,3202,0,3195,0,0,0,2017-04-18,32658000,3187,4,0,0,0,0,0,0,0,0,3189,3,0,0,0,0,0,0,0,0
241,2017-04-18,09:04:19,0,WH705,XZCE,3187,3181,3195,524,33387600,14446,14524,3354,3034,3194,3202,0,3195,0,0,0,2017-04-18,32659000,3187,5,0,0,0,0,0,0,0,0,3189,3,0,0,0,0,0,0,0,0
242,2017-04-18,09:04:20,0,WH705,XZCE,3187,3181,3195,524,33387600,14446,14524,3354,3034,3194,3202,0,3195,0,0,0,2017-04-18,32660000,3187,5,0,0,0,0,0,0,0,0,3189,2,0,0,0,0,0,0,0,0
243,2017-04-18,09:04:23,0,WH705,XZCE,3187,3181,3195,524,33387600,14446,14524,3354,3034,3194,3202,0,3195,0,0,0,2017-04-18,32663000,3187,5,0,0,0,0,0,0,0,0,3189,1,0,0,0,0,0,0,0,0
244,2017-04-18,09:04:24,0,WH705,XZCE,3187,3181,3195,524,33387600,14446,14524,3354,3034,3194,3202,0,3195,0,0,0,2017-04-18,32664000,3188,2,0,0,0,0,0,0,0,0,3190,9,0,0,0,0,0,0,0,0
245,2017-04-18,09:04:27,0,WH705,XZCE,3187,3181,3195,524,33387600,14446,14524,3354,3034,3194,3202,0,3195,0,0,0,2017-04-18,32667000,3188,2,0,0,0,0,0,0,0,0,3189,10,0,0,0,0,0,0,0,0
246,2017-04-18,09:04:27,0,WH705,XZCE,3189,3181,3195,526,33515160,14444,14524,3354,3034,3194,3202,0,3195,0,0,0,2017-04-18,32667000,3188,2,0,0,0,0,0,0,0,0,3189,9,0,0,0,0,0,0,0,0
247,2017-04-18,09:04:34,0,WH705,XZCE,3188,3181,3195,528,33642680,14442,14524,3354,3034,3194,3202,0,3195,0,0,0,2017-04-18,32674000,3188,1,0,0,0,0,0,0,0,0,3189,9,0,0,0,0,0,0,0,0
248,2017-04-18,09:04:35,0,WH705,XZCE,3188,3181,3195,530,33770200,14440,14524,3354,3034,3194,3202,0,3195,0,0,0,2017-04-18,32675000,3187,3,0,0,0,0,0,0,0,0,3189,9,0,0,0,0,0,0,0,0
249,2017-04-18,09:04:37,0,WH705,XZCE,3189,3181,3195,534,34025320,14436,14524,3354,3034,3194,3202,0,3195,0,0,0,2017-04-18,32677000,3187,3,0,0,0,0,0,0,0,0,3189,7,0,0,0,0,0,0,0,0
250,2017-04-18,09:04:40,0,WH705,XZCE,3189,3181,3195,534,34025320,14436,14524,3354,3034,3194,3202,0,3195,0,0,0,2017-04-18,32680000,3187,3,0,0,0,0,0,0,0,0,3189,12,0,0,0,0,0,0,0,0
251,2017-04-18,09:04:42,0,WH705,XZCE,3189,3181,3195,534,34025320,14436,14524,3354,3034,3194,3202,0,3195,0,0,0,2017-04-18,32682000,3188,1,0,0,0,0,0,0,0,0,3189,12,0,0,0,0,0,0,0,0
252,2017-04-18,09:04:45,0,WH705,XZCE,3188,3181,3195,536,34152840,14436,14524,3354,3034,3194,3202,0,3195,0,0,0,2017-04-18,32685000,3187,3,0,0,0,0,0,0,0,0,3188,1,0,0,0,0,0,0,0,0
253,2017-04-18,09:04:47,0,WH705,XZCE,3188,3181,3195,536,34152840,14436,14524,3354,3034,3194,3202,0,3195,0,0,0,2017-04-18,32687000,3187,4,0,0,0,0,0,0,0,0,3188,1,0,0,0,0,0,0,0,0
254,2017-04-18,09:04:48,0,WH705,XZCE,3187,3181,3195,538,34280320,14436,14524,3354,3034,3194,3202,0,3195,0,0,0,2017-04-18,32688000,3187,3,0,0,0,0,0,0,0,0,3188,1,0,0,0,0,0,0,0,0
255,2017-04-18,09:04:50,0,WH705,XZCE,3187,3181,3195,538,34280320,14436,14524,3354,3034,3194,3202,0,3195,0,0,0,2017-04-18,32690000,3187,3,0,0,0,0,0,0,0,0,3188,2,0,0,0,0,0,0,0,0
256,2017-04-18,09:04:51,0,WH705,XZCE,3188,3181,3195,542,34535360,14436,14524,3354,3034,3194,3202,0,3195,0,0,0,2017-04-18,32691000,3187,3,0,0,0,0,0,0,0,0,3189,12,0,0,0,0,0,0,0,0
257,2017-04-18,09:04:52,0,WH705,XZCE,3187,3181,3195,546,34790320,14436,14524,3354,3034,3194,3202,0,3195,0,0,0,2017-04-18,32692000,3187,1,0,0,0,0,0,0,0,0,3189,12,0,0,0,0,0,0,0,0
258,2017-04-18,09:04:53,0,WH705,XZCE,3187,3181,3195,546,34790320,14436,14524,3354,3034,3194,3202,0,3195,0,0,0,2017-04-18,32693000,3187,1,0,0,0,0,0,0,0,0,3188,1,0,0,0,0,0,0,0,0
259,2017-04-18,09:04:54,0,WH705,XZCE,3187,3181,3195,546,34790320,14436,14524,3354,3034,3194,3202,0,3195,0,0,0,2017-04-18,32694000,3187,1,0,0,0,0,0,0,0,0,3188,2,0,0,0,0,0,0,0,0
260,2017-04-18,09:04:55,0,WH705,XZCE,3188,3181,3195,548,34917840,14436,14524,3354,3034,3194,3202,0,3195,0,0,0,2017-04-18,32695000,3187,1,0,0,0,0,0,0,0,0,3188,1,0,0,0,0,0,0,0,0
261,2017-04-18,09:04:56,0,WH705,XZCE,3188,3181,3195,548,34917840,14436,14524,3354,3034,3194,3202,0,3195,0,0,0,2017-04-18,32696000,3187,1,0,0,0,0,0,0,0,0,3188,2,0,0,0,0,0,0,0,0
262,2017-04-18,09:05:07,0,WH705,XZCE,3188,3181,3195,548,34917840,14436,14524,3354,3034,3194,3202,0,3195,0,0,0,2017-04-18,32707000,3187,1,0,0,0,0,0,0,0,0,3188,3,0,0,0,0,0,0,0,0
263,2017-04-18,09:05:07,0,WH705,XZCE,3188,3181,3195,548,34917840,14436,14524,3354,3034,3194,3202,0,3195,0,0,0,2017-04-18,32707000,3187,2,0,0,0,0,0,0,0,0,3188,3,0,0,0,0,0,0,0,0
264,2017-04-18,09:05:10,0,WH705,XZCE,3188,3181,3195,552,35172880,14436,14524,3354,3034,3194,3202,0,3195,0,0,0,2017-04-18,32710000,3187,2,0,0,0,0,0,0,0,0,3188,1,0,0,0,0,0,0,0,0
265,2017-04-18,09:05:12,0,WH705,XZCE,3187,3181,3195,556,35427840,14438,14524,3354,3034,3194,3202,0,3195,0,0,0,2017-04-18,32712000,3186,3,0,0,0,0,0,0,0,0,3187,8,0,0,0,0,0,0,0,0
266,2017-04-18,09:05:12,0,WH705,XZCE,3187,3181,3195,556,35427840,14438,14524,3354,3034,3194,3202,0,3195,0,0,0,2017-04-18,32712000,3186,3,0,0,0,0,0,0,0,0,3187,9,0,0,0,0,0,0,0,0
267,2017-04-18,09:05:16,0,WH705,XZCE,3186,3181,3195,558,35555280,14436,14524,3354,3034,3194,3202,0,3195,0,0,0,2017-04-18,32716000,3186,2,0,0,0,0,0,0,0,0,3187,9,0,0,0,0,0,0,0,0
268,2017-04-18,09:05:21,0,WH705,XZCE,3187,3181,3195,560,35682760,14436,14524,3354,3034,3194,3202,0,3195,0,0,0,2017-04-18,32721000,3186,2,0,0,0,0,0,0,0,0,3187,8,0,0,0,0,0,0,0,0
269,2017-04-18,09:05:22,0,WH705,XZCE,3186,3181,3195,562,35810200,14434,14524,3354,3034,3194,3202,0,3195,0,0,0,2017-04-18,32722000,3186,1,0,0,0,0,0,0,0,0,3187,8,0,0,0,0,0,0,0,0
270,2017-04-18,09:05:25,0,WH705,XZCE,3186,3181,3195,562,35810200,14434,14524,3354,3034,3194,3202,0,3195,0,0,0,2017-04-18,32725000,3186,1,0,0,0,0,0,0,0,0,3187,7,0,0,0,0,0,0,0,0
271,2017-04-18,09:05:26,0,WH705,XZCE,3186,3181,3195,564,35937640,14434,14524,3354,3034,3194,3202,0,3195,0,0,0,2017-04-18,32726000,3185,3,0,0,0,0,0,0,0,0,3187,7,0,0,0,0,0,0,0,0
272,2017-04-18,09:05:28,0,WH705,XZCE,3186,3181,3195,564,35937640,14434,14524,3354,3034,3194,3202,0,3195,0,0,0,2017-04-18,32728000,3185,3,0,0,0,0,0,0,0,0,3186,1,0,0,0,0,0,0,0,0
273,2017-04-18,09:05:34,0,WH705,XZCE,3185,3181,3195,566,36065040,14434,14524,3354,3034,3194,3202,0,3195,0,0,0,2017-04-18,32734000,3185,2,0,0,0,0,0,0,0,0,3186,1,0,0,0,0,0,0,0,0
274,2017-04-18,09:05:34,0,WH705,XZCE,3185,3181,3195,568,36192440,14434,14524,3354,3034,3194,3202,0,3195,0,0,0,2017-04-18,32734000,3185,1,0,0,0,0,0,0,0,0,3186,1,0,0,0,0,0,0,0,0
275,2017-04-18,09:05:35,0,WH705,XZCE,3185,3181,3195,570,36319840,14434,14524,3354,3034,3194,3202,0,3195,0,0,0,2017-04-18,32735000,3184,2,0,0,0,0,0,0,0,0,3185,8,0,0,0,0,0,0,0,0
276,2017-04-18,09:05:36,0,WH705,XZCE,3184,3181,3195,574,36574560,14432,14524,3354,3034,3194,3202,0,3195,0,0,0,2017-04-18,32736000,3183,3,0,0,0,0,0,0,0,0,3184,1,0,0,0,0,0,0,0,0
277,2017-04-18,09:05:36,0,WH705,XZCE,3184,3181,3195,576,36701920,14430,14524,3354,3034,3194,3202,0,3195,0,0,0,2017-04-18,32736000,3183,3,0,0,0,0,0,0,0,0,3185,8,0,0,0,0,0,0,0,0
278,2017-04-18,09:05:37,0,WH705,XZCE,3184,3181,3195,576,36701920,14430,14524,3354,3034,3194,3202,0,3195,0,0,0,2017-04-18,32737000,3184,1,0,0,0,0,0,0,0,0,3185,8,0,0,0,0,0,0,0,0
279,2017-04-18,09:05:37,0,WH705,XZCE,3185,3181,3195,578,36829320,14430,14524,3354,3034,3194,3202,0,3195,0,0,0,2017-04-18,32737000,3184,1,0,0,0,0,0,0,0,0,3185,7,0,0,0,0,0,0,0,0
280,2017-04-18,09:05:39,0,WH705,XZCE,3185,3181,3195,578,36829320,14430,14524,3354,3034,3194,3202,0,3195,0,0,0,2017-04-18,32739000,3184,2,0,0,0,0,0,0,0,0,3185,7,0,0,0,0,0,0,0,0
281,2017-04-18,09:05:40,0,WH705,XZCE,3184,3181,3195,580,36956680,14430,14524,3354,3034,3194,3202,0,3195,0,0,0,2017-04-18,32740000,3184,1,0,0,0,0,0,0,0,0,3185,7,0,0,0,0,0,0,0,0
282,2017-04-18,09:05:40,0,WH705,XZCE,3184,3181,3195,580,36956680,14430,14524,3354,3034,3194,3202,0,3195,0,0,0,2017-04-18,32740000,3184,3,0,0,0,0,0,0,0,0,3185,7,0,0,0,0,0,0,0,0
283,2017-04-18,09:05:41,0,WH705,XZCE,3184,3181,3195,588,37466120,14430,14524,3354,3034,3194,3202,0,3195,0,0,0,2017-04-18,32741000,3183,4,0,0,0,0,0,0,0,0,3184,2,0,0,0,0,0,0,0,0
284,2017-04-18,09:05:41,0,WH705,XZCE,3184,3181,3195,590,37593480,14430,14524,3354,3034,3194,3202,0,3195,0,0,0,2017-04-18,32741000,3183,4,0,0,0,0,0,0,0,0,3184,1,0,0,0,0,0,0,0,0
285,2017-04-18,09:05:42,0,WH705,XZCE,3184,3181,3195,592,37720840,14430,14524,3354,3034,3194,3202,0,3195,0,0,0,2017-04-18,32742000,3183,4,0,0,0,0,0,0,0,0,3185,6,0,0,0,0,0,0,0,0
286,2017-04-18,09:05:43,0,WH705,XZCE,3183,3181,3195,594,37848160,14430,14524,3354,3034,3194,3202,0,3195,0,0,0,2017-04-18,32743000,3184,1,0,0,0,0,0,0,0,0,3185,6,0,0,0,0,0,0,0,0
287,2017-04-18,09:05:44,0,WH705,XZCE,3183,3181,3195,596,37975480,14430,14524,3354,3034,3194,3202,0,3195,0,0,0,2017-04-18,32744000,3183,4,0,0,0,0,0,0,0,0,3185,6,0,0,0,0,0,0,0,0
288,2017-04-18,09:05:45,0,WH705,XZCE,3185,3181,3195,598,38102880,14430,14524,3354,3034,3194,3202,0,3195,0,0,0,2017-04-18,32745000,3183,4,0,0,0,0,0,0,0,0,3185,5,0,0,0,0,0,0,0,0
289,2017-04-18,09:05:45,0,WH705,XZCE,3185,3181,3195,598,38102880,14430,14524,3354,3034,3194,3202,0,3195,0,0,0,2017-04-18,32745000,3184,2,0,0,0,0,0,0,0,0,3185,5,0,0,0,0,0,0,0,0
290,2017-04-18,09:05:46,0,WH705,XZCE,3184,3181,3195,602,38357600,14430,14524,3354,3034,3194,3202,0,3195,0,0,0,2017-04-18,32746000,3184,1,0,0,0,0,0,0,0,0,3185,4,0,0,0,0,0,0,0,0
291,2017-04-18,09:05:46,0,WH705,XZCE,3184,3181,3195,602,38357600,14430,14524,3354,3034,3194,3202,0,3195,0,0,0,2017-04-18,32746000,3184,3,0,0,0,0,0,0,0,0,3185,4,0,0,0,0,0,0,0,0
292,2017-04-18,09:05:47,0,WH705,XZCE,3184,3181,3195,602,38357600,14430,14524,3354,3034,3194,3202,0,3195,0,0,0,2017-04-18,32747000,3184,3,0,0,0,0,0,0,0,0,3185,6,0,0,0,0,0,0,0,0
293,2017-04-18,09:05:48,0,WH705,XZCE,3184,3181,3195,602,38357600,14430,14524,3354,3034,3194,3202,0,3195,0,0,0,2017-04-18,32748000,3184,3,0,0,0,0,0,0,0,0,3185,7,0,0,0,0,0,0,0,0
294,2017-04-18,09:05:48,0,WH705,XZCE,3184,3181,3195,604,38484960,14430,14524,3354,3034,3194,3202,0,3195,0,0,0,2017-04-18,32748000,3184,2,0,0,0,0,0,0,0,0,3185,7,0,0,0,0,0,0,0,0
295,2017-04-18,09:05:51,0,WH705,XZCE,3185,3181,3195,606,38612360,14430,14524,3354,3034,3194,3202,0,3195,0,0,0,2017-04-18,32751000,3184,2,0,0,0,0,0,0,0,0,3185,6,0,0,0,0,0,0,0,0
296,2017-04-18,09:05:54,0,WH705,XZCE,3184,3181,3195,608,38739720,14432,14524,3354,3034,3194,3202,0,3195,0,0,0,2017-04-18,32754000,3184,1,0,0,0,0,0,0,0,0,3185,6,0,0,0,0,0,0,0,0
297,2017-04-18,09:05:56,0,WH705,XZCE,3185,3181,3195,610,38867120,14432,14524,3354,3034,3194,3202,0,3195,0,0,0,2017-04-18,32756000,3184,1,0,0,0,0,0,0,0,0,3185,5,0,0,0,0,0,0,0,0
298,2017-04-18,09:05:57,0,WH705,XZCE,3184,3181,3195,612,38994480,14434,14524,3354,3034,3194,3202,0,3195,0,0,0,2017-04-18,32757000,3183,5,0,0,0,0,0,0,0,0,3184,2,0,0,0,0,0,0,0,0
299,2017-04-18,09:05:58,0,WH705,XZCE,3184,3181,3195,612,38994480,14434,14524,3354,3034,3194,3202,0,3195,0,0,0,2017-04-18,32758000,3183,4,0,0,0,0,0,0,0,0,3184,2,0,0,0,0,0,0,0,0
300,2017-04-18,09:06:01,0,WH705,XZCE,3184,3181,3195,614,39121840,14434,14524,3354,3034,3194,3202,0,3195,0,0,0,2017-04-18,32761000,3183,4,0,0,0,0,0,0,0,0,3184,1,0,0,0,0,0,0,0,0
301,2017-04-18,09:06:02,0,WH705,XZCE,3184,3181,3195,616,39249200,14434,14524,3354,3034,3194,3202,0,3195,0,0,0,2017-04-18,32762000,3183,4,0,0,0,0,0,0,0,0,3185,4,0,0,0,0,0,0,0,0
302,2017-04-18,09:06:04,0,WH705,XZCE,3184,3181,3195,616,39249200,14434,14524,3354,3034,3194,3202,0,3195,0,0,0,2017-04-18,32764000,3184,1,0,0,0,0,0,0,0,0,3185,4,0,0,0,0,0,0,0,0
303,2017-04-18,09:06:07,0,WH705,XZCE,3184,3181,3195,618,39376560,14436,14524,3354,3034,3194,3202,0,3195,0,0,0,2017-04-18,32767000,3183,5,0,0,0,0,0,0,0,0,3184,1,0,0,0,0,0,0,0,0
304,2017-04-18,09:06:07,0,WH705,XZCE,3184,3181,3195,618,39376560,14436,14524,3354,3034,3194,3202,0,3195,0,0,0,2017-04-18,32767000,3183,5,0,0,0,0,0,0,0,0,3184,2,0,0,0,0,0,0,0,0
305,2017-04-18,09:06:09,0,WH705,XZCE,3184,3181,3195,618,39376560,14436,14524,3354,3034,3194,3202,0,3195,0,0,0,2017-04-18,32769000,3183,4,0,0,0,0,0,0,0,0,3184,2,0,0,0,0,0,0,0,0
306,2017-04-18,09:06:10,0,WH705,XZCE,3184,3181,3195,618,39376560,14436,14524,3354,3034,3194,3202,0,3195,0,0,0,2017-04-18,32770000,3183,3,0,0,0,0,0,0,0,0,3184,2,0,0,0,0,0,0,0,0
307,2017-04-18,09:06:11,0,WH705,XZCE,3184,3181,3195,618,39376560,14436,14524,3354,3034,3194,3202,0,3195,0,0,0,2017-04-18,32771000,3183,4,0,0,0,0,0,0,0,0,3184,2,0,0,0,0,0,0,0,0
308,2017-04-18,09:06:11,0,WH705,XZCE,3184,3181,3195,620,39503920,14436,14524,3354,3034,3194,3202,0,3195,0,0,0,2017-04-18,32771000,3183,4,0,0,0,0,0,0,0,0,3184,1,0,0,0,0,0,0,0,0
309,2017-04-18,09:06:12,0,WH705,XZCE,3184,3181,3195,622,39631280,14438,14524,3354,3034,3194,3202,0,3195,0,0,0,2017-04-18,32772000,3183,4,0,0,0,0,0,0,0,0,3185,4,0,0,0,0,0,0,0,0
310,2017-04-18,09:06:14,0,WH705,XZCE,3184,3181,3195,622,39631280,14438,14524,3354,3034,3194,3202,0,3195,0,0,0,2017-04-18,32774000,3184,1,0,0,0,0,0,0,0,0,3185,4,0,0,0,0,0,0,0,0
311,2017-04-18,09:06:14,0,WH705,XZCE,3184,3181,3195,622,39631280,14438,14524,3354,3034,3194,3202,0,3195,0,0,0,2017-04-18,32774000,3184,2,0,0,0,0,0,0,0,0,3185,4,0,0,0,0,0,0,0,0
312,2017-04-18,09:06:15,0,WH705,XZCE,3184,3181,3195,622,39631280,14438,14524,3354,3034,3194,3202,0,3195,0,0,0,2017-04-18,32775000,3184,3,0,0,0,0,0,0,0,0,3185,4,0,0,0,0,0,0,0,0
313,2017-04-18,09:06:16,0,WH705,XZCE,3184,3181,3195,628,40013360,14438,14524,3354,3034,3194,3202,0,3195,0,0,0,2017-04-18,32776000,3183,4,0,0,0,0,0,0,0,0,3185,4,0,0,0,0,0,0,0,0
314,2017-04-18,09:06:18,0,WH705,XZCE,3183,3181,3195,630,40140680,14440,14524,3354,3034,3194,3202,0,3195,0,0,0,2017-04-18,32778000,3183,3,0,0,0,0,0,0,0,0,3185,4,0,0,0,0,0,0,0,0
315,2017-04-18,09:06:19,0,WH705,XZCE,3183,3181,3195,630,40140680,14440,14524,3354,3034,3194,3202,0,3195,0,0,0,2017-04-18,32779000,3183,3,0,0,0,0,0,0,0,0,3184,1,0,0,0,0,0,0,0,0
316,2017-04-18,09:06:20,0,WH705,XZCE,3183,3181,3195,630,40140680,14440,14524,3354,3034,3194,3202,0,3195,0,0,0,2017-04-18,32780000,3183,3,0,0,0,0,0,0,0,0,3185,4,0,0,0,0,0,0,0,0
317,2017-04-18,09:06:21,0,WH705,XZCE,3183,3181,3195,630,40140680,14440,14524,3354,3034,3194,3202,0,3195,0,0,0,2017-04-18,32781000,3183,4,0,0,0,0,0,0,0,0,3185,4,0,0,0,0,0,0,0,0
318,2017-04-18,09:06:22,0,WH705,XZCE,3183,3181,3195,630,40140680,14440,14524,3354,3034,3194,3202,0,3195,0,0,0,2017-04-18,32782000,3183,5,0,0,0,0,0,0,0,0,3185,4,0,0,0,0,0,0,0,0
319,2017-04-18,09:06:23,0,WH705,XZCE,3183,3181,3195,630,40140680,14440,14524,3354,3034,3194,3202,0,3195,0,0,0,2017-04-18,32783000,3183,5,0,0,0,0,0,0,0,0,3185,5,0,0,0,0,0,0,0,0
320,2017-04-18,09:06:25,0,WH705,XZCE,3183,3181,3195,630,40140680,14440,14524,3354,3034,3194,3202,0,3195,0,0,0,2017-04-18,32785000,3183,6,0,0,0,0,0,0,0,0,3185,5,0,0,0,0,0,0,0,0
321,2017-04-18,09:06:28,0,WH705,XZCE,3183,3181,3195,632,40268000,14442,14524,3354,3034,3194,3202,0,3195,0,0,0,2017-04-18,32788000,3183,5,0,0,0,0,0,0,0,0,3185,5,0,0,0,0,0,0,0,0
322,2017-04-18,09:06:28,0,WH705,XZCE,3183,3181,3195,632,40268000,14442,14524,3354,3034,3194,3202,0,3195,0,0,0,2017-04-18,32788000,3183,5,0,0,0,0,0,0,0,0,3184,1,0,0,0,0,0,0,0,0
323,2017-04-18,09:06:30,0,WH705,XZCE,3183,3181,3195,634,40395320,14442,14524,3354,3034,3194,3202,0,3195,0,0,0,2017-04-18,32790000,3183,4,0,0,0,0,0,0,0,0,3184,1,0,0,0,0,0,0,0,0
324,2017-04-18,09:06:31,0,WH705,XZCE,3183,3181,3195,634,40395320,14442,14524,3354,3034,3194,3202,0,3195,0,0,0,2017-04-18,32791000,3183,3,0,0,0,0,0,0,0,0,3184,1,0,0,0,0,0,0,0,0
325,2017-04-18,09:06:32,0,WH705,XZCE,3183,3181,3195,638,40649960,14442,14524,3354,3034,3194,3202,0,3195,0,0,0,2017-04-18,32792000,3183,1,0,0,0,0,0,0,0,0,3184,1,0,0,0,0,0,0,0,0
326,2017-04-18,09:06:32,0,WH705,XZCE,3183,3181,3195,640,40777280,14442,14524,3354,3034,3194,3202,0,3195,0,0,0,2017-04-18,32792000,3182,19,0,0,0,0,0,0,0,0,3184,1,0,0,0,0,0,0,0,0
327,2017-04-18,09:06:33,0,WH705,XZCE,3183,3181,3195,640,40777280,14442,14524,3354,3034,3194,3202,0,3195,0,0,0,2017-04-18,32793000,3182,19,0,0,0,0,0,0,0,0,3183,1,0,0,0,0,0,0,0,0
328,2017-04-18,09:06:35,0,WH705,XZCE,3184,3181,3195,644,41032000,14440,14524,3354,3034,3194,3202,0,3195,0,0,0,2017-04-18,32795000,3182,19,0,0,0,0,0,0,0,0,3185,10,0,0,0,0,0,0,0,0
329,2017-04-18,09:06:37,0,WH705,XZCE,3184,3181,3195,644,41032000,14440,14524,3354,3034,3194,3202,0,3195,0,0,0,2017-04-18,32797000,3183,1,0,0,0,0,0,0,0,0,3185,10,0,0,0,0,0,0,0,0
330,2017-04-18,09:06:38,0,WH705,XZCE,3184,3181,3195,644,41032000,14440,14524,3354,3034,3194,3202,0,3195,0,0,0,2017-04-18,32798000,3183,1,0,0,0,0,0,0,0,0,3184,1,0,0,0,0,0,0,0,0
331,2017-04-18,09:06:40,0,WH705,XZCE,3184,3181,3195,646,41159360,14440,14524,3354,3034,3194,3202,0,3195,0,0,0,2017-04-18,32800000,3183,1,0,0,0,0,0,0,0,0,3184,1,0,0,0,0,0,0,0,0
332,2017-04-18,09:06:43,0,WH705,XZCE,3184,3181,3195,646,41159360,14440,14524,3354,3034,3194,3202,0,3195,0,0,0,2017-04-18,32803000,3183,2,0,0,0,0,0,0,0,0,3184,1,0,0,0,0,0,0,0,0
333,2017-04-18,09:06:45,0,WH705,XZCE,3183,3181,3195,652,41541320,14438,14524,3354,3034,3194,3202,0,3195,0,0,0,2017-04-18,32805000,3182,20,0,0,0,0,0,0,0,0,3183,2,0,0,0,0,0,0,0,0
334,2017-04-18,09:06:54,0,WH705,XZCE,3183,3181,3195,664,42305240,14426,14524,3354,3034,3194,3202,0,3195,0,0,0,2017-04-18,32814000,3182,15,0,0,0,0,0,0,0,0,3183,1,0,0,0,0,0,0,0,0
335,2017-04-18,09:06:55,0,WH705,XZCE,3182,3181,3195,666,42432520,14426,14524,3354,3034,3194,3202,0,3195,0,0,0,2017-04-18,32815000,3182,14,0,0,0,0,0,0,0,0,3183,1,0,0,0,0,0,0,0,0
336,2017-04-18,09:06:57,0,WH705,XZCE,3182,3181,3195,686,43705320,14406,14524,3354,3034,3194,3202,0,3195,0,0,0,2017-04-18,32817000,3182,4,0,0,0,0,0,0,0,0,3183,1,0,0,0,0,0,0,0,0
337,2017-04-18,09:06:58,0,WH705,XZCE,3183,3181,3195,688,43832640,14404,14524,3354,3034,3194,3202,0,3195,0,0,0,2017-04-18,32818000,3182,14,0,0,0,0,0,0,0,0,3184,2,0,0,0,0,0,0,0,0
338,2017-04-18,09:06:59,0,WH705,XZCE,3182,3181,3195,702,44723600,14392,14524,3354,3034,3194,3202,0,3195,0,0,0,2017-04-18,32819000,3182,8,0,0,0,0,0,0,0,0,3184,2,0,0,0,0,0,0,0,0
339,2017-04-18,09:06:59,0,WH705,XZCE,3182,3181,3195,702,44723600,14392,14524,3354,3034,3194,3202,0,3195,0,0,0,2017-04-18,32819000,3182,8,0,0,0,0,0,0,0,0,3183,1,0,0,0,0,0,0,0,0
340,2017-04-18,09:06:59,0,WH705,XZCE,3182,3181,3195,704,44850880,14392,14524,3354,3034,3194,3202,0,3195,0,0,0,2017-04-18,32819000,3182,7,0,0,0,0,0,0,0,0,3183,1,0,0,0,0,0,0,0,0
341,2017-04-18,09:07:01,0,WH705,XZCE,3182,3181,3195,704,44850880,14392,14524,3354,3034,3194,3202,0,3195,0,0,0,2017-04-18,32821000,3182,7,0,0,0,0,0,0,0,0,3183,2,0,0,0,0,0,0,0,0
342,2017-04-18,09:07:01,0,WH705,XZCE,3182,3181,3195,704,44850880,14392,14524,3354,3034,3194,3202,0,3195,0,0,0,2017-04-18,32821000,3182,7,0,0,0,0,0,0,0,0,3183,1,0,0,0,0,0,0,0,0
343,2017-04-18,09:07:03,0,WH705,XZCE,3182,3181,3195,708,45105440,14392,14524,3354,3034,3194,3202,0,3195,0,0,0,2017-04-18,32823000,3182,5,0,0,0,0,0,0,0,0,3183,1,0,0,0,0,0,0,0,0
344,2017-04-18,09:07:03,0,WH705,XZCE,3182,3181,3195,718,45741840,14392,14524,3354,3034,3194,3202,0,3195,0,0,0,2017-04-18,32823000,3181,5,0,0,0,0,0,0,0,0,3183,1,0,0,0,0,0,0,0,0
345,2017-04-18,09:07:04,0,WH705,XZCE,3183,3181,3195,720,45869160,14390,14524,3354,3034,3194,3202,0,3195,0,0,0,2017-04-18,32824000,3182,1,0,0,0,0,0,0,0,0,3184,2,0,0,0,0,0,0,0,0
346,2017-04-18,09:07:04,0,WH705,XZCE,3182,3181,3195,722,45996440,14388,14524,3354,3034,3194,3202,0,3195,0,0,0,2017-04-18,32824000,3181,5,0,0,0,0,0,0,0,0,3184,2,0,0,0,0,0,0,0,0
347,2017-04-18,09:07:05,0,WH705,XZCE,3182,3181,3195,722,45996440,14388,14524,3354,3034,3194,3202,0,3195,0,0,0,2017-04-18,32825000,3181,5,0,0,0,0,0,0,0,0,3183,3,0,0,0,0,0,0,0,0
348,2017-04-18,09:07:06,0,WH705,XZCE,3182,3181,3195,722,45996440,14388,14524,3354,3034,3194,3202,0,3195,0,0,0,2017-04-18,32826000,3181,6,0,0,0,0,0,0,0,0,3183,4,0,0,0,0,0,0,0,0
349,2017-04-18,09:07:08,0,WH705,XZCE,3181,3181,3195,728,46378160,14390,14524,3354,3034,3194,3202,0,3195,0,0,0,2017-04-18,32828000,3181,4,0,0,0,0,0,0,0,0,3183,3,0,0,0,0,0,0,0,0
350,2017-04-18,09:07:08,0,WH705,XZCE,3181,3181,3195,728,46378160,14390,14524,3354,3034,3194,3202,0,3195,0,0,0,2017-04-18,32828000,3181,4,0,0,0,0,0,0,0,0,3182,3,0,0,0,0,0,0,0,0
351,2017-04-18,09:07:09,0,WH705,XZCE,3182,3181,3195,730,46505440,14390,14524,3354,3034,3194,3202,0,3195,0,0,0,2017-04-18,32829000,3181,4,0,0,0,0,0,0,0,0,3182,2,0,0,0,0,0,0,0,0
352,2017-04-18,09:07:09,0,WH705,XZCE,3181,3181,3195,738,47014400,14394,14524,3354,3034,3194,3202,0,3195,0,0,0,2017-04-18,32829000,3180,20,0,0,0,0,0,0,0,0,3181,1,0,0,0,0,0,0,0,0
353,2017-04-18,09:07:11,0,WH705,XZCE,3180,3180,3195,756,48159200,14394,14524,3354,3034,3194,3202,0,3195,0,0,0,2017-04-18,32831000,3180,11,0,0,0,0,0,0,0,0,3181,1,0,0,0,0,0,0,0,0
354,2017-04-18,09:07:11,0,WH705,XZCE,3181,3180,3195,758,48286440,14394,14524,3354,3034,3194,3202,0,3195,0,0,0,2017-04-18,32831000,3180,11,0,0,0,0,0,0,0,0,3182,2,0,0,0,0,0,0,0,0
355,2017-04-18,09:07:11,0,WH705,XZCE,3180,3180,3195,776,49431240,14394,14524,3354,3034,3194,3202,0,3195,0,0,0,2017-04-18,32831000,3180,2,0,0,0,0,0,0,0,0,3181,1,0,0,0,0,0,0,0,0
356,2017-04-18,09:07:12,0,WH705,XZCE,3181,3180,3195,788,50194680,14390,14524,3354,3034,3194,3202,0,3195,0,0,0,2017-04-18,32832000,3181,3,0,0,0,0,0,0,0,0,3182,2,0,0,0,0,0,0,0,0
357,2017-04-18,09:07:12,0,WH705,XZCE,3181,3180,3195,794,50576400,14390,14524,3354,3034,3194,3202,0,3195,0,0,0,2017-04-18,32832000,3179,2,0,0,0,0,0,0,0,0,3180,8,0,0,0,0,0,0,0,0
358,2017-04-18,09:07:13,0,WH705,XZCE,3179,3179,3195,796,50703560,14388,14524,3354,3034,3194,3202,0,3195,0,0,0,2017-04-18,32833000,3179,2,0,0,0,0,0,0,0,0,3182,2,0,0,0,0,0,0,0,0
359,2017-04-18,09:07:13,0,WH705,XZCE,3182,3179,3195,798,50830840,14388,14524,3354,3034,3194,3202,0,3195,0,0,0,2017-04-18,32833000,3179,2,0,0,0,0,0,0,0,0,3182,1,0,0,0,0,0,0,0,0
360,2017-04-18,09:07:14,0,WH705,XZCE,3175,3172,3195,844,53751840,14370,14524,3354,3034,3194,3202,0,3195,0,0,0,2017-04-18,32834000,3172,1,0,0,0,0,0,0,0,0,3173,1,0,0,0,0,0,0,0,0
361,2017-04-18,09:07:15,0,WH705,XZCE,3180,3171,3195,856,54515040,14364,14524,3354,3034,3194,3202,0,3195,0,0,0,2017-04-18,32835000,3174,2,0,0,0,0,0,0,0,0,3178,1,0,0,0,0,0,0,0,0
362,2017-04-18,09:07:15,0,WH705,XZCE,3180,3171,3195,858,54642240,14362,14524,3354,3034,3194,3202,0,3195,0,0,0,2017-04-18,32835000,3174,2,0,0,0,0,0,0,0,0,3180,1,0,0,0,0,0,0,0,0
363,2017-04-18,09:07:15,0,WH705,XZCE,3174,3171,3195,860,54769200,14362,14524,3354,3034,3194,3202,0,3195,0,0,0,2017-04-18,32835000,3174,1,0,0,0,0,0,0,0,0,3180,2,0,0,0,0,0,0,0,0
364,2017-04-18,09:07:16,0,WH705,XZCE,3174,3171,3195,860,54769200,14362,14524,3354,3034,3194,3202,0,3195,0,0,0,2017-04-18,32836000,3175,1,0,0,0,0,0,0,0,0,3180,2,0,0,0,0,0,0,0,0
365,2017-04-18,09:07:17,0,WH705,XZCE,3180,3171,3195,864,55023600,14360,14524,3354,3034,3194,3202,0,3195,0,0,0,2017-04-18,32837000,3180,4,0,0,0,0,0,0,0,0,3182,1,0,0,0,0,0,0,0,0
366,2017-04-18,09:07:17,0,WH705,XZCE,3180,3171,3195,864,55023600,14360,14524,3354,3034,3194,3202,0,3195,0,0,0,2017-04-18,32837000,3175,2,0,0,0,0,0,0,0,0,3182,2,0,0,0,0,0,0,0,0
367,2017-04-18,09:07:17,0,WH705,XZCE,3180,3171,3195,864,55023600,14360,14524,3354,3034,3194,3202,0,3195,0,0,0,2017-04-18,32837000,3178,6,0,0,0,0,0,0,0,0,3182,2,0,0,0,0,0,0,0,0
368,2017-04-18,09:07:19,0,WH705,XZCE,3180,3171,3195,866,55150800,14362,14524,3354,3034,3194,3202,0,3195,0,0,0,2017-04-18,32839000,3178,6,0,0,0,0,0,0,0,0,3182,2,0,0,0,0,0,0,0,0
369,2017-04-18,09:07:19,0,WH705,XZCE,3178,3171,3195,870,55405040,14362,14524,3354,3034,3194,3202,0,3195,0,0,0,2017-04-18,32839000,3178,5,0,0,0,0,0,0,0,0,3182,1,0,0,0,0,0,0,0,0
370,2017-04-18,09:07:20,0,WH705,XZCE,3178,3171,3195,870,55405040,14362,14524,3354,3034,3194,3202,0,3195,0,0,0,2017-04-18,32840000,3178,5,0,0,0,0,0,0,0,0,3182,2,0,0,0,0,0,0,0,0
371,2017-04-18,09:07:21,0,WH705,XZCE,3178,3171,3195,870,55405040,14362,14524,3354,3034,3194,3202,0,3195,0,0,0,2017-04-18,32841000,3176,2,0,0,0,0,0,0,0,0,3182,2,0,0,0,0,0,0,0,0
372,2017-04-18,09:07:22,0,WH705,XZCE,3178,3171,3195,870,55405040,14362,14524,3354,3034,3194,3202,0,3195,0,0,0,2017-04-18,32842000,3175,2,0,0,0,0,0,0,0,0,3182,2,0,0,0,0,0,0,0,0
373,2017-04-18,09:07:23,0,WH705,XZCE,3178,3171,3195,870,55405040,14362,14524,3354,3034,3194,3202,0,3195,0,0,0,2017-04-18,32843000,3175,2,0,0,0,0,0,0,0,0,3178,3,0,0,0,0,0,0,0,0
374,2017-04-18,09:07:23,0,WH705,XZCE,3178,3171,3195,870,55405040,14362,14524,3354,3034,3194,3202,0,3195,0,0,0,2017-04-18,32843000,3175,2,0,0,0,0,0,0,0,0,3176,2,0,0,0,0,0,0,0,0
375,2017-04-18,09:07:24,0,WH705,XZCE,3176,3171,3195,874,55659120,14362,14524,3354,3034,3194,3202,0,3195,0,0,0,2017-04-18,32844000,3175,2,0,0,0,0,0,0,0,0,3178,3,0,0,0,0,0,0,0,0
376,2017-04-18,09:07:24,0,WH705,XZCE,3176,3171,3195,874,55659120,14362,14524,3354,3034,3194,3202,0,3195,0,0,0,2017-04-18,32844000,3175,2,0,0,0,0,0,0,0,0,3176,1,0,0,0,0,0,0,0,0
377,2017-04-18,09:07:25,0,WH705,XZCE,3176,3171,3195,876,55786160,14360,14524,3354,3034,3194,3202,0,3195,0,0,0,2017-04-18,32845000,3177,2,0,0,0,0,0,0,0,0,3178,3,0,0,0,0,0,0,0,0
378,2017-04-18,09:07:26,0,WH705,XZCE,3178,3171,3195,882,56167520,14358,14524,3354,3034,3194,3202,0,3195,0,0,0,2017-04-18,32846000,3177,1,0,0,0,0,0,0,0,0,3178,1,0,0,0,0,0,0,0,0
379,2017-04-18,09:07:27,0,WH705,XZCE,3178,3171,3195,886,56421760,14358,14524,3354,3034,3194,3202,0,3195,0,0,0,2017-04-18,32847000,3178,3,0,0,0,0,0,0,0,0,3180,3,0,0,0,0,0,0,0,0
380,2017-04-18,09:07:27,0,WH705,XZCE,3178,3171,3195,886,56421760,14358,14524,3354,3034,3194,3202,0,3195,0,0,0,2017-04-18,32847000,3178,4,0,0,0,0,0,0,0,0,3180,3,0,0,0,0,0,0,0,0
381,2017-04-18,09:07:28,0,WH705,XZCE,3178,3171,3195,888,56548880,14358,14524,3354,3034,3194,3202,0,3195,0,0,0,2017-04-18,32848000,3179,2,0,0,0,0,0,0,0,0,3180,3,0,0,0,0,0,0,0,0
382,2017-04-18,09:07:29,0,WH705,XZCE,3180,3171,3195,894,56930480,14358,14524,3354,3034,3194,3202,0,3195,0,0,0,2017-04-18,32849000,3180,3,0,0,0,0,0,0,0,0,3181,22,0,0,0,0,0,0,0,0
383,2017-04-18,09:07:29,0,WH705,XZCE,3180,3171,3195,900,57312080,14356,14524,3354,3034,3194,3202,0,3195,0,0,0,2017-04-18,32849000,3178,1,0,0,0,0,0,0,0,0,3180,3,0,0,0,0,0,0,0,0
384,2017-04-18,09:07:30,0,WH705,XZCE,3180,3171,3195,900,57312080,14356,14524,3354,3034,3194,3202,0,3195,0,0,0,2017-04-18,32850000,3178,3,0,0,0,0,0,0,0,0,3180,3,0,0,0,0,0,0,0,0
385,2017-04-18,09:07:30,0,WH705,XZCE,3180,3171,3195,900,57312080,14356,14524,3354,3034,3194,3202,0,3195,0,0,0,2017-04-18,32850000,3178,1,0,0,0,0,0,0,0,0,3180,3,0,0,0,0,0,0,0,0
386,2017-04-18,09:07:31,0,WH705,XZCE,3178,3171,3195,902,57439200,14356,14524,3354,3034,3194,3202,0,3195,0,0,0,2017-04-18,32851000,3177,3,0,0,0,0,0,0,0,0,3178,49,0,0,0,0,0,0,0,0
387,2017-04-18,09:07:31,0,WH705,XZCE,3178,3171,3195,904,57566320,14356,14524,3354,3034,3194,3202,0,3195,0,0,0,2017-04-18,32851000,3177,2,0,0,0,0,0,0,0,0,3178,48,0,0,0,0,0,0,0,0
388,2017-04-18,09:07:32,0,WH705,XZCE,3178,3171,3195,904,57566320,14356,14524,3354,3034,3194,3202,0,3195,0,0,0,2017-04-18,32852000,3177,3,0,0,0,0,0,0,0,0,3179,1,0,0,0,0,0,0,0,0
389,2017-04-18,09:07:33,0,WH705,XZCE,3178,3171,3195,906,57693440,14356,14524,3354,3034,3194,3202,0,3195,0,0,0,2017-04-18,32853000,3177,3,0,0,0,0,0,0,0,0,3179,2,0,0,0,0,0,0,0,0
390,2017-04-18,09:07:35,0,WH705,XZCE,3177,3171,3195,908,57820520,14356,14524,3354,3034,3194,3202,0,3195,0,0,0,2017-04-18,32855000,3177,1,0,0,0,0,0,0,0,0,3178,1,0,0,0,0,0,0,0,0
391,2017-04-18,09:07:35,0,WH705,XZCE,3177,3171,3195,910,57947600,14356,14524,3354,3034,3194,3202,0,3195,0,0,0,2017-04-18,32855000,3176,2,0,0,0,0,0,0,0,0,3177,5,0,0,0,0,0,0,0,0
392,2017-04-18,09:07:36,0,WH705,XZCE,3176,3171,3195,914,58201680,14356,14524,3354,3034,3194,3202,0,3195,0,0,0,2017-04-18,32856000,3175,1,0,0,0,0,0,0,0,0,3176,18,0,0,0,0,0,0,0,0
393,2017-04-18,09:07:37,0,WH705,XZCE,3176,3171,3195,914,58201680,14356,14524,3354,3034,3194,3202,0,3195,0,0,0,2017-04-18,32857000,3175,1,0,0,0,0,0,0,0,0,3176,20,0,0,0,0,0,0,0,0
394,2017-04-18,09:07:37,0,WH705,XZCE,3176,3171,3195,914,58201680,14356,14524,3354,3034,3194,3202,0,3195,0,0,0,2017-04-18,32857000,3175,2,0,0,0,0,0,0,0,0,3176,2,0,0,0,0,0,0,0,0
395,2017-04-18,09:07:38,0,WH705,XZCE,3175,3171,3195,916,58328680,14358,14524,3354,3034,3194,3202,0,3195,0,0,0,2017-04-18,32858000,3175,1,0,0,0,0,0,0,0,0,3176,4,0,0,0,0,0,0,0,0
396,2017-04-18,09:07:38,0,WH705,XZCE,3177,3171,3195,928,59091160,14358,14524,3354,3034,3194,3202,0,3195,0,0,0,2017-04-18,32858000,3175,1,0,0,0,0,0,0,0,0,3177,3,0,0,0,0,0,0,0,0
397,2017-04-18,09:07:40,0,WH705,XZCE,3175,3171,3195,932,59345160,14360,14524,3354,3034,3194,3202,0,3195,0,0,0,2017-04-18,32860000,3174,2,0,0,0,0,0,0,0,0,3175,1,0,0,0,0,0,0,0,0
398,2017-04-18,09:07:40,0,WH705,XZCE,3174,3171,3195,934,59472120,14360,14524,3354,3034,3194,3202,0,3195,0,0,0,2017-04-18,32860000,3174,1,0,0,0,0,0,0,0,0,3175,1,0,0,0,0,0,0,0,0
399,2017-04-18,09:07:40,0,WH705,XZCE,3174,3171,3195,936,59599080,14360,14524,3354,3034,3194,3202,0,3195,0,0,0,2017-04-18,32860000,3173,6,0,0,0,0,0,0,0,0,3175,1,0,0,0,0,0,0,0,0
400,2017-04-18,09:07:41,0,WH705,XZCE,3174,3171,3195,936,59599080,14360,14524,3354,3034,3194,3202,0,3195,0,0,0,2017-04-18,32861000,3174,1,0,0,0,0,0,0,0,0,3175,1,0,0,0,0,0,0,0,0
401,2017-04-18,09:07:42,0,WH705,XZCE,3174,3171,3195,938,59726040,14360,14524,3354,3034,3194,3202,0,3195,0,0,0,2017-04-18,32862000,3173,6,0,0,0,0,0,0,0,0,3174,37,0,0,0,0,0,0,0,0
402,2017-04-18,09:07:42,0,WH705,XZCE,3174,3171,3195,938,59726040,14360,14524,3354,3034,3194,3202,0,3195,0,0,0,2017-04-18,32862000,3173,6,0,0,0,0,0,0,0,0,3174,4,0,0,0,0,0,0,0,0
403,2017-04-18,09:07:43,0,WH705,XZCE,3174,3171,3195,942,59979960,14360,14524,3354,3034,3194,3202,0,3195,0,0,0,2017-04-18,32863000,3173,6,0,0,0,0,0,0,0,0,3174,2,0,0,0,0,0,0,0,0
404,2017-04-18,09:07:43,0,WH705,XZCE,3174,3171,3195,946,60233880,14360,14524,3354,3034,3194,3202,0,3195,0,0,0,2017-04-18,32863000,3173,6,0,0,0,0,0,0,0,0,3175,1,0,0,0,0,0,0,0,0
405,2017-04-18,09:07:45,0,WH705,XZCE,3173,3171,3195,948,60360800,14360,14524,3354,3034,3194,3202,0,3195,0,0,0,2017-04-18,32865000,3173,5,0,0,0,0,0,0,0,0,3174,1,0,0,0,0,0,0,0,0
406,2017-04-18,09:07:45,0,WH705,XZCE,3173,3171,3195,952,60614640,14360,14524,3354,3034,3194,3202,0,3195,0,0,0,2017-04-18,32865000,3173,3,0,0,0,0,0,0,0,0,3175,1,0,0,0,0,0,0,0,0
407,2017-04-18,09:07:45,0,WH705,XZCE,3175,3171,3195,958,60995640,14356,14524,3354,3034,3194,3202,0,3195,0,0,0,2017-04-18,32865000,3175,1,0,0,0,0,0,0,0,0,3176,1,0,0,0,0,0,0,0,0
408,2017-04-18,09:07:46,0,WH705,XZCE,3176,3171,3195,964,61376760,14352,14524,3354,3034,3194,3202,0,3195,0,0,0,2017-04-18,32866000,3173,2,0,0,0,0,0,0,0,0,3174,1,0,0,0,0,0,0,0,0
409,2017-04-18,09:07:47,0,WH705,XZCE,3174,3171,3195,966,61503720,14352,14524,3354,3034,3194,3202,0,3195,0,0,0,2017-04-18,32867000,3174,3,0,0,0,0,0,0,0,0,3177,3,0,0,0,0,0,0,0,0
410,2017-04-18,09:07:49,0,WH705,XZCE,3174,3171,3195,966,61503720,14352,14524,3354,3034,3194,3202,0,3195,0,0,0,2017-04-18,32869000,3174,3,0,0,0,0,0,0,0,0,3176,3,0,0,0,0,0,0,0,0
411,2017-04-18,09:07:50,0,WH705,XZCE,3174,3171,3195,966,61503720,14352,14524,3354,3034,3194,3202,0,3195,0,0,0,2017-04-18,32870000,3174,5,0,0,0,0,0,0,0,0,3176,3,0,0,0,0,0,0,0,0
412,2017-04-18,09:07:51,0,WH705,XZCE,3174,3171,3195,976,62138520,14354,14524,3354,3034,3194,3202,0,3195,0,0,0,2017-04-18,32871000,3173,1,0,0,0,0,0,0,0,0,3175,60,0,0,0,0,0,0,0,0
413,2017-04-18,09:07:51,0,WH705,XZCE,3174,3171,3195,976,62138520,14354,14524,3354,3034,3194,3202,0,3195,0,0,0,2017-04-18,32871000,3173,2,0,0,0,0,0,0,0,0,3176,3,0,0,0,0,0,0,0,0
414,2017-04-18,09:07:53,0,WH705,XZCE,3174,3171,3195,976,62138520,14354,14524,3354,3034,3194,3202,0,3195,0,0,0,2017-04-18,32873000,3174,2,0,0,0,0,0,0,0,0,3176,2,0,0,0,0,0,0,0,0
415,2017-04-18,09:07:53,0,WH705,XZCE,3174,3171,3195,976,62138520,14354,14524,3354,3034,3194,3202,0,3195,0,0,0,2017-04-18,32873000,3174,2,0,0,0,0,0,0,0,0,3175,1,0,0,0,0,0,0,0,0
416,2017-04-18,09:07:54,0,WH705,XZCE,3174,3171,3195,976,62138520,14354,14524,3354,3034,3194,3202,0,3195,0,0,0,2017-04-18,32874000,3174,2,0,0,0,0,0,0,0,0,3175,2,0,0,0,0,0,0,0,0
417,2017-04-18,09:07:54,0,WH705,XZCE,3175,3171,3195,978,62265520,14354,14524,3354,3034,3194,3202,0,3195,0,0,0,2017-04-18,32874000,3174,2,0,0,0,0,0,0,0,0,3175,1,0,0,0,0,0,0,0,0
418,2017-04-18,09:07:55,0,WH705,XZCE,3174,3171,3195,982,62519440,14350,14524,3354,3034,3194,3202,0,3195,0,0,0,2017-04-18,32875000,3173,4,0,0,0,0,0,0,0,0,3174,18,0,0,0,0,0,0,0,0
419,2017-04-18,09:07:56,0,WH705,XZCE,3174,3171,3195,984,62646400,14348,14524,3354,3034,3194,3202,0,3195,0,0,0,2017-04-18,32876000,3173,4,0,0,0,0,0,0,0,0,3174,19,0,0,0,0,0,0,0,0
420,2017-04-18,09:07:57,0,WH705,XZCE,3173,3171,3195,992,63154080,14350,14524,3354,3034,3194,3202,0,3195,0,0,0,2017-04-18,32877000,3172,2,0,0,0,0,0,0,0,0,3173,16,0,0,0,0,0,0,0,0
421,2017-04-18,09:07:58,0,WH705,XZCE,3173,3171,3195,992,63154080,14350,14524,3354,3034,3194,3202,0,3195,0,0,0,2017-04-18,32878000,3172,2,0,0,0,0,0,0,0,0,3173,20,0,0,0,0,0,0,0,0
422,2017-04-18,09:07:58,0,WH705,XZCE,3173,3171,3195,992,63154080,14350,14524,3354,3034,3194,3202,0,3195,0,0,0,2017-04-18,32878000,3172,2,0,0,0,0,0,0,0,0,3173,2,0,0,0,0,0,0,0,0
423,2017-04-18,09:07:58,0,WH705,XZCE,3172,3171,3195,996,63407840,14350,14524,3354,3034,3194,3202,0,3195,0,0,0,2017-04-18,32878000,3171,2,0,0,0,0,0,0,0,0,3173,2,0,0,0,0,0,0,0,0
424,2017-04-18,09:07:59,0,WH705,XZCE,3172,3171,3195,996,63407840,14350,14524,3354,3034,3194,3202,0,3195,0,0,0,2017-04-18,32879000,3171,2,0,0,0,0,0,0,0,0,3174,19,0,0,0,0,0,0,0,0
425,2017-04-18,09:08:00,0,WH705,XZCE,3171,3171,3195,1000,63661520,14354,14524,3354,3034,3194,3202,0,3195,0,0,0,2017-04-18,32880000,3170,3,0,0,0,0,0,0,0,0,3171,31,0,0,0,0,0,0,0,0
426,2017-04-18,09:08:00,0,WH705,XZCE,3171,3171,3195,1000,63661520,14354,14524,3354,3034,3194,3202,0,3195,0,0,0,2017-04-18,32880000,3170,3,0,0,0,0,0,0,0,0,3173,5,0,0,0,0,0,0,0,0
427,2017-04-18,09:08:01,0,WH705,XZCE,3171,3171,3195,1000,63661520,14354,14524,3354,3034,3194,3202,0,3195,0,0,0,2017-04-18,32881000,3170,3,0,0,0,0,0,0,0,0,3172,35,0,0,0,0,0,0,0,0
428,2017-04-18,09:08:01,0,WH705,XZCE,3170,3170,3195,1002,63788320,14354,14524,3354,3034,3194,3202,0,3195,0,0,0,2017-04-18,32881000,3170,2,0,0,0,0,0,0,0,0,3172,3,0,0,0,0,0,0,0,0
429,2017-04-18,09:08:02,0,WH705,XZCE,3171,3170,3195,1008,64168840,14354,14524,3354,3034,3194,3202,0,3195,0,0,0,2017-04-18,32882000,3169,2,0,0,0,0,0,0,0,0,3171,1,0,0,0,0,0,0,0,0
430,2017-04-18,09:08:02,0,WH705,XZCE,3171,3170,3195,1010,64295680,14352,14524,3354,3034,3194,3202,0,3195,0,0,0,2017-04-18,32882000,3169,2,0,0,0,0,0,0,0,0,3172,3,0,0,0,0,0,0,0,0
431,2017-04-18,09:08:02,0,WH705,XZCE,3169,3169,3195,1012,64422440,14352,14524,3354,3034,3194,3202,0,3195,0,0,0,2017-04-18,32882000,3169,1,0,0,0,0,0,0,0,0,3172,3,0,0,0,0,0,0,0,0
432,2017-04-18,09:08:03,0,WH705,XZCE,3169,3169,3195,1014,64549200,14352,14524,3354,3034,3194,3202,0,3195,0,0,0,2017-04-18,32883000,3168,2,0,0,0,0,0,0,0,0,3169,3,0,0,0,0,0,0,0,0
433,2017-04-18,09:08:03,0,WH705,XZCE,3169,3169,3195,1016,64675960,14352,14524,3354,3034,3194,3202,0,3195,0,0,0,2017-04-18,32883000,3168,1,0,0,0,0,0,0,0,0,3169,3,0,0,0,0,0,0,0,0
434,2017-04-18,09:08:05,0,WH705,XZCE,3169,3166,3195,1030,65563280,14346,14524,3354,3034,3194,3202,0,3195,0,0,0,2017-04-18,32885000,3169,1,0,0,0,0,0,0,0,0,3172,3,0,0,0,0,0,0,0,0
435,2017-04-18,09:08:06,0,WH705,XZCE,3169,3166,3195,1032,65690040,14348,14524,3354,3034,3194,3202,0,3195,0,0,0,2017-04-18,32886000,3166,1,0,0,0,0,0,0,0,0,3172,3,0,0,0,0,0,0,0,0
436,2017-04-18,09:08:06,0,WH705,XZCE,3169,3166,3195,1032,65690040,14348,14524,3354,3034,3194,3202,0,3195,0,0,0,2017-04-18,32886000,3169,2,0,0,0,0,0,0,0,0,3172,3,0,0,0,0,0,0,0,0
437,2017-04-18,09:08:06,0,WH705,XZCE,3169,3166,3195,1034,65816800,14348,14524,3354,3034,3194,3202,0,3195,0,0,0,2017-04-18,32886000,3169,1,0,0,0,0,0,0,0,0,3172,3,0,0,0,0,0,0,0,0
438,2017-04-18,09:08:07,0,WH705,XZCE,3172,3166,3195,1038,66070560,14348,14524,3354,3034,3194,3202,0,3195,0,0,0,2017-04-18,32887000,3169,2,0,0,0,0,0,0,0,0,3172,2,0,0,0,0,0,0,0,0
439,2017-04-18,09:08:07,0,WH705,XZCE,3169,3166,3195,1044,66450840,14348,14524,3354,3034,3194,3202,0,3195,0,0,0,2017-04-18,32887000,3172,2,0,0,0,0,0,0,0,0,3173,5,0,0,0,0,0,0,0,0
440,2017-04-18,09:08:08,0,WH705,XZCE,3172,3166,3195,1046,66577720,14350,14524,3354,3034,3194,3202,0,3195,0,0,0,2017-04-18,32888000,3169,1,0,0,0,0,0,0,0,0,3173,5,0,0,0,0,0,0,0,0
441,2017-04-18,09:08:08,0,WH705,XZCE,3172,3166,3195,1046,66577720,14350,14524,3354,3034,3194,3202,0,3195,0,0,0,2017-04-18,32888000,3171,2,0,0,0,0,0,0,0,0,3173,5,0,0,0,0,0,0,0,0
442,2017-04-18,09:08:09,0,WH705,XZCE,3172,3166,3195,1048,66704600,14348,14524,3354,3034,3194,3202,0,3195,0,0,0,2017-04-18,32889000,3171,2,0,0,0,0,0,0,0,0,3173,5,0,0,0,0,0,0,0,0
443,2017-04-18,09:08:10,0,WH705,XZCE,3169,3166,3195,1050,66831360,14348,14524,3354,3034,3194,3202,0,3195,0,0,0,2017-04-18,32890000,3169,3,0,0,0,0,0,0,0,0,3173,5,0,0,0,0,0,0,0,0
444,2017-04-18,09:08:10,0,WH705,XZCE,3169,3166,3195,1052,66958120,14346,14524,3354,3034,3194,3202,0,3195,0,0,0,2017-04-18,32890000,3171,1,0,0,0,0,0,0,0,0,3172,1,0,0,0,0,0,0,0,0
445,2017-04-18,09:08:11,0,WH705,XZCE,3169,3166,3195,1052,66958120,14346,14524,3354,3034,3194,3202,0,3195,0,0,0,2017-04-18,32891000,3170,2,0,0,0,0,0,0,0,0,3172,3,0,0,0,0,0,0,0,0
446,2017-04-18,09:08:11,0,WH705,XZCE,3172,3166,3195,1054,67085000,14346,14524,3354,3034,3194,3202,0,3195,0,0,0,2017-04-18,32891000,3170,2,0,0,0,0,0,0,0,0,3171,1,0,0,0,0,0,0,0,0
447,2017-04-18,09:08:11,0,WH705,XZCE,3172,3166,3195,1054,67085000,14346,14524,3354,3034,3194,3202,0,3195,0,0,0,2017-04-18,32891000,3169,3,0,0,0,0,0,0,0,0,3171,1,0,0,0,0,0,0,0,0
448,2017-04-18,09:08:12,0,WH705,XZCE,3171,3166,3195,1056,67211840,14346,14524,3354,3034,3194,3202,0,3195,0,0,0,2017-04-18,32892000,3171,1,0,0,0,0,0,0,0,0,3172,1,0,0,0,0,0,0,0,0
449,2017-04-18,09:08:12,0,WH705,XZCE,3171,3166,3195,1058,67338680,14344,14524,3354,3034,3194,3202,0,3195,0,0,0,2017-04-18,32892000,3170,2,0,0,0,0,0,0,0,0,3172,1,0,0,0,0,0,0,0,0
450,2017-04-18,09:08:13,0,WH705,XZCE,3170,3166,3195,1062,67592280,14344,14524,3354,3034,3194,3202,0,3195,0,0,0,2017-04-18,32893000,3169,3,0,0,0,0,0,0,0,0,3170,1,0,0,0,0,0,0,0,0
451,2017-04-18,09:08:13,0,WH705,XZCE,3170,3166,3195,1064,67719080,14344,14524,3354,3034,3194,3202,0,3195,0,0,0,2017-04-18,32893000,3170,1,0,0,0,0,0,0,0,0,3172,1,0,0,0,0,0,0,0,0
452,2017-04-18,09:08:14,0,WH705,XZCE,3170,3166,3195,1064,67719080,14344,14524,3354,3034,3194,3202,0,3195,0,0,0,2017-04-18,32894000,3169,4,0,0,0,0,0,0,0,0,3170,10,0,0,0,0,0,0,0,0
453,2017-04-18,09:08:15,0,WH705,XZCE,3169,3166,3195,1066,67845840,14344,14524,3354,3034,3194,3202,0,3195,0,0,0,2017-04-18,32895000,3169,3,0,0,0,0,0,0,0,0,3170,32,0,0,0,0,0,0,0,0
454,2017-04-18,09:08:15,0,WH705,XZCE,3169,3166,3195,1066,67845840,14344,14524,3354,3034,3194,3202,0,3195,0,0,0,2017-04-18,32895000,3169,4,0,0,0,0,0,0,0,0,3170,10,0,0,0,0,0,0,0,0
455,2017-04-18,09:08:16,0,WH705,XZCE,3169,3166,3195,1068,67972600,14344,14524,3354,3034,3194,3202,0,3195,0,0,0,2017-04-18,32896000,3169,3,0,0,0,0,0,0,0,0,3170,10,0,0,0,0,0,0,0,0
456,2017-04-18,09:08:17,0,WH705,XZCE,3170,3166,3195,1070,68099400,14342,14524,3354,3034,3194,3202,0,3195,0,0,0,2017-04-18,32897000,3169,4,0,0,0,0,0,0,0,0,3170,9,0,0,0,0,0,0,0,0
457,2017-04-18,09:08:17,0,WH705,XZCE,3169,3166,3195,1072,68226160,14342,14524,3354,3034,3194,3202,0,3195,0,0,0,2017-04-18,32897000,3169,3,0,0,0,0,0,0,0,0,3170,9,0,0,0,0,0,0,0,0
458,2017-04-18,09:08:18,0,WH705,XZCE,3170,3166,3195,1080,68733360,14334,14524,3354,3034,3194,3202,0,3195,0,0,0,2017-04-18,32898000,3169,3,0,0,0,0,0,0,0,0,3170,5,0,0,0,0,0,0,0,0
459,2017-04-18,09:08:19,0,WH705,XZCE,3169,3166,3195,1084,68986880,14334,14524,3354,3034,3194,3202,0,3195,0,0,0,2017-04-18,32899000,3169,2,0,0,0,0,0,0,0,0,3170,5,0,0,0,0,0,0,0,0
460,2017-04-18,09:08:20,0,WH705,XZCE,3172,3166,3195,1106,70382560,14346,14524,3354,3034,3194,3202,0,3195,0,0,0,2017-04-18,32900000,3169,2,0,0,0,0,0,0,0,0,3173,5,0,0,0,0,0,0,0,0
461,2017-04-18,09:08:20,0,WH705,XZCE,3172,3166,3195,1106,70382560,14346,14524,3354,3034,3194,3202,0,3195,0,0,0,2017-04-18,32900000,3170,1,0,0,0,0,0,0,0,0,3174,3,0,0,0,0,0,0,0,0
462,2017-04-18,09:08:21,0,WH705,XZCE,3172,3166,3195,1106,70382560,14346,14524,3354,3034,3194,3202,0,3195,0,0,0,2017-04-18,32901000,3170,1,0,0,0,0,0,0,0,0,3173,2,0,0,0,0,0,0,0,0
463,2017-04-18,09:08:22,0,WH705,XZCE,3172,3166,3195,1106,70382560,14346,14524,3354,3034,3194,3202,0,3195,0,0,0,2017-04-18,32902000,3171,1,0,0,0,0,0,0,0,0,3173,2,0,0,0,0,0,0,0,0
464,2017-04-18,09:08:23,0,WH705,XZCE,3173,3166,3195,1108,70509480,14346,14524,3354,3034,3194,3202,0,3195,0,0,0,2017-04-18,32903000,3171,1,0,0,0,0,0,0,0,0,3173,1,0,0,0,0,0,0,0,0
465,2017-04-18,09:08:25,0,WH705,XZCE,3171,3166,3195,1110,70636320,14348,14524,3354,3034,3194,3202,0,3195,0,0,0,2017-04-18,32905000,3170,2,0,0,0,0,0,0,0,0,3173,1,0,0,0,0,0,0,0,0
466,2017-04-18,09:08:25,0,WH705,XZCE,3171,3166,3195,1110,70636320,14348,14524,3354,3034,3194,3202,0,3195,0,0,0,2017-04-18,32905000,3170,2,0,0,0,0,0,0,0,0,3173,12,0,0,0,0,0,0,0,0
467,2017-04-18,09:08:26,0,WH705,XZCE,3171,3166,3195,1110,70636320,14348,14524,3354,3034,3194,3202,0,3195,0,0,0,2017-04-18,32906000,3170,2,0,0,0,0,0,0,0,0,3172,2,0,0,0,0,0,0,0,0
468,2017-04-18,09:08:27,0,WH705,XZCE,3171,3166,3195,1110,70636320,14348,14524,3354,3034,3194,3202,0,3195,0,0,0,2017-04-18,32907000,3170,2,0,0,0,0,0,0,0,0,3172,1,0,0,0,0,0,0,0,0
469,2017-04-18,09:08:27,0,WH705,XZCE,3171,3166,3195,1110,70636320,14348,14524,3354,3034,3194,3202,0,3195,0,0,0,2017-04-18,32907000,3170,2,0,0,0,0,0,0,0,0,3171,17,0,0,0,0,0,0,0,0
470,2017-04-18,09:08:28,0,WH705,XZCE,3171,3166,3195,1114,70890000,14346,14524,3354,3034,3194,3202,0,3195,0,0,0,2017-04-18,32908000,3170,1,0,0,0,0,0,0,0,0,3171,16,0,0,0,0,0,0,0,0
471,2017-04-18,09:08:29,0,WH705,XZCE,3170,3166,3195,1116,71016800,14344,14524,3354,3034,3194,3202,0,3195,0,0,0,2017-04-18,32909000,3169,3,0,0,0,0,0,0,0,0,3171,16,0,0,0,0,0,0,0,0
472,2017-04-18,09:08:30,0,WH705,XZCE,3170,3166,3195,1116,71016800,14344,14524,3354,3034,3194,3202,0,3195,0,0,0,2017-04-18,32910000,3169,3,0,0,0,0,0,0,0,0,3170,20,0,0,0,0,0,0,0,0
473,2017-04-18,09:08:31,0,WH705,XZCE,3170,3166,3195,1118,71143600,14344,14524,3354,3034,3194,3202,0,3195,0,0,0,2017-04-18,32911000,3169,3,0,0,0,0,0,0,0,0,3170,19,0,0,0,0,0,0,0,0
474,2017-04-18,09:08:31,0,WH705,XZCE,3169,3166,3195,1120,71270360,14344,14524,3354,3034,3194,3202,0,3195,0,0,0,2017-04-18,32911000,3169,2,0,0,0,0,0,0,0,0,3170,19,0,0,0,0,0,0,0,0
475,2017-04-18,09:08:32,0,WH705,XZCE,3170,3166,3195,1124,71523960,14340,14524,3354,3034,3194,3202,0,3195,0,0,0,2017-04-18,32912000,3169,2,0,0,0,0,0,0,0,0,3170,17,0,0,0,0,0,0,0,0
476,2017-04-18,09:08:32,0,WH705,XZCE,3169,3166,3195,1126,71650720,14340,14524,3354,3034,3194,3202,0,3195,0,0,0,2017-04-18,32912000,3169,1,0,0,0,0,0,0,0,0,3170,17,0,0,0,0,0,0,0,0
477,2017-04-18,09:08:33,0,WH705,XZCE,3169,3166,3195,1126,71650720,14340,14524,3354,3034,3194,3202,0,3195,0,0,0,2017-04-18,32913000,3169,1,0,0,0,0,0,0,0,0,3170,18,0,0,0,0,0,0,0,0
478,2017-04-18,09:08:34,0,WH705,XZCE,3169,3166,3195,1126,71650720,14340,14524,3354,3034,3194,3202,0,3195,0,0,0,2017-04-18,32914000,3169,1,0,0,0,0,0,0,0,0,3170,29,0,0,0,0,0,0,0,0
479,2017-04-18,09:08:35,0,WH705,XZCE,3169,3166,3195,1126,71650720,14340,14524,3354,3034,3194,3202,0,3195,0,0,0,2017-04-18,32915000,3169,1,0,0,0,0,0,0,0,0,3170,18,0,0,0,0,0,0,0,0
480,2017-04-18,09:08:35,0,WH705,XZCE,3170,3166,3195,1130,71904320,14336,14524,3354,3034,3194,3202,0,3195,0,0,0,2017-04-18,32915000,3169,2,0,0,0,0,0,0,0,0,3170,16,0,0,0,0,0,0,0,0
481,2017-04-18,09:08:35,0,WH705,XZCE,3170,3166,3195,1132,72031120,14334,14524,3354,3034,3194,3202,0,3195,0,0,0,2017-04-18,32915000,3169,2,0,0,0,0,0,0,0,0,3170,15,0,0,0,0,0,0,0,0
482,2017-04-18,09:08:37,0,WH705,XZCE,3170,3166,3195,1136,72284720,14330,14524,3354,3034,3194,3202,0,3195,0,0,0,2017-04-18,32917000,3169,2,0,0,0,0,0,0,0,0,3170,13,0,0,0,0,0,0,0,0
483,2017-04-18,09:08:37,0,WH705,XZCE,3170,3166,3195,1138,72411520,14328,14524,3354,3034,3194,3202,0,3195,0,0,0,2017-04-18,32917000,3169,2,0,0,0,0,0,0,0,0,3170,12,0,0,0,0,0,0,0,0
484,2017-04-18,09:08:38,0,WH705,XZCE,3170,3166,3195,1150,73172320,14318,14524,3354,3034,3194,3202,0,3195,0,0,0,2017-04-18,32918000,3169,3,0,0,0,0,0,0,0,0,3170,7,0,0,0,0,0,0,0,0
485,2017-04-18,09:08:38,0,WH705,XZCE,3170,3166,3195,1154,73425920,14318,14524,3354,3034,3194,3202,0,3195,0,0,0,2017-04-18,32918000,3169,3,0,0,0,0,0,0,0,0,3170,5,0,0,0,0,0,0,0,0
486,2017-04-18,09:08:39,0,WH705,XZCE,3170,3166,3195,1156,73552720,14316,14524,3354,3034,3194,3202,0,3195,0,0,0,2017-04-18,32919000,3169,3,0,0,0,0,0,0,0,0,3170,4,0,0,0,0,0,0,0,0
487,2017-04-18,09:08:40,0,WH705,XZCE,3170,3166,3195,1162,73933120,14314,14524,3354,3034,3194,3202,0,3195,0,0,0,2017-04-18,32920000,3169,3,0,0,0,0,0,0,0,0,3170,1,0,0,0,0,0,0,0,0
488,2017-04-18,09:08:42,0,WH705,XZCE,3170,3166,3195,1162,73933120,14314,14524,3354,3034,3194,3202,0,3195,0,0,0,2017-04-18,32922000,3169,3,0,0,0,0,0,0,0,0,3170,2,0,0,0,0,0,0,0,0
489,2017-04-18,09:08:43,0,WH705,XZCE,3170,3166,3195,1166,74186720,14318,14524,3354,3034,3194,3202,0,3195,0,0,0,2017-04-18,32923000,3170,9,0,0,0,0,0,0,0,0,3171,1,0,0,0,0,0,0,0,0
490,2017-04-18,09:08:44,0,WH705,XZCE,3170,3166,3195,1166,74186720,14318,14524,3354,3034,3194,3202,0,3195,0,0,0,2017-04-18,32924000,3170,10,0,0,0,0,0,0,0,0,3171,1,0,0,0,0,0,0,0,0
491,2017-04-18,09:08:45,0,WH705,XZCE,3171,3166,3195,1168,74313560,14318,14524,3354,3034,3194,3202,0,3195,0,0,0,2017-04-18,32925000,3170,10,0,0,0,0,0,0,0,0,3172,1,0,0,0,0,0,0,0,0
492,2017-04-18,09:08:46,0,WH705,XZCE,3172,3166,3195,1170,74440440,14318,14524,3354,3034,3194,3202,0,3195,0,0,0,2017-04-18,32926000,3172,4,0,0,0,0,0,0,0,0,3173,1,0,0,0,0,0,0,0,0
493,2017-04-18,09:08:46,0,WH705,XZCE,3172,3166,3195,1170,74440440,14318,14524,3354,3034,3194,3202,0,3195,0,0,0,2017-04-18,32926000,3172,4,0,0,0,0,0,0,0,0,3174,7,0,0,0,0,0,0,0,0
494,2017-04-18,09:08:47,0,WH705,XZCE,3172,3166,3195,1170,74440440,14318,14524,3354,3034,3194,3202,0,3195,0,0,0,2017-04-18,32927000,3172,4,0,0,0,0,0,0,0,0,3173,1,0,0,0,0,0,0,0,0
495,2017-04-18,09:08:51,0,WH705,XZCE,3172,3166,3195,1170,74440440,14318,14524,3354,3034,3194,3202,0,3195,0,0,0,2017-04-18,32931000,3172,4,0,0,0,0,0,0,0,0,3174,6,0,0,0,0,0,0,0,0
496,2017-04-18,09:08:53,0,WH705,XZCE,3172,3166,3195,1170,74440440,14318,14524,3354,3034,3194,3202,0,3195,0,0,0,2017-04-18,32933000,3172,4,0,0,0,0,0,0,0,0,3173,1,0,0,0,0,0,0,0,0
497,2017-04-18,09:08:53,0,WH705,XZCE,3172,3166,3195,1178,74947960,14318,14524,3354,3034,3194,3202,0,3195,0,0,0,2017-04-18,32933000,3171,1,0,0,0,0,0,0,0,0,3172,12,0,0,0,0,0,0,0,0
498,2017-04-18,09:08:54,0,WH705,XZCE,3171,3166,3195,1180,75074800,14316,14524,3354,3034,3194,3202,0,3195,0,0,0,2017-04-18,32934000,3170,9,0,0,0,0,0,0,0,0,3171,1,0,0,0,0,0,0,0,0
499,2017-04-18,09:08:54,0,WH705,XZCE,3171,3166,3195,1180,75074800,14316,14524,3354,3034,3194,3202,0,3195,0,0,0,2017-04-18,32934000,3170,9,0,0,0,0,0,0,0,0,3171,2,0,0,0,0,0,0,0,0
500,2017-04-18,09:08:56,0,WH705,XZCE,3171,3166,3195,1182,75201640,14314,14524,3354,3034,3194,3202,0,3195,0,0,0,2017-04-18,32936000,3170,9,0,0,0,0,0,0,0,0,3171,1,0,0,0,0,0,0,0,0
501,2017-04-18,09:08:56,0,WH705,XZCE,3171,3166,3195,1182,75201640,14314,14524,3354,3034,3194,3202,0,3195,0,0,0,2017-04-18,32936000,3170,9,0,0,0,0,0,0,0,0,3171,6,0,0,0,0,0,0,0,0
502,2017-04-18,09:08:57,0,WH705,XZCE,3170,3166,3195,1188,75582040,14316,14524,3354,3034,3194,3202,0,3195,0,0,0,2017-04-18,32937000,3170,8,0,0,0,0,0,0,0,0,3171,4,0,0,0,0,0,0,0,0
503,2017-04-18,09:08:58,0,WH705,XZCE,3170,3166,3195,1188,75582040,14316,14524,3354,3034,3194,3202,0,3195,0,0,0,2017-04-18,32938000,3170,8,0,0,0,0,0,0,0,0,3171,5,0,0,0,0,0,0,0,0
504,2017-04-18,09:08:59,0,WH705,XZCE,3171,3166,3195,1194,75962560,14316,14524,3354,3034,3194,3202,0,3195,0,0,0,2017-04-18,32939000,3170,8,0,0,0,0,0,0,0,0,3171,2,0,0,0,0,0,0,0,0
505,2017-04-18,09:09:01,0,WH705,XZCE,3170,3166,3195,1198,76216160,14316,14524,3354,3034,3194,3202,0,3195,0,0,0,2017-04-18,32941000,3170,6,0,0,0,0,0,0,0,0,3171,2,0,0,0,0,0,0,0,0
506,2017-04-18,09:09:03,0,WH705,XZCE,3171,3166,3195,1200,76343000,14318,14524,3354,3034,3194,3202,0,3195,0,0,0,2017-04-18,32943000,3170,6,0,0,0,0,0,0,0,0,3171,1,0,0,0,0,0,0,0,0
507,2017-04-18,09:09:03,0,WH705,XZCE,3170,3166,3195,1204,76596600,14318,14524,3354,3034,3194,3202,0,3195,0,0,0,2017-04-18,32943000,3170,4,0,0,0,0,0,0,0,0,3171,1,0,0,0,0,0,0,0,0
508,2017-04-18,09:09:04,0,WH705,XZCE,3170,3166,3195,1206,76723400,14320,14524,3354,3034,3194,3202,0,3195,0,0,0,2017-04-18,32944000,3170,3,0,0,0,0,0,0,0,0,3171,1,0,0,0,0,0,0,0,0
509,2017-04-18,09:09:05,0,WH705,XZCE,3168,3166,3195,1214,77230280,14318,14524,3354,3034,3194,3202,0,3195,0,0,0,2017-04-18,32945000,3166,2,0,0,0,0,0,0,0,0,3170,17,0,0,0,0,0,0,0,0
510,2017-04-18,09:09:05,0,WH705,XZCE,3170,3166,3195,1216,77357080,14316,14524,3354,3034,3194,3202,0,3195,0,0,0,2017-04-18,32945000,3166,2,0,0,0,0,0,0,0,0,3169,1,0,0,0,0,0,0,0,0
511,2017-04-18,09:09:05,0,WH705,XZCE,3170,3166,3195,1218,77483880,14314,14524,3354,3034,3194,3202,0,3195,0,0,0,2017-04-18,32945000,3166,2,0,0,0,0,0,0,0,0,3170,17,0,0,0,0,0,0,0,0
512,2017-04-18,09:09:06,0,WH705,XZCE,3170,3166,3195,1218,77483880,14314,14524,3354,3034,3194,3202,0,3195,0,0,0,2017-04-18,32946000,3166,2,0,0,0,0,0,0,0,0,3168,1,0,0,0,0,0,0,0,0
513,2017-04-18,09:09:07,0,WH705,XZCE,3170,3166,3195,1218,77483880,14314,14524,3354,3034,3194,3202,0,3195,0,0,0,2017-04-18,32947000,3166,2,0,0,0,0,0,0,0,0,3170,17,0,0,0,0,0,0,0,0
514,2017-04-18,09:09:08,0,WH705,XZCE,3170,3166,3195,1218,77483880,14314,14524,3354,3034,3194,3202,0,3195,0,0,0,2017-04-18,32948000,3166,2,0,0,0,0,0,0,0,0,3169,3,0,0,0,0,0,0,0,0
515,2017-04-18,09:09:08,0,WH705,XZCE,3170,3166,3195,1218,77483880,14314,14524,3354,3034,3194,3202,0,3195,0,0,0,2017-04-18,32948000,3167,1,0,0,0,0,0,0,0,0,3168,2,0,0,0,0,0,0,0,0
516,2017-04-18,09:09:08,0,WH705,XZCE,3170,3166,3195,1218,77483880,14314,14524,3354,3034,3194,3202,0,3195,0,0,0,2017-04-18,32948000,3167,1,0,0,0,0,0,0,0,0,3169,4,0,0,0,0,0,0,0,0
517,2017-04-18,09:09:09,0,WH705,XZCE,3167,3166,3195,1220,77610560,14316,14524,3354,3034,3194,3202,0,3195,0,0,0,2017-04-18,32949000,3166,2,0,0,0,0,0,0,0,0,3168,1,0,0,0,0,0,0,0,0
518,2017-04-18,09:09:10,0,WH705,XZCE,3169,3166,3195,1226,77990840,14314,14524,3354,3034,3194,3202,0,3195,0,0,0,2017-04-18,32950000,3168,3,0,0,0,0,0,0,0,0,3169,2,0,0,0,0,0,0,0,0
519,2017-04-18,09:09:10,0,WH705,XZCE,3166,3166,3195,1236,78624040,14314,14524,3354,3034,3194,3202,0,3195,0,0,0,2017-04-18,32950000,3166,1,0,0,0,0,0,0,0,0,3170,18,0,0,0,0,0,0,0,0
520,2017-04-18,09:09:11,0,WH705,XZCE,3166,3166,3195,1238,78750680,14316,14524,3354,3034,3194,3202,0,3195,0,0,0,2017-04-18,32951000,3165,5,0,0,0,0,0,0,0,0,3166,1,0,0,0,0,0,0,0,0
521,2017-04-18,09:09:12,0,WH705,XZCE,3166,3166,3195,1240,78877320,14316,14524,3354,3034,3194,3202,0,3195,0,0,0,2017-04-18,32952000,3165,5,0,0,0,0,0,0,0,0,3168,3,0,0,0,0,0,0,0,0
522,2017-04-18,09:09:12,0,WH705,XZCE,3165,3165,3195,1242,79003920,14316,14524,3354,3034,3194,3202,0,3195,0,0,0,2017-04-18,32952000,3165,4,0,0,0,0,0,0,0,0,3168,3,0,0,0,0,0,0,0,0
523,2017-04-18,09:09:13,0,WH705,XZCE,3167,3165,3195,1252,79637320,14316,14524,3354,3034,3194,3202,0,3195,0,0,0,2017-04-18,32953000,3165,3,0,0,0,0,0,0,0,0,3168,35,0,0,0,0,0,0,0,0
524,2017-04-18,09:09:13,0,WH705,XZCE,3167,3165,3195,1252,79637320,14316,14524,3354,3034,3194,3202,0,3195,0,0,0,2017-04-18,32953000,3165,3,0,0,0,0,0,0,0,0,3166,1,0,0,0,0,0,0,0,0
525,2017-04-18,09:09:16,0,WH705,XZCE,3165,3165,3195,1254,79763920,14316,14524,3354,3034,3194,3202,0,3195,0,0,0,2017-04-18,32956000,3165,2,0,0,0,0,0,0,0,0,3166,1,0,0,0,0,0,0,0,0
526,2017-04-18,09:09:16,0,WH705,XZCE,3165,3165,3195,1254,79763920,14316,14524,3354,3034,3194,3202,0,3195,0,0,0,2017-04-18,32956000,3165,2,0,0,0,0,0,0,0,0,3166,2,0,0,0,0,0,0,0,0
527,2017-04-18,09:09:17,0,WH705,XZCE,3165,3165,3195,1256,79890520,14316,14524,3354,3034,3194,3202,0,3195,0,0,0,2017-04-18,32957000,3165,1,0,0,0,0,0,0,0,0,3166,2,0,0,0,0,0,0,0,0
528,2017-04-18,09:09:18,0,WH705,XZCE,3165,3165,3195,1258,80017120,14316,14524,3354,3034,3194,3202,0,3195,0,0,0,2017-04-18,32958000,3164,5,0,0,0,0,0,0,0,0,3166,9,0,0,0,0,0,0,0,0
529,2017-04-18,09:09:19,0,WH705,XZCE,3165,3165,3195,1258,80017120,14316,14524,3354,3034,3194,3202,0,3195,0,0,0,2017-04-18,32959000,3164,5,0,0,0,0,0,0,0,0,3165,1,0,0,0,0,0,0,0,0
530,2017-04-18,09:09:19,0,WH705,XZCE,3166,3165,3195,1264,80397040,14316,14524,3354,3034,3194,3202,0,3195,0,0,0,2017-04-18,32959000,3166,4,0,0,0,0,0,0,0,0,3168,3,0,0,0,0,0,0,0,0
531,2017-04-18,09:09:20,0,WH705,XZCE,3166,3165,3195,1266,80523680,14314,14524,3354,3034,3194,3202,0,3195,0,0,0,2017-04-18,32960000,3166,3,0,0,0,0,0,0,0,0,3168,15,0,0,0,0,0,0,0,0
532,2017-04-18,09:09:20,0,WH705,XZCE,3166,3165,3195,1266,80523680,14314,14524,3354,3034,3194,3202,0,3195,0,0,0,2017-04-18,32960000,3166,3,0,0,0,0,0,0,0,0,3168,2,0,0,0,0,0,0,0,0
533,2017-04-18,09:09:22,0,WH705,XZCE,3166,3165,3195,1270,80776960,14312,14524,3354,3034,3194,3202,0,3195,0,0,0,2017-04-18,32962000,3166,2,0,0,0,0,0,0,0,0,3168,1,0,0,0,0,0,0,0,0
534,2017-04-18,09:09:23,0,WH705,XZCE,3168,3165,3195,1272,80903680,14312,14524,3354,3034,3194,3202,0,3195,0,0,0,2017-04-18,32963000,3168,1,0,0,0,0,0,0,0,0,3169,1,0,0,0,0,0,0,0,0
535,2017-04-18,09:09:24,0,WH705,XZCE,3168,3165,3195,1272,80903680,14312,14524,3354,3034,3194,3202,0,3195,0,0,0,2017-04-18,32964000,3167,1,0,0,0,0,0,0,0,0,3169,1,0,0,0,0,0,0,0,0
536,2017-04-18,09:09:24,0,WH705,XZCE,3167,3165,3195,1274,81030360,14314,14524,3354,3034,3194,3202,0,3195,0,0,0,2017-04-18,32964000,3167,2,0,0,0,0,0,0,0,0,3169,1,0,0,0,0,0,0,0,0
537,2017-04-18,09:09:24,0,WH705,XZCE,3167,3165,3195,1274,81030360,14314,14524,3354,3034,3194,3202,0,3195,0,0,0,2017-04-18,32964000,3167,2,0,0,0,0,0,0,0,0,3169,2,0,0,0,0,0,0,0,0
538,2017-04-18,09:09:26,0,WH705,XZCE,3169,3165,3195,1276,81157120,14314,14524,3354,3034,3194,3202,0,3195,0,0,0,2017-04-18,32966000,3168,2,0,0,0,0,0,0,0,0,3169,1,0,0,0,0,0,0,0,0
539,2017-04-18,09:09:27,0,WH705,XZCE,3169,3165,3195,1276,81157120,14314,14524,3354,3034,3194,3202,0,3195,0,0,0,2017-04-18,32967000,3168,2,0,0,0,0,0,0,0,0,3170,17,0,0,0,0,0,0,0,0
540,2017-04-18,09:09:27,0,WH705,XZCE,3168,3165,3195,1280,81410560,14314,14524,3354,3034,3194,3202,0,3195,0,0,0,2017-04-18,32967000,3167,3,0,0,0,0,0,0,0,0,3168,1,0,0,0,0,0,0,0,0
541,2017-04-18,09:09:30,0,WH705,XZCE,3168,3165,3195,1280,81410560,14314,14524,3354,3034,3194,3202,0,3195,0,0,0,2017-04-18,32970000,3167,13,0,0,0,0,0,0,0,0,3168,1,0,0,0,0,0,0,0,0
542,2017-04-18,09:09:30,0,WH705,XZCE,3168,3165,3195,1282,81537280,14316,14524,3354,3034,3194,3202,0,3195,0,0,0,2017-04-18,32970000,3167,11,0,0,0,0,0,0,0,0,3169,22,0,0,0,0,0,0,0,0
543,2017-04-18,09:09:30,0,WH705,XZCE,3168,3165,3195,1282,81537280,14316,14524,3354,3034,3194,3202,0,3195,0,0,0,2017-04-18,32970000,3167,11,0,0,0,0,0,0,0,0,3170,17,0,0,0,0,0,0,0,0
544,2017-04-18,09:09:32,0,WH705,XZCE,3168,3165,3195,1282,81537280,14316,14524,3354,3034,3194,3202,0,3195,0,0,0,2017-04-18,32972000,3167,11,0,0,0,0,0,0,0,0,3169,2,0,0,0,0,0,0,0,0
545,2017-04-18,09:09:32,0,WH705,XZCE,3167,3165,3195,1284,81663960,14318,14524,3354,3034,3194,3202,0,3195,0,0,0,2017-04-18,32972000,3168,1,0,0,0,0,0,0,0,0,3169,2,0,0,0,0,0,0,0,0
546,2017-04-18,09:09:32,0,WH705,XZCE,3169,3165,3195,1286,81790720,14316,14524,3354,3034,3194,3202,0,3195,0,0,0,2017-04-18,32972000,3168,1,0,0,0,0,0,0,0,0,3169,1,0,0,0,0,0,0,0,0
547,2017-04-18,09:09:33,0,WH705,XZCE,3168,3165,3195,1288,81917440,14316,14524,3354,3034,3194,3202,0,3195,0,0,0,2017-04-18,32973000,3167,10,0,0,0,0,0,0,0,0,3169,1,0,0,0,0,0,0,0,0
548,2017-04-18,09:09:33,0,WH705,XZCE,3168,3165,3195,1288,81917440,14316,14524,3354,3034,3194,3202,0,3195,0,0,0,2017-04-18,32973000,3168,4,0,0,0,0,0,0,0,0,3169,1,0,0,0,0,0,0,0,0
549,2017-04-18,09:09:34,0,WH705,XZCE,3169,3165,3195,1294,82297720,14318,14524,3354,3034,3194,3202,0,3195,0,0,0,2017-04-18,32974000,3169,1,0,0,0,0,0,0,0,0,3170,18,0,0,0,0,0,0,0,0
550,2017-04-18,09:09:35,0,WH705,XZCE,3169,3165,3195,1294,82297720,14318,14524,3354,3034,3194,3202,0,3195,0,0,0,2017-04-18,32975000,3169,2,0,0,0,0,0,0,0,0,3170,18,0,0,0,0,0,0,0,0
551,2017-04-18,09:09:35,0,WH705,XZCE,3169,3165,3195,1294,82297720,14318,14524,3354,3034,3194,3202,0,3195,0,0,0,2017-04-18,32975000,3169,1,0,0,0,0,0,0,0,0,3170,18,0,0,0,0,0,0,0,0
552,2017-04-18,09:09:36,0,WH705,XZCE,3169,3165,3195,1296,82424480,14318,14524,3354,3034,3194,3202,0,3195,0,0,0,2017-04-18,32976000,3168,2,0,0,0,0,0,0,0,0,3170,18,0,0,0,0,0,0,0,0
553,2017-04-18,09:09:36,0,WH705,XZCE,3169,3165,3195,1296,82424480,14318,14524,3354,3034,3194,3202,0,3195,0,0,0,2017-04-18,32976000,3168,2,0,0,0,0,0,0,0,0,3169,1,0,0,0,0,0,0,0,0
554,2017-04-18,09:09:36,0,WH705,XZCE,3168,3165,3195,1298,82551200,14318,14524,3354,3034,3194,3202,0,3195,0,0,0,2017-04-18,32976000,3168,1,0,0,0,0,0,0,0,0,3169,1,0,0,0,0,0,0,0,0
555,2017-04-18,09:09:37,0,WH705,XZCE,3167,3165,3195,1324,84198040,14316,14524,3354,3034,3194,3202,0,3195,0,0,0,2017-04-18,32977000,3164,5,0,0,0,0,0,0,0,0,3170,18,0,0,0,0,0,0,0,0
556,2017-04-18,09:09:38,0,WH705,XZCE,3167,3165,3195,1324,84198040,14316,14524,3354,3034,3194,3202,0,3195,0,0,0,2017-04-18,32978000,3165,1,0,0,0,0,0,0,0,0,3170,18,0,0,0,0,0,0,0,0
557,2017-04-18,09:09:38,0,WH705,XZCE,3167,3165,3195,1324,84198040,14316,14524,3354,3034,3194,3202,0,3195,0,0,0,2017-04-18,32978000,3165,1,0,0,0,0,0,0,0,0,3169,3,0,0,0,0,0,0,0,0
558,2017-04-18,09:09:39,0,WH705,XZCE,3165,3165,3195,1326,84324640,14318,14524,3354,3034,3194,3202,0,3195,0,0,0,2017-04-18,32979000,3165,1,0,0,0,0,0,0,0,0,3169,3,0,0,0,0,0,0,0,0
559,2017-04-18,09:09:39,0,WH705,XZCE,3165,3165,3195,1326,84324640,14318,14524,3354,3034,3194,3202,0,3195,0,0,0,2017-04-18,32979000,3165,1,0,0,0,0,0,0,0,0,3167,1,0,0,0,0,0,0,0,0
560,2017-04-18,09:09:40,0,WH705,XZCE,3165,3165,3195,1326,84324640,14318,14524,3354,3034,3194,3202,0,3195,0,0,0,2017-04-18,32980000,3165,1,0,0,0,0,0,0,0,0,3169,6,0,0,0,0,0,0,0,0
561,2017-04-18,09:09:40,0,WH705,XZCE,3165,3165,3195,1326,84324640,14318,14524,3354,3034,3194,3202,0,3195,0,0,0,2017-04-18,32980000,3165,1,0,0,0,0,0,0,0,0,3168,2,0,0,0,0,0,0,0,0
562,2017-04-18,09:09:41,0,WH705,XZCE,3168,3165,3195,1328,84451360,14318,14524,3354,3034,3194,3202,0,3195,0,0,0,2017-04-18,32981000,3165,1,0,0,0,0,0,0,0,0,3167,1,0,0,0,0,0,0,0,0
563,2017-04-18,09:09:42,0,WH705,XZCE,3167,3165,3195,1330,84578040,14320,14524,3354,3034,3194,3202,0,3195,0,0,0,2017-04-18,32982000,3165,1,0,0,0,0,0,0,0,0,3168,1,0,0,0,0,0,0,0,0
564,2017-04-18,09:09:42,0,WH705,XZCE,3167,3165,3195,1330,84578040,14320,14524,3354,3034,3194,3202,0,3195,0,0,0,2017-04-18,32982000,3165,1,0,0,0,0,0,0,0,0,3168,2,0,0,0,0,0,0,0,0
