,dataDate,dataTime,dataMillisec,instrumentID,exchangeCD,lastPrice,lowPrice,highPrice,volume,value,openInterest,preOpenInterest,upperLimitPrice,lowerLimitPrice,preSettlementPrice,prevClosePrice,settlementPrice,openPrice,closePrice,preDelta,currDelta,clearingDay,milliSecOffset,bidPrice1,bidVolume1,bidPrice2,bidVolume2,bidPrice3,bidVolume3,bidPrice4,bidVolume4,bidPrice5,bidVolume5,askPrice1,askVolume1,askPrice2,askVolume2,askPrice3,askVolume3,askPrice4,askVolume4,askPrice5,askVolume5
0,2017-04-17,19:32:02,0,ZC705,XZCE,622.4,0.0,0.0,0,0.0,226988,226988,664,588.8,626.4,622.4,0.0,0.0,0.0,0,0,2017-04-18,70322000,0.0,0,0,0,0,0,0,0,0,0,0.0,0,0,0,0,0,0,0,0,0
1,2017-04-17,19:32:02,0,ZC705,XZCE,622.4,0.0,0.0,0,0.0,226988,226988,664,588.8,626.4,622.4,0.0,664.0,0.0,0,0,2017-04-18,70322000,0.0,0,0,0,0,0,0,0,0,0,0.0,0,0,0,0,0,0,0,0,0
2,2017-04-17,19:32:02,0,ZC705,XZCE,622.4,0.0,0.0,0,0.0,226988,226988,664,588.8,626.4,622.4,0.0,628.8,0.0,0,0,2017-04-18,70322000,0.0,0,0,0,0,0,0,0,0,0,0.0,0,0,0,0,0,0,0,0,0
3,2017-04-17,19:32:02,0,ZC705,XZCE,622.4,0.0,0.0,0,0.0,226988,226988,664,588.8,626.4,622.4,0.0,626.4,0.0,0,0,2017-04-18,70322000,0.0,0,0,0,0,0,0,0,0,0,0.0,0,0,0,0,0,0,0,0,0
4,2017-04-17,19:32:02,0,ZC705,XZCE,622.4,0.0,0.0,0,0.0,226988,226988,664,588.8,626.4,622.4,0.0,624.8,0.0,0,0,2017-04-18,70322000,0.0,0,0,0,0,0,0,0,0,0,0.0,0,0,0,0,0,0,0,0,0
5,2017-04-17,19:32:02,0,ZC705,XZCE,622.4,0.0,0.0,0,0.0,226988,226988,664,588.8,626.4,622.4,0.0,624.6,0.0,0,0,2017-04-18,70322000,0.0,0,0,0,0,0,0,0,0,0,0.0,0,0,0,0,0,0,0,0,0
6,2017-04-17,19:32:02,0,ZC705,XZCE,622.4,0.0,0.0,0,0.0,226988,226988,664,588.8,626.4,622.4,0.0,622.6,0.0,0,0,2017-04-18,70322000,0.0,0,0,0,0,0,0,0,0,0,0.0,0,0,0,0,0,0,0,0,0
7,2017-04-17,19:32:02,0,ZC705,XZCE,622.4,0.0,0.0,0,0.0,226988,226988,664,588.8,626.4,622.4,0.0,624.6,0.0,0,0,2017-04-18,70322000,0.0,0,0,0,0,0,0,0,0,0,0.0,0,0,0,0,0,0,0,0,0
8,2017-04-17,19:32:02,0,ZC705,XZCE,622.4,0.0,0.0,0,0.0,226988,226988,664,588.8,626.4,622.4,0.0,624.0,0.0,0,0,2017-04-18,70322000,0.0,0,0,0,0,0,0,0,0,0,0.0,0,0,0,0,0,0,0,0,0
9,2017-04-17,19:32:02,0,ZC705,XZCE,622.4,0.0,0.0,0,0.0,226988,226988,664,588.8,626.4,622.4,0.0,623.0,0.0,0,0,2017-04-18,70322000,0.0,0,0,0,0,0,0,0,0,0,0.0,0,0,0,0,0,0,0,0,0
10,2017-04-17,20:59:00,0,ZC705,XZCE,623.0,623.0,623.0,140,8722000.0,226872,226988,664,588.8,626.4,622.4,0.0,623.0,0.0,0,0,2017-04-18,75540000,622.8,1,0,0,0,0,0,0,0,0,623.0,50,0,0,0,0,0,0,0,0
11,2017-04-17,21:00:00,0,ZC705,XZCE,622.8,622.4,623.0,150,9344800.0,226876,226988,664,588.8,626.4,622.4,0.0,623.0,0.0,0,0,2017-04-18,75600000,622.0,15,0,0,0,0,0,0,0,0,622.8,3,0,0,0,0,0,0,0,0
12,2017-04-17,21:00:00,0,ZC705,XZCE,621.4,621.4,623.0,204,12700360.0,226878,226988,664,588.8,626.4,622.4,0.0,623.0,0.0,0,0,2017-04-18,75600000,621.4,1,0,0,0,0,0,0,0,0,621.6,6,0,0,0,0,0,0,0,0
13,2017-04-17,21:00:01,0,ZC705,XZCE,621.8,621.0,623.0,230,14317040.0,226866,226988,664,588.8,626.4,622.4,0.0,623.0,0.0,0,0,2017-04-18,75601000,621.0,59,0,0,0,0,0,0,0,0,621.2,1,0,0,0,0,0,0,0,0
14,2017-04-17,21:00:01,0,ZC705,XZCE,621.2,621.0,623.0,310,19286640.0,226914,226988,664,588.8,626.4,622.4,0.0,623.0,0.0,0,0,2017-04-18,75601000,621.2,2,0,0,0,0,0,0,0,0,621.8,13,0,0,0,0,0,0,0,0
15,2017-04-17,21:00:02,0,ZC705,XZCE,620.6,620.6,623.0,382,23754960.0,226960,226988,664,588.8,626.4,622.4,0.0,623.0,0.0,0,0,2017-04-18,75602000,620.8,3,0,0,0,0,0,0,0,0,621.6,11,0,0,0,0,0,0,0,0
16,2017-04-17,21:00:02,0,ZC705,XZCE,620.4,620.2,623.0,444,27601440.0,226928,226988,664,588.8,626.4,622.4,0.0,623.0,0.0,0,0,2017-04-18,75602000,620.2,64,0,0,0,0,0,0,0,0,620.4,2,0,0,0,0,0,0,0,0
17,2017-04-17,21:00:03,0,ZC705,XZCE,620.8,620.0,623.0,644,40017440.0,227028,226988,664,588.8,626.4,622.4,0.0,623.0,0.0,0,0,2017-04-18,75603000,620.0,21,0,0,0,0,0,0,0,0,621.2,8,0,0,0,0,0,0,0,0
18,2017-04-17,21:00:03,0,ZC705,XZCE,620.6,620.0,623.0,684,42499840.0,227022,226988,664,588.8,626.4,622.4,0.0,623.0,0.0,0,0,2017-04-18,75603000,620.0,14,0,0,0,0,0,0,0,0,620.6,9,0,0,0,0,0,0,0,0
19,2017-04-17,21:00:04,0,ZC705,XZCE,620.0,620.0,623.0,686,42623840.0,227024,226988,664,588.8,626.4,622.4,0.0,623.0,0.0,0,0,2017-04-18,75604000,620.0,13,0,0,0,0,0,0,0,0,620.6,15,0,0,0,0,0,0,0,0
20,2017-04-17,21:00:04,0,ZC705,XZCE,622.0,620.0,623.0,750,46604640.0,226984,226988,664,588.8,626.4,622.4,0.0,623.0,0.0,0,0,2017-04-18,75604000,620.6,2,0,0,0,0,0,0,0,0,621.2,3,0,0,0,0,0,0,0,0
21,2017-04-17,21:00:05,0,ZC705,XZCE,620.0,620.0,623.0,784,48712640.0,226982,226988,664,588.8,626.4,622.4,0.0,623.0,0.0,0,0,2017-04-18,75605000,619.8,6,0,0,0,0,0,0,0,0,621.8,5,0,0,0,0,0,0,0,0
22,2017-04-17,21:00:05,0,ZC705,XZCE,621.0,620.0,623.0,842,52314440.0,226950,226988,664,588.8,626.4,622.4,0.0,623.0,0.0,0,0,2017-04-18,75605000,621.2,1,0,0,0,0,0,0,0,0,622.0,17,0,0,0,0,0,0,0,0
23,2017-04-17,21:00:06,0,ZC705,XZCE,621.0,620.0,623.0,910,56537240.0,226964,226988,664,588.8,626.4,622.4,0.0,623.0,0.0,0,0,2017-04-18,75606000,621.0,108,0,0,0,0,0,0,0,0,621.8,1,0,0,0,0,0,0,0,0
24,2017-04-17,21:00:06,0,ZC705,XZCE,621.2,620.0,623.0,936,58152360.0,226944,226988,664,588.8,626.4,622.4,0.0,623.0,0.0,0,0,2017-04-18,75606000,621.2,1,0,0,0,0,0,0,0,0,622.0,17,0,0,0,0,0,0,0,0
25,2017-04-17,21:00:07,0,ZC705,XZCE,621.8,620.0,623.0,944,58649800.0,226940,226988,664,588.8,626.4,622.4,0.0,623.0,0.0,0,0,2017-04-18,75607000,621.2,1,0,0,0,0,0,0,0,0,622.0,16,0,0,0,0,0,0,0,0
26,2017-04-17,21:00:07,0,ZC705,XZCE,621.0,620.0,623.0,956,59395000.0,226928,226988,664,588.8,626.4,622.4,0.0,623.0,0.0,0,0,2017-04-18,75607000,621.0,101,0,0,0,0,0,0,0,0,621.2,22,0,0,0,0,0,0,0,0
27,2017-04-17,21:00:08,0,ZC705,XZCE,621.0,620.0,623.0,972,60388600.0,226928,226988,664,588.8,626.4,622.4,0.0,623.0,0.0,0,0,2017-04-18,75608000,621.0,96,0,0,0,0,0,0,0,0,621.2,19,0,0,0,0,0,0,0,0
28,2017-04-17,21:00:08,0,ZC705,XZCE,621.0,620.0,623.0,976,60637000.0,226926,226988,664,588.8,626.4,622.4,0.0,623.0,0.0,0,0,2017-04-18,75608000,621.0,94,0,0,0,0,0,0,0,0,621.2,19,0,0,0,0,0,0,0,0
29,2017-04-17,21:00:09,0,ZC705,XZCE,621.0,620.0,623.0,978,60761200.0,226926,226988,664,588.8,626.4,622.4,0.0,623.0,0.0,0,0,2017-04-18,75609000,621.0,93,0,0,0,0,0,0,0,0,621.2,19,0,0,0,0,0,0,0,0
30,2017-04-17,21:00:10,0,ZC705,XZCE,621.0,620.0,623.0,1006,62500000.0,226926,226988,664,588.8,626.4,622.4,0.0,623.0,0.0,0,0,2017-04-18,75610000,621.0,84,0,0,0,0,0,0,0,0,621.2,16,0,0,0,0,0,0,0,0
31,2017-04-17,21:00:10,0,ZC705,XZCE,621.0,620.0,623.0,1024,63617800.0,226926,226988,664,588.8,626.4,622.4,0.0,623.0,0.0,0,0,2017-04-18,75610000,621.0,81,0,0,0,0,0,0,0,0,621.2,11,0,0,0,0,0,0,0,0
32,2017-04-17,21:00:11,0,ZC705,XZCE,621.2,620.0,623.0,1030,63990520.0,226926,226988,664,588.8,626.4,622.4,0.0,623.0,0.0,0,0,2017-04-18,75611000,621.0,79,0,0,0,0,0,0,0,0,621.2,10,0,0,0,0,0,0,0,0
33,2017-04-17,21:00:11,0,ZC705,XZCE,621.2,620.0,623.0,1050,65232920.0,226926,226988,664,588.8,626.4,622.4,0.0,623.0,0.0,0,0,2017-04-18,75611000,621.4,14,0,0,0,0,0,0,0,0,622.0,16,0,0,0,0,0,0,0,0
34,2017-04-17,21:00:12,0,ZC705,XZCE,622.0,620.0,623.0,1054,65481720.0,226926,226988,664,588.8,626.4,622.4,0.0,623.0,0.0,0,0,2017-04-18,75612000,621.8,10,0,0,0,0,0,0,0,0,622.0,15,0,0,0,0,0,0,0,0
35,2017-04-17,21:00:12,0,ZC705,XZCE,621.8,620.0,623.0,1064,66103520.0,226924,226988,664,588.8,626.4,622.4,0.0,623.0,0.0,0,0,2017-04-18,75612000,621.8,7,0,0,0,0,0,0,0,0,622.0,15,0,0,0,0,0,0,0,0
36,2017-04-17,21:00:13,0,ZC705,XZCE,622.0,620.0,623.0,1104,68591520.0,226924,226988,664,588.8,626.4,622.4,0.0,623.0,0.0,0,0,2017-04-18,75613000,622.0,2,0,0,0,0,0,0,0,0,622.4,6,0,0,0,0,0,0,0,0
37,2017-04-17,21:00:13,0,ZC705,XZCE,622.0,620.0,623.0,1110,68964720.0,226926,226988,664,588.8,626.4,622.4,0.0,623.0,0.0,0,0,2017-04-18,75613000,622.0,1,0,0,0,0,0,0,0,0,622.4,6,0,0,0,0,0,0,0,0
38,2017-04-17,21:00:14,0,ZC705,XZCE,622.4,620.0,623.0,1118,69462640.0,226926,226988,664,588.8,626.4,622.4,0.0,623.0,0.0,0,0,2017-04-18,75614000,622.0,1,0,0,0,0,0,0,0,0,622.4,6,0,0,0,0,0,0,0,0
39,2017-04-17,21:00:14,0,ZC705,XZCE,622.4,620.0,623.0,1130,70209520.0,226926,226988,664,588.8,626.4,622.4,0.0,623.0,0.0,0,0,2017-04-18,75614000,622.0,1,0,0,0,0,0,0,0,0,622.6,22,0,0,0,0,0,0,0,0
40,2017-04-17,21:00:15,0,ZC705,XZCE,621.4,620.0,623.0,1158,71949440.0,226922,226988,664,588.8,626.4,622.4,0.0,623.0,0.0,0,0,2017-04-18,75615000,621.6,5,0,0,0,0,0,0,0,0,621.8,3,0,0,0,0,0,0,0,0
41,2017-04-17,21:00:15,0,ZC705,XZCE,621.4,620.0,623.0,1210,75180720.0,226930,226988,664,588.8,626.4,622.4,0.0,623.0,0.0,0,0,2017-04-18,75615000,621.2,296,0,0,0,0,0,0,0,0,621.4,2,0,0,0,0,0,0,0,0
42,2017-04-17,21:00:16,0,ZC705,XZCE,621.6,620.0,623.0,1234,76672560.0,226928,226988,664,588.8,626.4,622.4,0.0,623.0,0.0,0,0,2017-04-18,75616000,621.2,293,0,0,0,0,0,0,0,0,622.0,12,0,0,0,0,0,0,0,0
43,2017-04-17,21:00:16,0,ZC705,XZCE,622.0,620.0,623.0,1238,76921360.0,226926,226988,664,588.8,626.4,622.4,0.0,623.0,0.0,0,0,2017-04-18,75616000,621.6,3,0,0,0,0,0,0,0,0,621.8,4,0,0,0,0,0,0,0,0
44,2017-04-17,21:00:17,0,ZC705,XZCE,622.0,620.0,623.0,1240,77045760.0,226926,226988,664,588.8,626.4,622.4,0.0,623.0,0.0,0,0,2017-04-18,75617000,621.6,3,0,0,0,0,0,0,0,0,621.8,3,0,0,0,0,0,0,0,0
45,2017-04-17,21:00:18,0,ZC705,XZCE,621.6,620.0,623.0,1244,77294400.0,226926,226988,664,588.8,626.4,622.4,0.0,623.0,0.0,0,0,2017-04-18,75618000,621.6,1,0,0,0,0,0,0,0,0,621.8,3,0,0,0,0,0,0,0,0
46,2017-04-17,21:00:18,0,ZC705,XZCE,621.8,620.0,623.0,1246,77418760.0,226926,226988,664,588.8,626.4,622.4,0.0,623.0,0.0,0,0,2017-04-18,75618000,621.6,1,0,0,0,0,0,0,0,0,621.8,2,0,0,0,0,0,0,0,0
47,2017-04-17,21:00:19,0,ZC705,XZCE,621.6,620.0,623.0,1248,77543080.0,226926,226988,664,588.8,626.4,622.4,0.0,623.0,0.0,0,0,2017-04-18,75619000,621.2,313,0,0,0,0,0,0,0,0,621.6,2,0,0,0,0,0,0,0,0
48,2017-04-17,21:00:19,0,ZC705,XZCE,621.2,620.0,623.0,1256,78040040.0,226918,226988,664,588.8,626.4,622.4,0.0,623.0,0.0,0,0,2017-04-18,75619000,621.2,309,0,0,0,0,0,0,0,0,621.4,2,0,0,0,0,0,0,0,0
49,2017-04-17,21:00:20,0,ZC705,XZCE,621.2,620.0,623.0,1286,79903640.0,226918,226988,664,588.8,626.4,622.4,0.0,623.0,0.0,0,0,2017-04-18,75620000,621.2,298,0,0,0,0,0,0,0,0,621.4,2,0,0,0,0,0,0,0,0
50,2017-04-17,21:00:20,0,ZC705,XZCE,621.4,620.0,623.0,1290,80152200.0,226920,226988,664,588.8,626.4,622.4,0.0,623.0,0.0,0,0,2017-04-18,75620000,621.2,298,0,0,0,0,0,0,0,0,621.6,4,0,0,0,0,0,0,0,0
51,2017-04-17,21:00:21,0,ZC705,XZCE,621.6,620.0,623.0,1302,80898120.0,226922,226988,664,588.8,626.4,622.4,0.0,623.0,0.0,0,0,2017-04-18,75621000,621.4,10,0,0,0,0,0,0,0,0,621.8,5,0,0,0,0,0,0,0,0
52,2017-04-17,21:00:21,0,ZC705,XZCE,621.4,620.0,623.0,1304,81022400.0,226922,226988,664,588.8,626.4,622.4,0.0,623.0,0.0,0,0,2017-04-18,75621000,621.4,9,0,0,0,0,0,0,0,0,621.8,5,0,0,0,0,0,0,0,0
53,2017-04-17,21:00:22,0,ZC705,XZCE,621.4,620.0,623.0,1312,81519520.0,226920,226988,664,588.8,626.4,622.4,0.0,623.0,0.0,0,0,2017-04-18,75622000,621.4,10,0,0,0,0,0,0,0,0,621.8,5,0,0,0,0,0,0,0,0
54,2017-04-17,21:00:23,0,ZC705,XZCE,621.4,620.0,623.0,1312,81519520.0,226920,226988,664,588.8,626.4,622.4,0.0,623.0,0.0,0,0,2017-04-18,75623000,621.4,11,0,0,0,0,0,0,0,0,621.8,5,0,0,0,0,0,0,0,0
55,2017-04-17,21:00:23,0,ZC705,XZCE,621.4,620.0,623.0,1314,81643800.0,226920,226988,664,588.8,626.4,622.4,0.0,623.0,0.0,0,0,2017-04-18,75623000,621.4,11,0,0,0,0,0,0,0,0,621.8,5,0,0,0,0,0,0,0,0
56,2017-04-17,21:00:24,0,ZC705,XZCE,621.4,620.0,623.0,1318,81892360.0,226920,226988,664,588.8,626.4,622.4,0.0,623.0,0.0,0,0,2017-04-18,75624000,621.4,9,0,0,0,0,0,0,0,0,621.8,5,0,0,0,0,0,0,0,0
57,2017-04-17,21:00:24,0,ZC705,XZCE,621.4,620.0,623.0,1318,81892360.0,226920,226988,664,588.8,626.4,622.4,0.0,623.0,0.0,0,0,2017-04-18,75624000,621.6,3,0,0,0,0,0,0,0,0,621.8,5,0,0,0,0,0,0,0,0
58,2017-04-17,21:00:25,0,ZC705,XZCE,621.6,620.0,623.0,1322,82141000.0,226920,226988,664,588.8,626.4,622.4,0.0,623.0,0.0,0,0,2017-04-18,75625000,621.6,1,0,0,0,0,0,0,0,0,621.8,6,0,0,0,0,0,0,0,0
59,2017-04-17,21:00:25,0,ZC705,XZCE,621.8,620.0,623.0,1350,83882040.0,226918,226988,664,588.8,626.4,622.4,0.0,623.0,0.0,0,0,2017-04-18,75625000,621.8,2,0,0,0,0,0,0,0,0,622.0,5,0,0,0,0,0,0,0,0
60,2017-04-17,21:00:26,0,ZC705,XZCE,621.2,620.0,623.0,1362,84627480.0,226916,226988,664,588.8,626.4,622.4,0.0,623.0,0.0,0,0,2017-04-18,75626000,621.4,1,0,0,0,0,0,0,0,0,621.8,1,0,0,0,0,0,0,0,0
61,2017-04-17,21:00:26,0,ZC705,XZCE,621.2,620.0,623.0,1362,84627480.0,226916,226988,664,588.8,626.4,622.4,0.0,623.0,0.0,0,0,2017-04-18,75626000,621.4,1,0,0,0,0,0,0,0,0,622.0,5,0,0,0,0,0,0,0,0
62,2017-04-17,21:00:27,0,ZC705,XZCE,621.2,620.0,623.0,1364,84751720.0,226914,226988,664,588.8,626.4,622.4,0.0,623.0,0.0,0,0,2017-04-18,75627000,621.6,7,0,0,0,0,0,0,0,0,622.0,6,0,0,0,0,0,0,0,0
63,2017-04-17,21:00:27,0,ZC705,XZCE,621.2,620.0,623.0,1366,84875960.0,226914,226988,664,588.8,626.4,622.4,0.0,623.0,0.0,0,0,2017-04-18,75627000,621.6,6,0,0,0,0,0,0,0,0,622.0,9,0,0,0,0,0,0,0,0
64,2017-04-17,21:00:28,0,ZC705,XZCE,621.2,620.0,623.0,1366,84875960.0,226914,226988,664,588.8,626.4,622.4,0.0,623.0,0.0,0,0,2017-04-18,75628000,621.6,6,0,0,0,0,0,0,0,0,621.8,3,0,0,0,0,0,0,0,0
65,2017-04-17,21:00:28,0,ZC705,XZCE,621.8,620.0,623.0,1370,85124680.0,226910,226988,664,588.8,626.4,622.4,0.0,623.0,0.0,0,0,2017-04-18,75628000,621.6,6,0,0,0,0,0,0,0,0,621.8,1,0,0,0,0,0,0,0,0
66,2017-04-17,21:00:29,0,ZC705,XZCE,621.6,620.0,623.0,1378,85621960.0,226918,226988,664,588.8,626.4,622.4,0.0,623.0,0.0,0,0,2017-04-18,75629000,621.6,17,0,0,0,0,0,0,0,0,621.8,1,0,0,0,0,0,0,0,0
67,2017-04-17,21:00:29,0,ZC705,XZCE,621.6,620.0,623.0,1382,85870600.0,226922,226988,664,588.8,626.4,622.4,0.0,623.0,0.0,0,0,2017-04-18,75629000,621.6,15,0,0,0,0,0,0,0,0,621.8,1,0,0,0,0,0,0,0,0
68,2017-04-17,21:00:30,0,ZC705,XZCE,621.8,620.0,623.0,1384,85994960.0,226920,226988,664,588.8,626.4,622.4,0.0,623.0,0.0,0,0,2017-04-18,75630000,621.6,15,0,0,0,0,0,0,0,0,622.0,10,0,0,0,0,0,0,0,0
69,2017-04-17,21:00:30,0,ZC705,XZCE,621.6,620.0,623.0,1386,86119280.0,226920,226988,664,588.8,626.4,622.4,0.0,623.0,0.0,0,0,2017-04-18,75630000,621.8,2,0,0,0,0,0,0,0,0,622.0,10,0,0,0,0,0,0,0,0
70,2017-04-17,21:00:31,0,ZC705,XZCE,621.6,620.0,623.0,1394,86616560.0,226918,226988,664,588.8,626.4,622.4,0.0,623.0,0.0,0,0,2017-04-18,75631000,621.6,12,0,0,0,0,0,0,0,0,621.8,2,0,0,0,0,0,0,0,0
71,2017-04-17,21:00:31,0,ZC705,XZCE,621.6,620.0,623.0,1398,86865200.0,226914,226988,664,588.8,626.4,622.4,0.0,623.0,0.0,0,0,2017-04-18,75631000,621.6,10,0,0,0,0,0,0,0,0,621.8,2,0,0,0,0,0,0,0,0
72,2017-04-17,21:00:32,0,ZC705,XZCE,621.6,620.0,623.0,1400,86989520.0,226914,226988,664,588.8,626.4,622.4,0.0,623.0,0.0,0,0,2017-04-18,75632000,621.6,10,0,0,0,0,0,0,0,0,621.8,2,0,0,0,0,0,0,0,0
73,2017-04-17,21:00:33,0,ZC705,XZCE,621.8,620.0,623.0,1404,87238239.99,226914,226988,664,588.8,626.4,622.4,0.0,623.0,0.0,0,0,2017-04-18,75633000,621.6,9,0,0,0,0,0,0,0,0,621.8,1,0,0,0,0,0,0,0,0
74,2017-04-17,21:00:33,0,ZC705,XZCE,621.8,620.0,623.0,1404,87238239.99,226914,226988,664,588.8,626.4,622.4,0.0,623.0,0.0,0,0,2017-04-18,75633000,621.6,9,0,0,0,0,0,0,0,0,621.8,2,0,0,0,0,0,0,0,0
75,2017-04-17,21:00:34,0,ZC705,XZCE,621.8,620.0,623.0,1404,87238239.99,226914,226988,664,588.8,626.4,622.4,0.0,623.0,0.0,0,0,2017-04-18,75634000,621.6,9,0,0,0,0,0,0,0,0,621.8,1,0,0,0,0,0,0,0,0
76,2017-04-17,21:00:34,0,ZC705,XZCE,621.8,620.0,623.0,1404,87238239.99,226914,226988,664,588.8,626.4,622.4,0.0,623.0,0.0,0,0,2017-04-18,75634000,621.6,9,0,0,0,0,0,0,0,0,621.8,2,0,0,0,0,0,0,0,0
77,2017-04-17,21:00:35,0,ZC705,XZCE,621.8,620.0,623.0,1404,87238239.99,226914,226988,664,588.8,626.4,622.4,0.0,623.0,0.0,0,0,2017-04-18,75635000,621.6,9,0,0,0,0,0,0,0,0,621.8,3,0,0,0,0,0,0,0,0
78,2017-04-17,21:00:35,0,ZC705,XZCE,621.6,620.0,623.0,1406,87362559.99,226914,226988,664,588.8,626.4,622.4,0.0,623.0,0.0,0,0,2017-04-18,75635000,621.6,8,0,0,0,0,0,0,0,0,621.8,5,0,0,0,0,0,0,0,0
79,2017-04-17,21:00:36,0,ZC705,XZCE,621.6,620.0,623.0,1408,87486879.99,226912,226988,664,588.8,626.4,622.4,0.0,623.0,0.0,0,0,2017-04-18,75636000,621.6,7,0,0,0,0,0,0,0,0,621.8,6,0,0,0,0,0,0,0,0
80,2017-04-17,21:00:37,0,ZC705,XZCE,621.8,620.0,623.0,1418,88108679.99,226910,226988,664,588.8,626.4,622.4,0.0,623.0,0.0,0,0,2017-04-18,75637000,621.6,4,0,0,0,0,0,0,0,0,621.8,4,0,0,0,0,0,0,0,0
81,2017-04-17,21:00:38,0,ZC705,XZCE,621.6,620.0,623.0,1420,88232999.99,226910,226988,664,588.8,626.4,622.4,0.0,623.0,0.0,0,0,2017-04-18,75638000,621.6,3,0,0,0,0,0,0,0,0,621.8,4,0,0,0,0,0,0,0,0
82,2017-04-17,21:00:39,0,ZC705,XZCE,621.6,620.0,623.0,1424,88481639.99,226910,226988,664,588.8,626.4,622.4,0.0,623.0,0.0,0,0,2017-04-18,75639000,621.6,1,0,0,0,0,0,0,0,0,621.8,4,0,0,0,0,0,0,0,0
83,2017-04-17,21:00:40,0,ZC705,XZCE,621.8,620.0,623.0,1430,88854719.99,226910,226988,664,588.8,626.4,622.4,0.0,623.0,0.0,0,0,2017-04-18,75640000,621.6,3,0,0,0,0,0,0,0,0,621.8,3,0,0,0,0,0,0,0,0
84,2017-04-17,21:00:40,0,ZC705,XZCE,621.8,620.0,623.0,1430,88854719.99,226910,226988,664,588.8,626.4,622.4,0.0,623.0,0.0,0,0,2017-04-18,75640000,621.6,13,0,0,0,0,0,0,0,0,621.8,3,0,0,0,0,0,0,0,0
85,2017-04-17,21:00:41,0,ZC705,XZCE,621.8,620.0,623.0,1432,88979079.99,226910,226988,664,588.8,626.4,622.4,0.0,623.0,0.0,0,0,2017-04-18,75641000,621.6,13,0,0,0,0,0,0,0,0,621.8,2,0,0,0,0,0,0,0,0
86,2017-04-17,21:00:42,0,ZC705,XZCE,621.8,620.0,623.0,1436,89227799.99,226908,226988,664,588.8,626.4,622.4,0.0,623.0,0.0,0,0,2017-04-18,75642000,621.6,13,0,0,0,0,0,0,0,0,621.8,1,0,0,0,0,0,0,0,0
87,2017-04-17,21:00:42,0,ZC705,XZCE,621.6,620.0,623.0,1462,90843959.99,226882,226988,664,588.8,626.4,622.4,0.0,623.0,0.0,0,0,2017-04-18,75642000,621.4,10,0,0,0,0,0,0,0,0,621.6,2,0,0,0,0,0,0,0,0
88,2017-04-17,21:00:43,0,ZC705,XZCE,621.4,620.0,623.0,1466,91092519.99,226880,226988,664,588.8,626.4,622.4,0.0,623.0,0.0,0,0,2017-04-18,75643000,621.4,9,0,0,0,0,0,0,0,0,621.6,1,0,0,0,0,0,0,0,0
89,2017-04-17,21:00:43,0,ZC705,XZCE,621.4,620.0,623.0,1466,91092519.99,226880,226988,664,588.8,626.4,622.4,0.0,623.0,0.0,0,0,2017-04-18,75643000,621.4,9,0,0,0,0,0,0,0,0,621.6,3,0,0,0,0,0,0,0,0
90,2017-04-17,21:00:44,0,ZC705,XZCE,621.4,620.0,623.0,1468,91216799.99,226880,226988,664,588.8,626.4,622.4,0.0,623.0,0.0,0,0,2017-04-18,75644000,621.4,8,0,0,0,0,0,0,0,0,621.6,3,0,0,0,0,0,0,0,0
91,2017-04-17,21:00:44,0,ZC705,XZCE,621.4,620.0,623.0,1472,91465359.99,226880,226988,664,588.8,626.4,622.4,0.0,623.0,0.0,0,0,2017-04-18,75644000,621.4,6,0,0,0,0,0,0,0,0,621.6,3,0,0,0,0,0,0,0,0
92,2017-04-17,21:00:45,0,ZC705,XZCE,621.4,620.0,623.0,1482,92086759.99,226876,226988,664,588.8,626.4,622.4,0.0,623.0,0.0,0,0,2017-04-18,75645000,621.4,1,0,0,0,0,0,0,0,0,621.6,3,0,0,0,0,0,0,0,0
93,2017-04-17,21:00:45,0,ZC705,XZCE,621.4,620.0,623.0,1486,92335319.99,226874,226988,664,588.8,626.4,622.4,0.0,623.0,0.0,0,0,2017-04-18,75645000,621.4,9,0,0,0,0,0,0,0,0,621.6,2,0,0,0,0,0,0,0,0
94,2017-04-17,21:00:46,0,ZC705,XZCE,621.6,620.0,623.0,1490,92583959.99,226870,226988,664,588.8,626.4,622.4,0.0,623.0,0.0,0,0,2017-04-18,75646000,621.4,11,0,0,0,0,0,0,0,0,621.6,1,0,0,0,0,0,0,0,0
95,2017-04-17,21:00:46,0,ZC705,XZCE,621.4,620.0,623.0,1514,94075319.99,226886,226988,664,588.8,626.4,622.4,0.0,623.0,0.0,0,0,2017-04-18,75646000,621.4,2,0,0,0,0,0,0,0,0,621.6,1,0,0,0,0,0,0,0,0
96,2017-04-17,21:00:47,0,ZC705,XZCE,621.4,620.0,623.0,1518,94323879.99,226886,226988,664,588.8,626.4,622.4,0.0,623.0,0.0,0,0,2017-04-18,75647000,621.2,300,0,0,0,0,0,0,0,0,621.6,1,0,0,0,0,0,0,0,0
97,2017-04-17,21:00:47,0,ZC705,XZCE,621.6,620.0,623.0,1520,94448199.99,226884,226988,664,588.8,626.4,622.4,0.0,623.0,0.0,0,0,2017-04-18,75647000,621.6,1,0,0,0,0,0,0,0,0,621.8,7,0,0,0,0,0,0,0,0
98,2017-04-17,21:00:48,0,ZC705,XZCE,621.8,620.0,623.0,1522,94572559.99,226886,226988,664,588.8,626.4,622.4,0.0,623.0,0.0,0,0,2017-04-18,75648000,621.6,11,0,0,0,0,0,0,0,0,621.8,6,0,0,0,0,0,0,0,0
99,2017-04-17,21:00:48,0,ZC705,XZCE,621.6,620.0,623.0,1544,95940079.99,226902,226988,664,588.8,626.4,622.4,0.0,623.0,0.0,0,0,2017-04-18,75648000,621.4,65,0,0,0,0,0,0,0,0,621.6,4,0,0,0,0,0,0,0,0
100,2017-04-17,21:00:49,0,ZC705,XZCE,621.4,620.0,623.0,1546,96064359.99,226902,226988,664,588.8,626.4,622.4,0.0,623.0,0.0,0,0,2017-04-18,75649000,621.4,64,0,0,0,0,0,0,0,0,621.6,4,0,0,0,0,0,0,0,0
101,2017-04-17,21:00:50,0,ZC705,XZCE,621.4,620.0,623.0,1546,96064359.99,226902,226988,664,588.8,626.4,622.4,0.0,623.0,0.0,0,0,2017-04-18,75650000,621.4,68,0,0,0,0,0,0,0,0,621.6,4,0,0,0,0,0,0,0,0
102,2017-04-17,21:00:50,0,ZC705,XZCE,621.4,620.0,623.0,1546,96064359.99,226902,226988,664,588.8,626.4,622.4,0.0,623.0,0.0,0,0,2017-04-18,75650000,621.4,68,0,0,0,0,0,0,0,0,621.8,7,0,0,0,0,0,0,0,0
103,2017-04-17,21:00:51,0,ZC705,XZCE,621.4,620.0,623.0,1558,96810039.99,226894,226988,664,588.8,626.4,622.4,0.0,623.0,0.0,0,0,2017-04-18,75651000,621.4,63,0,0,0,0,0,0,0,0,621.8,7,0,0,0,0,0,0,0,0
104,2017-04-17,21:00:52,0,ZC705,XZCE,621.4,620.0,623.0,1560,96934319.99,226894,226988,664,588.8,626.4,622.4,0.0,623.0,0.0,0,0,2017-04-18,75652000,621.4,62,0,0,0,0,0,0,0,0,621.6,5,0,0,0,0,0,0,0,0
105,2017-04-17,21:00:53,0,ZC705,XZCE,621.4,620.0,623.0,1564,97182879.99,226892,226988,664,588.8,626.4,622.4,0.0,623.0,0.0,0,0,2017-04-18,75653000,621.4,57,0,0,0,0,0,0,0,0,621.6,5,0,0,0,0,0,0,0,0
106,2017-04-17,21:00:53,0,ZC705,XZCE,621.6,620.0,623.0,1576,97928799.99,226884,226988,664,588.8,626.4,622.4,0.0,623.0,0.0,0,0,2017-04-18,75653000,621.6,5,0,0,0,0,0,0,0,0,621.8,10,0,0,0,0,0,0,0,0
107,2017-04-17,21:00:54,0,ZC705,XZCE,621.4,620.0,623.0,1588,98674479.99,226894,226988,664,588.8,626.4,622.4,0.0,623.0,0.0,0,0,2017-04-18,75654000,621.2,302,0,0,0,0,0,0,0,0,621.6,16,0,0,0,0,0,0,0,0
108,2017-04-17,21:00:55,0,ZC705,XZCE,621.2,620.0,623.0,1600,99419919.99,226902,226988,664,588.8,626.4,622.4,0.0,623.0,0.0,0,0,2017-04-18,75655000,621.2,301,0,0,0,0,0,0,0,0,621.6,14,0,0,0,0,0,0,0,0
109,2017-04-17,21:00:55,0,ZC705,XZCE,621.2,620.0,623.0,1612,100165359.99,226906,226988,664,588.8,626.4,622.4,0.0,623.0,0.0,0,0,2017-04-18,75655000,621.2,299,0,0,0,0,0,0,0,0,621.6,15,0,0,0,0,0,0,0,0
110,2017-04-17,21:00:56,0,ZC705,XZCE,621.6,620.0,623.0,1622,100786959.99,226916,226988,664,588.8,626.4,622.4,0.0,623.0,0.0,0,0,2017-04-18,75656000,621.2,299,0,0,0,0,0,0,0,0,621.6,12,0,0,0,0,0,0,0,0
111,2017-04-17,21:00:56,0,ZC705,XZCE,621.2,620.0,623.0,1630,101283919.99,226914,226988,664,588.8,626.4,622.4,0.0,623.0,0.0,0,0,2017-04-18,75656000,621.2,296,0,0,0,0,0,0,0,0,621.6,10,0,0,0,0,0,0,0,0
112,2017-04-17,21:00:57,0,ZC705,XZCE,621.2,620.0,623.0,1632,101408159.99,226912,226988,664,588.8,626.4,622.4,0.0,623.0,0.0,0,0,2017-04-18,75657000,621.2,295,0,0,0,0,0,0,0,0,621.6,17,0,0,0,0,0,0,0,0
113,2017-04-17,21:00:57,0,ZC705,XZCE,621.2,620.0,623.0,1634,101532399.99,226910,226988,664,588.8,626.4,622.4,0.0,623.0,0.0,0,0,2017-04-18,75657000,621.2,294,0,0,0,0,0,0,0,0,621.6,19,0,0,0,0,0,0,0,0
114,2017-04-17,21:00:58,0,ZC705,XZCE,621.6,620.0,623.0,1640,101905359.99,226908,226988,664,588.8,626.4,622.4,0.0,623.0,0.0,0,0,2017-04-18,75658000,621.4,6,0,0,0,0,0,0,0,0,621.6,17,0,0,0,0,0,0,0,0
115,2017-04-17,21:00:59,0,ZC705,XZCE,621.4,620.0,623.0,1652,102651039.99,226920,226988,664,588.8,626.4,622.4,0.0,623.0,0.0,0,0,2017-04-18,75659000,621.2,294,0,0,0,0,0,0,0,0,621.4,4,0,0,0,0,0,0,0,0
116,2017-04-17,21:01:00,0,ZC705,XZCE,621.4,620.0,623.0,1652,102651039.99,226920,226988,664,588.8,626.4,622.4,0.0,623.0,0.0,0,0,2017-04-18,75660000,621.2,294,0,0,0,0,0,0,0,0,621.4,7,0,0,0,0,0,0,0,0
117,2017-04-17,21:01:00,0,ZC705,XZCE,621.2,620.0,623.0,1690,105011599.99,226926,226988,664,588.8,626.4,622.4,0.0,623.0,0.0,0,0,2017-04-18,75660000,621.2,280,0,0,0,0,0,0,0,0,621.4,2,0,0,0,0,0,0,0,0
118,2017-04-17,21:01:01,0,ZC705,XZCE,621.2,620.0,623.0,1776,110353919.99,226840,226988,664,588.8,626.4,622.4,0.0,623.0,0.0,0,0,2017-04-18,75661000,621.2,238,0,0,0,0,0,0,0,0,621.4,43,0,0,0,0,0,0,0,0
119,2017-04-17,21:01:01,0,ZC705,XZCE,621.4,620.0,623.0,1840,114330879.99,226780,226988,664,588.8,626.4,622.4,0.0,623.0,0.0,0,0,2017-04-18,75661000,621.2,208,0,0,0,0,0,0,0,0,621.4,46,0,0,0,0,0,0,0,0
120,2017-04-17,21:01:02,0,ZC705,XZCE,621.4,620.0,623.0,1902,118183559.99,226718,226988,664,588.8,626.4,622.4,0.0,623.0,0.0,0,0,2017-04-18,75662000,621.2,178,0,0,0,0,0,0,0,0,621.4,45,0,0,0,0,0,0,0,0
121,2017-04-17,21:01:03,0,ZC705,XZCE,621.2,620.0,623.0,1920,119301719.99,226718,226988,664,588.8,626.4,622.4,0.0,623.0,0.0,0,0,2017-04-18,75663000,621.2,169,0,0,0,0,0,0,0,0,621.4,45,0,0,0,0,0,0,0,0
122,2017-04-17,21:01:03,0,ZC705,XZCE,621.4,620.0,623.0,1950,121165919.99,226688,226988,664,588.8,626.4,622.4,0.0,623.0,0.0,0,0,2017-04-18,75663000,621.2,169,0,0,0,0,0,0,0,0,621.4,30,0,0,0,0,0,0,0,0
123,2017-04-17,21:01:04,0,ZC705,XZCE,621.4,620.0,623.0,1958,121663039.99,226680,226988,664,588.8,626.4,622.4,0.0,623.0,0.0,0,0,2017-04-18,75664000,621.2,169,0,0,0,0,0,0,0,0,621.4,7,0,0,0,0,0,0,0,0
124,2017-04-17,21:01:04,0,ZC705,XZCE,621.2,620.0,623.0,1992,123775119.99,226646,226988,664,588.8,626.4,622.4,0.0,623.0,0.0,0,0,2017-04-18,75664000,621.2,159,0,0,0,0,0,0,0,0,621.6,23,0,0,0,0,0,0,0,0
125,2017-04-17,21:01:05,0,ZC705,XZCE,621.2,620.0,623.0,1994,123899359.99,226644,226988,664,588.8,626.4,622.4,0.0,623.0,0.0,0,0,2017-04-18,75665000,621.2,158,0,0,0,0,0,0,0,0,621.6,23,0,0,0,0,0,0,0,0
126,2017-04-17,21:01:05,0,ZC705,XZCE,621.2,620.0,623.0,1994,123899359.99,226644,226988,664,588.8,626.4,622.4,0.0,623.0,0.0,0,0,2017-04-18,75665000,621.2,160,0,0,0,0,0,0,0,0,621.6,23,0,0,0,0,0,0,0,0
127,2017-04-17,21:01:06,0,ZC705,XZCE,621.2,620.0,623.0,2014,125141759.99,226644,226988,664,588.8,626.4,622.4,0.0,623.0,0.0,0,0,2017-04-18,75666000,621.2,151,0,0,0,0,0,0,0,0,621.4,13,0,0,0,0,0,0,0,0
128,2017-04-17,21:01:07,0,ZC705,XZCE,621.2,620.0,623.0,2086,129614399.99,226574,226988,664,588.8,626.4,622.4,0.0,623.0,0.0,0,0,2017-04-18,75667000,621.2,115,0,0,0,0,0,0,0,0,621.4,13,0,0,0,0,0,0,0,0
129,2017-04-17,21:01:07,0,ZC705,XZCE,621.2,620.0,623.0,2086,129614399.99,226574,226988,664,588.8,626.4,622.4,0.0,623.0,0.0,0,0,2017-04-18,75667000,621.2,116,0,0,0,0,0,0,0,0,621.4,13,0,0,0,0,0,0,0,0
130,2017-04-17,21:01:08,0,ZC705,XZCE,621.2,620.0,623.0,2092,129987119.99,226570,226988,664,588.8,626.4,622.4,0.0,623.0,0.0,0,0,2017-04-18,75668000,621.2,113,0,0,0,0,0,0,0,0,621.4,13,0,0,0,0,0,0,0,0
131,2017-04-17,21:01:09,0,ZC705,XZCE,621.6,620.0,623.0,2120,131727599.99,226572,226988,664,588.8,626.4,622.4,0.0,623.0,0.0,0,0,2017-04-18,75669000,621.2,101,0,0,0,0,0,0,0,0,621.6,20,0,0,0,0,0,0,0,0
132,2017-04-17,21:01:09,0,ZC705,XZCE,621.6,620.0,623.0,2120,131727599.99,226572,226988,664,588.8,626.4,622.4,0.0,623.0,0.0,0,0,2017-04-18,75669000,621.4,1,0,0,0,0,0,0,0,0,621.6,20,0,0,0,0,0,0,0,0
133,2017-04-17,21:01:10,0,ZC705,XZCE,621.6,620.0,623.0,2120,131727599.99,226572,226988,664,588.8,626.4,622.4,0.0,623.0,0.0,0,0,2017-04-18,75670000,621.4,3,0,0,0,0,0,0,0,0,621.6,20,0,0,0,0,0,0,0,0
134,2017-04-17,21:01:11,0,ZC705,XZCE,621.4,620.0,623.0,2122,131851879.99,226574,226988,664,588.8,626.4,622.4,0.0,623.0,0.0,0,0,2017-04-18,75671000,621.4,2,0,0,0,0,0,0,0,0,621.6,20,0,0,0,0,0,0,0,0
135,2017-04-17,21:01:11,0,ZC705,XZCE,621.4,620.0,623.0,2122,131851879.99,226574,226988,664,588.8,626.4,622.4,0.0,623.0,0.0,0,0,2017-04-18,75671000,621.4,3,0,0,0,0,0,0,0,0,621.6,20,0,0,0,0,0,0,0,0
136,2017-04-17,21:01:12,0,ZC705,XZCE,621.4,620.0,623.0,2122,131851879.99,226574,226988,664,588.8,626.4,622.4,0.0,623.0,0.0,0,0,2017-04-18,75672000,621.4,4,0,0,0,0,0,0,0,0,621.6,21,0,0,0,0,0,0,0,0
137,2017-04-17,21:01:12,0,ZC705,XZCE,621.4,620.0,623.0,2124,131976159.99,226576,226988,664,588.8,626.4,622.4,0.0,623.0,0.0,0,0,2017-04-18,75672000,621.4,3,0,0,0,0,0,0,0,0,621.6,21,0,0,0,0,0,0,0,0
138,2017-04-17,21:01:13,0,ZC705,XZCE,621.4,620.0,623.0,2130,132348999.99,226578,226988,664,588.8,626.4,622.4,0.0,623.0,0.0,0,0,2017-04-18,75673000,621.2,102,0,0,0,0,0,0,0,0,621.4,10,0,0,0,0,0,0,0,0
139,2017-04-17,21:01:14,0,ZC705,XZCE,621.4,620.0,623.0,2138,132846119.99,226578,226988,664,588.8,626.4,622.4,0.0,623.0,0.0,0,0,2017-04-18,75674000,621.2,104,0,0,0,0,0,0,0,0,621.4,7,0,0,0,0,0,0,0,0
140,2017-04-17,21:01:15,0,ZC705,XZCE,621.2,620.0,623.0,2152,133715799.99,226568,226988,664,588.8,626.4,622.4,0.0,623.0,0.0,0,0,2017-04-18,75675000,621.2,98,0,0,0,0,0,0,0,0,621.6,24,0,0,0,0,0,0,0,0
141,2017-04-17,21:01:15,0,ZC705,XZCE,621.2,620.0,623.0,2154,133840039.99,226566,226988,664,588.8,626.4,622.4,0.0,623.0,0.0,0,0,2017-04-18,75675000,621.2,97,0,0,0,0,0,0,0,0,621.6,24,0,0,0,0,0,0,0,0
142,2017-04-17,21:01:16,0,ZC705,XZCE,621.2,620.0,623.0,2158,134088519.99,226564,226988,664,588.8,626.4,622.4,0.0,623.0,0.0,0,0,2017-04-18,75676000,621.2,96,0,0,0,0,0,0,0,0,621.4,8,0,0,0,0,0,0,0,0
143,2017-04-17,21:01:16,0,ZC705,XZCE,621.2,620.0,623.0,2182,135579399.99,226560,226988,664,588.8,626.4,622.4,0.0,623.0,0.0,0,0,2017-04-18,75676000,621.2,85,0,0,0,0,0,0,0,0,621.4,9,0,0,0,0,0,0,0,0
144,2017-04-17,21:01:17,0,ZC705,XZCE,621.4,620.0,623.0,2200,136697919.99,226546,226988,664,588.8,626.4,622.4,0.0,623.0,0.0,0,0,2017-04-18,75677000,621.2,90,0,0,0,0,0,0,0,0,621.6,25,0,0,0,0,0,0,0,0
145,2017-04-17,21:01:17,0,ZC705,XZCE,621.4,620.0,623.0,2200,136697919.99,226546,226988,664,588.8,626.4,622.4,0.0,623.0,0.0,0,0,2017-04-18,75677000,621.2,90,0,0,0,0,0,0,0,0,621.4,10,0,0,0,0,0,0,0,0
146,2017-04-17,21:01:18,0,ZC705,XZCE,621.4,620.0,623.0,2262,140550599.99,226486,226988,664,588.8,626.4,622.4,0.0,623.0,0.0,0,0,2017-04-18,75678000,621.2,70,0,0,0,0,0,0,0,0,621.6,27,0,0,0,0,0,0,0,0
147,2017-04-17,21:01:18,0,ZC705,XZCE,621.4,620.0,623.0,2272,141171999.99,226486,226988,664,588.8,626.4,622.4,0.0,623.0,0.0,0,0,2017-04-18,75678000,621.2,70,0,0,0,0,0,0,0,0,621.4,10,0,0,0,0,0,0,0,0
148,2017-04-17,21:01:19,0,ZC705,XZCE,621.4,620.0,623.0,2312,143657599.99,226446,226988,664,588.8,626.4,622.4,0.0,623.0,0.0,0,0,2017-04-18,75679000,621.4,2,0,0,0,0,0,0,0,0,621.6,25,0,0,0,0,0,0,0,0
149,2017-04-17,21:01:20,0,ZC705,XZCE,621.4,620.0,623.0,2332,144900399.99,226426,226988,664,588.8,626.4,622.4,0.0,623.0,0.0,0,0,2017-04-18,75680000,621.4,2,0,0,0,0,0,0,0,0,621.6,27,0,0,0,0,0,0,0,0
150,2017-04-17,21:01:20,0,ZC705,XZCE,621.4,620.0,623.0,2332,144900399.99,226426,226988,664,588.8,626.4,622.4,0.0,623.0,0.0,0,0,2017-04-18,75680000,621.4,2,0,0,0,0,0,0,0,0,621.6,25,0,0,0,0,0,0,0,0
151,2017-04-17,21:01:21,0,ZC705,XZCE,621.4,620.0,623.0,2332,144900399.99,226426,226988,664,588.8,626.4,622.4,0.0,623.0,0.0,0,0,2017-04-18,75681000,621.4,2,0,0,0,0,0,0,0,0,621.6,26,0,0,0,0,0,0,0,0
152,2017-04-17,21:01:22,0,ZC705,XZCE,621.4,620.0,623.0,2332,144900399.99,226426,226988,664,588.8,626.4,622.4,0.0,623.0,0.0,0,0,2017-04-18,75682000,621.4,2,0,0,0,0,0,0,0,0,621.6,27,0,0,0,0,0,0,0,0
153,2017-04-17,21:01:22,0,ZC705,XZCE,621.4,620.0,623.0,2334,145024679.99,226426,226988,664,588.8,626.4,622.4,0.0,623.0,0.0,0,0,2017-04-18,75682000,621.4,1,0,0,0,0,0,0,0,0,621.6,29,0,0,0,0,0,0,0,0
154,2017-04-17,21:01:23,0,ZC705,XZCE,621.6,620.0,623.0,2344,145646279.99,226426,226988,664,588.8,626.4,622.4,0.0,623.0,0.0,0,0,2017-04-18,75683000,621.4,1,0,0,0,0,0,0,0,0,621.6,26,0,0,0,0,0,0,0,0
155,2017-04-17,21:01:24,0,ZC705,XZCE,621.4,620.0,623.0,2346,145770559.99,226426,226988,664,588.8,626.4,622.4,0.0,623.0,0.0,0,0,2017-04-18,75684000,621.2,71,0,0,0,0,0,0,0,0,621.4,21,0,0,0,0,0,0,0,0
156,2017-04-17,21:01:24,0,ZC705,XZCE,621.4,620.0,623.0,2360,146640519.99,226436,226988,664,588.8,626.4,622.4,0.0,623.0,0.0,0,0,2017-04-18,75684000,621.2,69,0,0,0,0,0,0,0,0,621.4,16,0,0,0,0,0,0,0,0
157,2017-04-17,21:01:25,0,ZC705,XZCE,621.4,620.0,623.0,2360,146640519.99,226436,226988,664,588.8,626.4,622.4,0.0,623.0,0.0,0,0,2017-04-18,75685000,621.2,74,0,0,0,0,0,0,0,0,621.4,17,0,0,0,0,0,0,0,0
158,2017-04-17,21:01:26,0,ZC705,XZCE,621.4,620.0,623.0,2362,146764799.99,226436,226988,664,588.8,626.4,622.4,0.0,623.0,0.0,0,0,2017-04-18,75686000,621.2,74,0,0,0,0,0,0,0,0,621.4,16,0,0,0,0,0,0,0,0
159,2017-04-17,21:01:26,0,ZC705,XZCE,621.4,620.0,623.0,2362,146764799.99,226436,226988,664,588.8,626.4,622.4,0.0,623.0,0.0,0,0,2017-04-18,75686000,621.2,55,0,0,0,0,0,0,0,0,621.4,16,0,0,0,0,0,0,0,0
160,2017-04-17,21:01:27,0,ZC705,XZCE,621.2,620.0,623.0,2386,148255679.99,226432,226988,664,588.8,626.4,622.4,0.0,623.0,0.0,0,0,2017-04-18,75687000,621.2,48,0,0,0,0,0,0,0,0,621.4,11,0,0,0,0,0,0,0,0
161,2017-04-17,21:01:27,0,ZC705,XZCE,621.2,620.0,623.0,2386,148255679.99,226432,226988,664,588.8,626.4,622.4,0.0,623.0,0.0,0,0,2017-04-18,75687000,621.2,49,0,0,0,0,0,0,0,0,621.4,11,0,0,0,0,0,0,0,0
162,2017-04-17,21:01:30,0,ZC705,XZCE,621.4,620.0,623.0,2388,148379959.99,226432,226988,664,588.8,626.4,622.4,0.0,623.0,0.0,0,0,2017-04-18,75690000,621.2,49,0,0,0,0,0,0,0,0,621.4,11,0,0,0,0,0,0,0,0
163,2017-04-17,21:01:31,0,ZC705,XZCE,621.4,620.0,623.0,2390,148504239.99,226432,226988,664,588.8,626.4,622.4,0.0,623.0,0.0,0,0,2017-04-18,75691000,621.2,49,0,0,0,0,0,0,0,0,621.4,12,0,0,0,0,0,0,0,0
164,2017-04-17,21:01:31,0,ZC705,XZCE,621.4,620.0,623.0,2412,149871319.99,226432,226988,664,588.8,626.4,622.4,0.0,623.0,0.0,0,0,2017-04-18,75691000,621.2,54,0,0,0,0,0,0,0,0,621.4,2,0,0,0,0,0,0,0,0
165,2017-04-17,21:01:32,0,ZC705,XZCE,621.4,620.0,623.0,2416,150119879.99,226432,226988,664,588.8,626.4,622.4,0.0,623.0,0.0,0,0,2017-04-18,75692000,621.4,4,0,0,0,0,0,0,0,0,621.6,25,0,0,0,0,0,0,0,0
166,2017-04-17,21:01:33,0,ZC705,XZCE,621.4,620.0,623.0,2416,150119879.99,226432,226988,664,588.8,626.4,622.4,0.0,623.0,0.0,0,0,2017-04-18,75693000,621.4,4,0,0,0,0,0,0,0,0,621.6,27,0,0,0,0,0,0,0,0
167,2017-04-17,21:01:33,0,ZC705,XZCE,621.4,620.0,623.0,2432,151114119.99,226440,226988,664,588.8,626.4,622.4,0.0,623.0,0.0,0,0,2017-04-18,75693000,621.4,2,0,0,0,0,0,0,0,0,621.6,25,0,0,0,0,0,0,0,0
168,2017-04-17,21:01:34,0,ZC705,XZCE,621.4,620.0,623.0,2432,151114119.99,226440,226988,664,588.8,626.4,622.4,0.0,623.0,0.0,0,0,2017-04-18,75694000,621.4,3,0,0,0,0,0,0,0,0,621.6,25,0,0,0,0,0,0,0,0
169,2017-04-17,21:01:35,0,ZC705,XZCE,621.4,620.0,623.0,2432,151114119.99,226440,226988,664,588.8,626.4,622.4,0.0,623.0,0.0,0,0,2017-04-18,75695000,621.4,9,0,0,0,0,0,0,0,0,621.6,27,0,0,0,0,0,0,0,0
170,2017-04-17,21:01:36,0,ZC705,XZCE,621.4,620.0,623.0,2456,152605479.99,226432,226988,664,588.8,626.4,622.4,0.0,623.0,0.0,0,0,2017-04-18,75696000,621.2,58,0,0,0,0,0,0,0,0,621.4,27,0,0,0,0,0,0,0,0
171,2017-04-17,21:01:36,0,ZC705,XZCE,621.4,620.0,623.0,2458,152729759.99,226432,226988,664,588.8,626.4,622.4,0.0,623.0,0.0,0,0,2017-04-18,75696000,621.2,58,0,0,0,0,0,0,0,0,621.4,26,0,0,0,0,0,0,0,0
172,2017-04-17,21:01:37,0,ZC705,XZCE,621.4,620.0,623.0,2462,152978319.99,226430,226988,664,588.8,626.4,622.4,0.0,623.0,0.0,0,0,2017-04-18,75697000,621.2,57,0,0,0,0,0,0,0,0,621.4,26,0,0,0,0,0,0,0,0
173,2017-04-17,21:01:37,0,ZC705,XZCE,621.4,620.0,623.0,2462,152978319.99,226430,226988,664,588.8,626.4,622.4,0.0,623.0,0.0,0,0,2017-04-18,75697000,621.2,57,0,0,0,0,0,0,0,0,621.4,27,0,0,0,0,0,0,0,0
174,2017-04-17,21:01:38,0,ZC705,XZCE,621.2,620.0,623.0,2464,153102559.99,226430,226988,664,588.8,626.4,622.4,0.0,623.0,0.0,0,0,2017-04-18,75698000,621.2,56,0,0,0,0,0,0,0,0,621.4,27,0,0,0,0,0,0,0,0
175,2017-04-17,21:01:39,0,ZC705,XZCE,621.4,620.0,623.0,2466,153226839.99,226428,226988,664,588.8,626.4,622.4,0.0,623.0,0.0,0,0,2017-04-18,75699000,621.2,55,0,0,0,0,0,0,0,0,621.4,26,0,0,0,0,0,0,0,0
176,2017-04-17,21:01:39,0,ZC705,XZCE,621.2,620.0,623.0,2476,153848039.99,226428,226988,664,588.8,626.4,622.4,0.0,623.0,0.0,0,0,2017-04-18,75699000,621.2,50,0,0,0,0,0,0,0,0,621.4,27,0,0,0,0,0,0,0,0
177,2017-04-17,21:01:41,0,ZC705,XZCE,621.2,620.0,623.0,2478,153972279.99,226428,226988,664,588.8,626.4,622.4,0.0,623.0,0.0,0,0,2017-04-18,75701000,621.2,49,0,0,0,0,0,0,0,0,621.4,27,0,0,0,0,0,0,0,0
178,2017-04-17,21:01:41,0,ZC705,XZCE,621.2,620.0,623.0,2478,153972279.99,226428,226988,664,588.8,626.4,622.4,0.0,623.0,0.0,0,0,2017-04-18,75701000,621.2,48,0,0,0,0,0,0,0,0,621.4,27,0,0,0,0,0,0,0,0
179,2017-04-17,21:01:42,0,ZC705,XZCE,621.2,620.0,623.0,2484,154344999.99,226428,226988,664,588.8,626.4,622.4,0.0,623.0,0.0,0,0,2017-04-18,75702000,621.2,45,0,0,0,0,0,0,0,0,621.4,27,0,0,0,0,0,0,0,0
180,2017-04-17,21:01:42,0,ZC705,XZCE,621.4,620.0,623.0,2486,154469279.99,226426,226988,664,588.8,626.4,622.4,0.0,623.0,0.0,0,0,2017-04-18,75702000,621.2,47,0,0,0,0,0,0,0,0,621.4,28,0,0,0,0,0,0,0,0
181,2017-04-17,21:01:43,0,ZC705,XZCE,621.4,620.0,623.0,2486,154469279.99,226426,226988,664,588.8,626.4,622.4,0.0,623.0,0.0,0,0,2017-04-18,75703000,621.2,48,0,0,0,0,0,0,0,0,621.4,28,0,0,0,0,0,0,0,0
182,2017-04-17,21:01:43,0,ZC705,XZCE,621.4,620.0,623.0,2498,155214959.99,226426,226988,664,588.8,626.4,622.4,0.0,623.0,0.0,0,0,2017-04-18,75703000,621.2,48,0,0,0,0,0,0,0,0,621.4,23,0,0,0,0,0,0,0,0
183,2017-04-17,21:01:44,0,ZC705,XZCE,621.4,620.0,623.0,2498,155214959.99,226426,226988,664,588.8,626.4,622.4,0.0,623.0,0.0,0,0,2017-04-18,75704000,621.2,48,0,0,0,0,0,0,0,0,621.4,24,0,0,0,0,0,0,0,0
184,2017-04-17,21:01:45,0,ZC705,XZCE,621.2,620.0,623.0,2508,155836159.99,226426,226988,664,588.8,626.4,622.4,0.0,623.0,0.0,0,0,2017-04-18,75705000,621.2,43,0,0,0,0,0,0,0,0,621.4,24,0,0,0,0,0,0,0,0
185,2017-04-17,21:01:46,0,ZC705,XZCE,621.2,620.0,623.0,2514,156208879.99,226426,226988,664,588.8,626.4,622.4,0.0,623.0,0.0,0,0,2017-04-18,75706000,621.2,41,0,0,0,0,0,0,0,0,621.4,24,0,0,0,0,0,0,0,0
186,2017-04-17,21:01:46,0,ZC705,XZCE,621.4,620.0,623.0,2516,156333159.99,226424,226988,664,588.8,626.4,622.4,0.0,623.0,0.0,0,0,2017-04-18,75706000,621.2,40,0,0,0,0,0,0,0,0,621.4,23,0,0,0,0,0,0,0,0
187,2017-04-17,21:01:47,0,ZC705,XZCE,621.4,620.0,623.0,2516,156333159.99,226424,226988,664,588.8,626.4,622.4,0.0,623.0,0.0,0,0,2017-04-18,75707000,621.2,41,0,0,0,0,0,0,0,0,621.4,24,0,0,0,0,0,0,0,0
188,2017-04-17,21:01:48,0,ZC705,XZCE,621.4,620.0,623.0,2524,156830279.99,226420,226988,664,588.8,626.4,622.4,0.0,623.0,0.0,0,0,2017-04-18,75708000,621.2,40,0,0,0,0,0,0,0,0,621.4,22,0,0,0,0,0,0,0,0
189,2017-04-17,21:01:49,0,ZC705,XZCE,621.2,620.0,623.0,2546,158196919.99,226418,226988,664,588.8,626.4,622.4,0.0,623.0,0.0,0,0,2017-04-18,75709000,621.2,29,0,0,0,0,0,0,0,0,621.4,22,0,0,0,0,0,0,0,0
190,2017-04-17,21:01:50,0,ZC705,XZCE,621.2,620.0,623.0,2546,158196919.99,226418,226988,664,588.8,626.4,622.4,0.0,623.0,0.0,0,0,2017-04-18,75710000,621.2,39,0,0,0,0,0,0,0,0,621.4,22,0,0,0,0,0,0,0,0
191,2017-04-17,21:01:50,0,ZC705,XZCE,621.2,620.0,623.0,2546,158196919.99,226418,226988,664,588.8,626.4,622.4,0.0,623.0,0.0,0,0,2017-04-18,75710000,621.2,39,0,0,0,0,0,0,0,0,621.4,20,0,0,0,0,0,0,0,0
192,2017-04-17,21:01:51,0,ZC705,XZCE,621.4,620.0,623.0,2558,158942599.99,226422,226988,664,588.8,626.4,622.4,0.0,623.0,0.0,0,0,2017-04-18,75711000,621.2,34,0,0,0,0,0,0,0,0,621.4,19,0,0,0,0,0,0,0,0
193,2017-04-17,21:01:52,0,ZC705,XZCE,621.4,620.0,623.0,2562,159191159.99,226418,226988,664,588.8,626.4,622.4,0.0,623.0,0.0,0,0,2017-04-18,75712000,621.2,34,0,0,0,0,0,0,0,0,621.4,19,0,0,0,0,0,0,0,0
194,2017-04-17,21:01:52,0,ZC705,XZCE,621.4,620.0,623.0,2578,160185399.99,226402,226988,664,588.8,626.4,622.4,0.0,623.0,0.0,0,0,2017-04-18,75712000,621.2,35,0,0,0,0,0,0,0,0,621.4,9,0,0,0,0,0,0,0,0
195,2017-04-17,21:01:53,0,ZC705,XZCE,621.2,620.0,623.0,2580,160309639.99,226404,226988,664,588.8,626.4,622.4,0.0,623.0,0.0,0,0,2017-04-18,75713000,621.2,34,0,0,0,0,0,0,0,0,621.4,9,0,0,0,0,0,0,0,0
196,2017-04-17,21:01:53,0,ZC705,XZCE,621.2,620.0,623.0,2580,160309639.99,226404,226988,664,588.8,626.4,622.4,0.0,623.0,0.0,0,0,2017-04-18,75713000,621.2,34,0,0,0,0,0,0,0,0,621.4,7,0,0,0,0,0,0,0,0
197,2017-04-17,21:01:54,0,ZC705,XZCE,621.4,620.0,623.0,2594,161179599.99,226394,226988,664,588.8,626.4,622.4,0.0,623.0,0.0,0,0,2017-04-18,75714000,621.4,19,0,0,0,0,0,0,0,0,621.6,28,0,0,0,0,0,0,0,0
198,2017-04-17,21:01:55,0,ZC705,XZCE,621.4,620.0,623.0,2594,161179599.99,226394,226988,664,588.8,626.4,622.4,0.0,623.0,0.0,0,0,2017-04-18,75715000,621.4,19,0,0,0,0,0,0,0,0,621.6,29,0,0,0,0,0,0,0,0
199,2017-04-17,21:01:55,0,ZC705,XZCE,621.4,620.0,623.0,2604,161800999.99,226394,226988,664,588.8,626.4,622.4,0.0,623.0,0.0,0,0,2017-04-18,75715000,621.4,19,0,0,0,0,0,0,0,0,621.6,29,0,0,0,0,0,0,0,0
200,2017-04-17,21:01:56,0,ZC705,XZCE,621.4,620.0,623.0,2606,161925279.99,226394,226988,664,588.8,626.4,622.4,0.0,623.0,0.0,0,0,2017-04-18,75716000,621.4,18,0,0,0,0,0,0,0,0,621.6,29,0,0,0,0,0,0,0,0
201,2017-04-17,21:01:56,0,ZC705,XZCE,621.4,620.0,623.0,2606,161925279.99,226394,226988,664,588.8,626.4,622.4,0.0,623.0,0.0,0,0,2017-04-18,75716000,621.4,19,0,0,0,0,0,0,0,0,621.6,29,0,0,0,0,0,0,0,0
202,2017-04-17,21:01:57,0,ZC705,XZCE,621.4,620.0,623.0,2606,161925279.99,226394,226988,664,588.8,626.4,622.4,0.0,623.0,0.0,0,0,2017-04-18,75717000,621.4,24,0,0,0,0,0,0,0,0,621.6,29,0,0,0,0,0,0,0,0
203,2017-04-17,21:01:57,0,ZC705,XZCE,621.4,620.0,623.0,2616,162546679.99,226394,226988,664,588.8,626.4,622.4,0.0,623.0,0.0,0,0,2017-04-18,75717000,621.4,19,0,0,0,0,0,0,0,0,621.6,29,0,0,0,0,0,0,0,0
204,2017-04-17,21:02:00,0,ZC705,XZCE,621.4,620.0,623.0,2616,162546679.99,226394,226988,664,588.8,626.4,622.4,0.0,623.0,0.0,0,0,2017-04-18,75720000,621.4,19,0,0,0,0,0,0,0,0,621.6,30,0,0,0,0,0,0,0,0
205,2017-04-17,21:02:01,0,ZC705,XZCE,621.6,620.0,623.0,2618,162670999.99,226394,226988,664,588.8,626.4,622.4,0.0,623.0,0.0,0,0,2017-04-18,75721000,621.4,19,0,0,0,0,0,0,0,0,621.6,29,0,0,0,0,0,0,0,0
206,2017-04-17,21:02:02,0,ZC705,XZCE,621.6,620.0,623.0,2650,164660119.99,226412,226988,664,588.8,626.4,622.4,0.0,623.0,0.0,0,0,2017-04-18,75722000,621.4,15,0,0,0,0,0,0,0,0,621.6,17,0,0,0,0,0,0,0,0
207,2017-04-17,21:02:03,0,ZC705,XZCE,621.6,620.0,623.0,2652,164784439.99,226412,226988,664,588.8,626.4,622.4,0.0,623.0,0.0,0,0,2017-04-18,75723000,621.4,17,0,0,0,0,0,0,0,0,621.6,16,0,0,0,0,0,0,0,0
208,2017-04-17,21:02:03,0,ZC705,XZCE,621.4,620.0,623.0,2662,165405839.99,226420,226988,664,588.8,626.4,622.4,0.0,623.0,0.0,0,0,2017-04-18,75723000,621.4,12,0,0,0,0,0,0,0,0,621.6,16,0,0,0,0,0,0,0,0
209,2017-04-17,21:02:04,0,ZC705,XZCE,621.4,620.0,623.0,2664,165530119.99,226420,226988,664,588.8,626.4,622.4,0.0,623.0,0.0,0,0,2017-04-18,75724000,621.4,11,0,0,0,0,0,0,0,0,621.6,15,0,0,0,0,0,0,0,0
210,2017-04-17,21:02:04,0,ZC705,XZCE,621.4,620.0,623.0,2664,165530119.99,226420,226988,664,588.8,626.4,622.4,0.0,623.0,0.0,0,0,2017-04-18,75724000,621.4,13,0,0,0,0,0,0,0,0,621.6,15,0,0,0,0,0,0,0,0
211,2017-04-17,21:02:05,0,ZC705,XZCE,621.4,620.0,623.0,2666,165654399.99,226420,226988,664,588.8,626.4,622.4,0.0,623.0,0.0,0,0,2017-04-18,75725000,621.4,12,0,0,0,0,0,0,0,0,621.6,15,0,0,0,0,0,0,0,0
212,2017-04-17,21:02:06,0,ZC705,XZCE,621.4,620.0,623.0,2682,166648639.99,226414,226988,664,588.8,626.4,622.4,0.0,623.0,0.0,0,0,2017-04-18,75726000,621.4,4,0,0,0,0,0,0,0,0,621.6,15,0,0,0,0,0,0,0,0
213,2017-04-17,21:02:06,0,ZC705,XZCE,621.4,620.0,623.0,2682,166648639.99,226414,226988,664,588.8,626.4,622.4,0.0,623.0,0.0,0,0,2017-04-18,75726000,621.4,5,0,0,0,0,0,0,0,0,621.6,15,0,0,0,0,0,0,0,0
214,2017-04-17,21:02:07,0,ZC705,XZCE,621.4,620.0,623.0,2682,166648639.99,226414,226988,664,588.8,626.4,622.4,0.0,623.0,0.0,0,0,2017-04-18,75727000,621.4,6,0,0,0,0,0,0,0,0,621.6,15,0,0,0,0,0,0,0,0
215,2017-04-17,21:02:07,0,ZC705,XZCE,621.4,620.0,623.0,2682,166648639.99,226414,226988,664,588.8,626.4,622.4,0.0,623.0,0.0,0,0,2017-04-18,75727000,621.4,6,0,0,0,0,0,0,0,0,621.6,17,0,0,0,0,0,0,0,0
216,2017-04-17,21:02:09,0,ZC705,XZCE,621.4,620.0,623.0,2694,167394319.99,226422,226988,664,588.8,626.4,622.4,0.0,623.0,0.0,0,0,2017-04-18,75729000,621.2,23,0,0,0,0,0,0,0,0,621.4,2,0,0,0,0,0,0,0,0
217,2017-04-17,21:02:10,0,ZC705,XZCE,621.2,620.0,623.0,2704,168015519.99,226430,226988,664,588.8,626.4,622.4,0.0,623.0,0.0,0,0,2017-04-18,75730000,621.2,18,0,0,0,0,0,0,0,0,621.4,2,0,0,0,0,0,0,0,0
218,2017-04-17,21:02:10,0,ZC705,XZCE,621.2,620.0,623.0,2704,168015519.99,226430,226988,664,588.8,626.4,622.4,0.0,623.0,0.0,0,0,2017-04-18,75730000,621.2,18,0,0,0,0,0,0,0,0,621.4,4,0,0,0,0,0,0,0,0
219,2017-04-17,21:02:11,0,ZC705,XZCE,621.2,620.0,623.0,2704,168015519.99,226430,226988,664,588.8,626.4,622.4,0.0,623.0,0.0,0,0,2017-04-18,75731000,621.2,18,0,0,0,0,0,0,0,0,621.4,5,0,0,0,0,0,0,0,0
220,2017-04-17,21:02:12,0,ZC705,XZCE,621.2,620.0,623.0,2704,168015519.99,226430,226988,664,588.8,626.4,622.4,0.0,623.0,0.0,0,0,2017-04-18,75732000,621.2,18,0,0,0,0,0,0,0,0,621.4,3,0,0,0,0,0,0,0,0
221,2017-04-17,21:02:13,0,ZC705,XZCE,621.4,620.0,623.0,2708,168264079.99,226430,226988,664,588.8,626.4,622.4,0.0,623.0,0.0,0,0,2017-04-18,75733000,621.2,18,0,0,0,0,0,0,0,0,621.4,1,0,0,0,0,0,0,0,0
222,2017-04-17,21:02:13,0,ZC705,XZCE,621.4,620.0,623.0,2710,168388359.99,226430,226988,664,588.8,626.4,622.4,0.0,623.0,0.0,0,0,2017-04-18,75733000,621.2,18,0,0,0,0,0,0,0,0,621.6,18,0,0,0,0,0,0,0,0
223,2017-04-17,21:02:14,0,ZC705,XZCE,621.6,620.0,623.0,2712,168512679.99,226430,226988,664,588.8,626.4,622.4,0.0,623.0,0.0,0,0,2017-04-18,75734000,621.2,19,0,0,0,0,0,0,0,0,621.6,17,0,0,0,0,0,0,0,0
224,2017-04-17,21:02:14,0,ZC705,XZCE,621.6,620.0,623.0,2712,168512679.99,226430,226988,664,588.8,626.4,622.4,0.0,623.0,0.0,0,0,2017-04-18,75734000,621.4,12,0,0,0,0,0,0,0,0,621.6,15,0,0,0,0,0,0,0,0
225,2017-04-17,21:02:15,0,ZC705,XZCE,621.6,620.0,623.0,2742,170377479.99,226422,226988,664,588.8,626.4,622.4,0.0,623.0,0.0,0,0,2017-04-18,75735000,621.4,33,0,0,0,0,0,0,0,0,621.8,11,0,0,0,0,0,0,0,0
226,2017-04-17,21:02:15,0,ZC705,XZCE,621.6,620.0,623.0,2760,171496359.99,226412,226988,664,588.8,626.4,622.4,0.0,623.0,0.0,0,0,2017-04-18,75735000,621.6,18,0,0,0,0,0,0,0,0,621.8,7,0,0,0,0,0,0,0,0
227,2017-04-17,21:02:16,0,ZC705,XZCE,621.8,620.0,623.0,2776,172491239.99,226412,226988,664,588.8,626.4,622.4,0.0,623.0,0.0,0,0,2017-04-18,75736000,621.8,6,0,0,0,0,0,0,0,0,622.0,23,0,0,0,0,0,0,0,0
228,2017-04-17,21:02:16,0,ZC705,XZCE,621.8,620.0,623.0,2778,172615599.99,226412,226988,664,588.8,626.4,622.4,0.0,623.0,0.0,0,0,2017-04-18,75736000,621.8,5,0,0,0,0,0,0,0,0,622.0,23,0,0,0,0,0,0,0,0
229,2017-04-17,21:02:17,0,ZC705,XZCE,621.8,620.0,623.0,2780,172739959.99,226412,226988,664,588.8,626.4,622.4,0.0,623.0,0.0,0,0,2017-04-18,75737000,621.8,4,0,0,0,0,0,0,0,0,622.0,23,0,0,0,0,0,0,0,0
230,2017-04-17,21:02:18,0,ZC705,XZCE,621.8,620.0,623.0,2780,172739959.99,226412,226988,664,588.8,626.4,622.4,0.0,623.0,0.0,0,0,2017-04-18,75738000,621.8,4,0,0,0,0,0,0,0,0,622.0,28,0,0,0,0,0,0,0,0
231,2017-04-17,21:02:18,0,ZC705,XZCE,621.8,620.0,623.0,2788,173237399.99,226404,226988,664,588.8,626.4,622.4,0.0,623.0,0.0,0,0,2017-04-18,75738000,621.8,1,0,0,0,0,0,0,0,0,622.0,28,0,0,0,0,0,0,0,0
232,2017-04-17,21:02:19,0,ZC705,XZCE,621.6,620.0,623.0,2794,173610359.99,226398,226988,664,588.8,626.4,622.4,0.0,623.0,0.0,0,0,2017-04-18,75739000,621.6,1,0,0,0,0,0,0,0,0,621.8,21,0,0,0,0,0,0,0,0
233,2017-04-17,21:02:19,0,ZC705,XZCE,621.6,620.0,623.0,2796,173734679.99,226398,226988,664,588.8,626.4,622.4,0.0,623.0,0.0,0,0,2017-04-18,75739000,621.4,19,0,0,0,0,0,0,0,0,621.6,1,0,0,0,0,0,0,0,0
234,2017-04-17,21:02:20,0,ZC705,XZCE,621.4,620.0,623.0,2834,176095999.99,226366,226988,664,588.8,626.4,622.4,0.0,623.0,0.0,0,0,2017-04-18,75740000,621.2,19,0,0,0,0,0,0,0,0,621.4,1,0,0,0,0,0,0,0,0
235,2017-04-17,21:02:20,0,ZC705,XZCE,621.4,620.0,623.0,2836,176220279.99,226364,226988,664,588.8,626.4,622.4,0.0,623.0,0.0,0,0,2017-04-18,75740000,621.4,1,0,0,0,0,0,0,0,0,621.6,1,0,0,0,0,0,0,0,0
236,2017-04-17,21:02:21,0,ZC705,XZCE,621.6,620.0,623.0,2838,176344599.99,226362,226988,664,588.8,626.4,622.4,0.0,623.0,0.0,0,0,2017-04-18,75741000,621.4,3,0,0,0,0,0,0,0,0,621.8,21,0,0,0,0,0,0,0,0
237,2017-04-17,21:02:22,0,ZC705,XZCE,621.6,620.0,623.0,2838,176344599.99,226362,226988,664,588.8,626.4,622.4,0.0,623.0,0.0,0,0,2017-04-18,75742000,621.4,5,0,0,0,0,0,0,0,0,621.8,22,0,0,0,0,0,0,0,0
238,2017-04-17,21:02:22,0,ZC705,XZCE,621.6,620.0,623.0,2840,176468919.99,226362,226988,664,588.8,626.4,622.4,0.0,623.0,0.0,0,0,2017-04-18,75742000,621.4,6,0,0,0,0,0,0,0,0,621.6,3,0,0,0,0,0,0,0,0
239,2017-04-17,21:02:23,0,ZC705,XZCE,621.6,620.0,623.0,2842,176593239.99,226360,226988,664,588.8,626.4,622.4,0.0,623.0,0.0,0,0,2017-04-18,75743000,621.4,6,0,0,0,0,0,0,0,0,621.6,2,0,0,0,0,0,0,0,0
240,2017-04-17,21:02:24,0,ZC705,XZCE,621.4,620.0,623.0,2854,177338919.99,226360,226988,664,588.8,626.4,622.4,0.0,623.0,0.0,0,0,2017-04-18,75744000,621.2,19,0,0,0,0,0,0,0,0,621.4,4,0,0,0,0,0,0,0,0
241,2017-04-17,21:02:26,0,ZC705,XZCE,621.4,620.0,623.0,2856,177463199.99,226360,226988,664,588.8,626.4,622.4,0.0,623.0,0.0,0,0,2017-04-18,75746000,621.2,19,0,0,0,0,0,0,0,0,621.4,3,0,0,0,0,0,0,0,0
242,2017-04-17,21:02:27,0,ZC705,XZCE,621.4,620.0,623.0,2860,177711759.99,226360,226988,664,588.8,626.4,622.4,0.0,623.0,0.0,0,0,2017-04-18,75747000,621.2,20,0,0,0,0,0,0,0,0,621.4,1,0,0,0,0,0,0,0,0
243,2017-04-17,21:02:27,0,ZC705,XZCE,621.2,620.0,623.0,2870,178332959.99,226364,226988,664,588.8,626.4,622.4,0.0,623.0,0.0,0,0,2017-04-18,75747000,621.2,16,0,0,0,0,0,0,0,0,621.4,1,0,0,0,0,0,0,0,0
244,2017-04-17,21:02:28,0,ZC705,XZCE,621.2,620.0,623.0,2872,178457199.99,226366,226988,664,588.8,626.4,622.4,0.0,623.0,0.0,0,0,2017-04-18,75748000,621.2,15,0,0,0,0,0,0,0,0,621.4,1,0,0,0,0,0,0,0,0
245,2017-04-17,21:02:29,0,ZC705,XZCE,621.4,620.0,623.0,2874,178581479.99,226368,226988,664,588.8,626.4,622.4,0.0,623.0,0.0,0,0,2017-04-18,75749000,621.4,19,0,0,0,0,0,0,0,0,621.6,4,0,0,0,0,0,0,0,0
246,2017-04-17,21:02:29,0,ZC705,XZCE,621.4,620.0,623.0,2874,178581479.99,226368,226988,664,588.8,626.4,622.4,0.0,623.0,0.0,0,0,2017-04-18,75749000,621.4,19,0,0,0,0,0,0,0,0,621.6,2,0,0,0,0,0,0,0,0
247,2017-04-17,21:02:31,0,ZC705,XZCE,621.4,620.0,623.0,2874,178581479.99,226368,226988,664,588.8,626.4,622.4,0.0,623.0,0.0,0,0,2017-04-18,75751000,621.4,19,0,0,0,0,0,0,0,0,621.6,4,0,0,0,0,0,0,0,0
248,2017-04-17,21:02:32,0,ZC705,XZCE,621.4,620.0,623.0,2874,178581479.99,226368,226988,664,588.8,626.4,622.4,0.0,623.0,0.0,0,0,2017-04-18,75752000,621.4,19,0,0,0,0,0,0,0,0,621.6,2,0,0,0,0,0,0,0,0
249,2017-04-17,21:02:33,0,ZC705,XZCE,621.4,620.0,623.0,2874,178581479.99,226368,226988,664,588.8,626.4,622.4,0.0,623.0,0.0,0,0,2017-04-18,75753000,621.4,20,0,0,0,0,0,0,0,0,621.6,2,0,0,0,0,0,0,0,0
250,2017-04-17,21:02:34,0,ZC705,XZCE,621.6,620.0,623.0,2876,178705799.99,226366,226988,664,588.8,626.4,622.4,0.0,623.0,0.0,0,0,2017-04-18,75754000,621.4,20,0,0,0,0,0,0,0,0,621.6,1,0,0,0,0,0,0,0,0
251,2017-04-17,21:02:35,0,ZC705,XZCE,621.6,620.0,623.0,2878,178830119.99,226364,226988,664,588.8,626.4,622.4,0.0,623.0,0.0,0,0,2017-04-18,75755000,621.4,21,0,0,0,0,0,0,0,0,621.8,22,0,0,0,0,0,0,0,0
252,2017-04-17,21:02:36,0,ZC705,XZCE,621.4,620.0,623.0,2882,179078679.99,226366,226988,664,588.8,626.4,622.4,0.0,623.0,0.0,0,0,2017-04-18,75756000,621.4,19,0,0,0,0,0,0,0,0,621.8,22,0,0,0,0,0,0,0,0
253,2017-04-17,21:02:36,0,ZC705,XZCE,621.4,620.0,623.0,2882,179078679.99,226366,226988,664,588.8,626.4,622.4,0.0,623.0,0.0,0,0,2017-04-18,75756000,621.6,1,0,0,0,0,0,0,0,0,621.8,24,0,0,0,0,0,0,0,0
254,2017-04-17,21:02:37,0,ZC705,XZCE,621.4,620.0,623.0,2892,179700079.99,226376,226988,664,588.8,626.4,622.4,0.0,623.0,0.0,0,0,2017-04-18,75757000,621.4,18,0,0,0,0,0,0,0,0,621.8,24,0,0,0,0,0,0,0,0
255,2017-04-17,21:02:37,0,ZC705,XZCE,621.4,620.0,623.0,2892,179700079.99,226376,226988,664,588.8,626.4,622.4,0.0,623.0,0.0,0,0,2017-04-18,75757000,621.4,20,0,0,0,0,0,0,0,0,621.8,24,0,0,0,0,0,0,0,0
256,2017-04-17,21:02:38,0,ZC705,XZCE,621.6,620.0,623.0,2894,179824399.99,226376,226988,664,588.8,626.4,622.4,0.0,623.0,0.0,0,0,2017-04-18,75758000,621.4,20,0,0,0,0,0,0,0,0,621.8,24,0,0,0,0,0,0,0,0
257,2017-04-17,21:02:38,0,ZC705,XZCE,621.6,620.0,623.0,2894,179824399.99,226376,226988,664,588.8,626.4,622.4,0.0,623.0,0.0,0,0,2017-04-18,75758000,621.6,5,0,0,0,0,0,0,0,0,621.8,24,0,0,0,0,0,0,0,0
258,2017-04-17,21:02:39,0,ZC705,XZCE,621.8,620.0,623.0,2896,179948759.99,226374,226988,664,588.8,626.4,622.4,0.0,623.0,0.0,0,0,2017-04-18,75759000,621.6,6,0,0,0,0,0,0,0,0,621.8,23,0,0,0,0,0,0,0,0
259,2017-04-17,21:02:39,0,ZC705,XZCE,621.6,620.0,623.0,2898,180073079.99,226376,226988,664,588.8,626.4,622.4,0.0,623.0,0.0,0,0,2017-04-18,75759000,621.6,5,0,0,0,0,0,0,0,0,621.8,23,0,0,0,0,0,0,0,0
260,2017-04-17,21:02:40,0,ZC705,XZCE,621.8,620.0,623.0,2900,180197439.99,226376,226988,664,588.8,626.4,622.4,0.0,623.0,0.0,0,0,2017-04-18,75760000,621.6,5,0,0,0,0,0,0,0,0,621.8,22,0,0,0,0,0,0,0,0
261,2017-04-17,21:02:41,0,ZC705,XZCE,621.6,620.0,623.0,2902,180321759.99,226378,226988,664,588.8,626.4,622.4,0.0,623.0,0.0,0,0,2017-04-18,75761000,621.6,4,0,0,0,0,0,0,0,0,621.8,22,0,0,0,0,0,0,0,0
262,2017-04-17,21:02:42,0,ZC705,XZCE,621.8,620.0,623.0,2906,180570479.98,226378,226988,664,588.8,626.4,622.4,0.0,623.0,0.0,0,0,2017-04-18,75762000,621.6,5,0,0,0,0,0,0,0,0,621.8,20,0,0,0,0,0,0,0,0
263,2017-04-17,21:02:43,0,ZC705,XZCE,621.8,620.0,623.0,2908,180694839.98,226378,226988,664,588.8,626.4,622.4,0.0,623.0,0.0,0,0,2017-04-18,75763000,621.6,5,0,0,0,0,0,0,0,0,621.8,19,0,0,0,0,0,0,0,0
264,2017-04-17,21:02:43,0,ZC705,XZCE,621.8,620.0,623.0,2908,180694839.98,226378,226988,664,588.8,626.4,622.4,0.0,623.0,0.0,0,0,2017-04-18,75763000,621.6,7,0,0,0,0,0,0,0,0,621.8,19,0,0,0,0,0,0,0,0
265,2017-04-17,21:02:44,0,ZC705,XZCE,621.8,620.0,623.0,2908,180694839.98,226378,226988,664,588.8,626.4,622.4,0.0,623.0,0.0,0,0,2017-04-18,75764000,621.6,8,0,0,0,0,0,0,0,0,621.8,17,0,0,0,0,0,0,0,0
266,2017-04-17,21:02:44,0,ZC705,XZCE,621.8,620.0,623.0,2908,180694839.98,226378,226988,664,588.8,626.4,622.4,0.0,623.0,0.0,0,0,2017-04-18,75764000,621.6,10,0,0,0,0,0,0,0,0,621.8,17,0,0,0,0,0,0,0,0
267,2017-04-17,21:02:45,0,ZC705,XZCE,621.8,620.0,623.0,2910,180819199.98,226378,226988,664,588.8,626.4,622.4,0.0,623.0,0.0,0,0,2017-04-18,75765000,621.6,10,0,0,0,0,0,0,0,0,621.8,16,0,0,0,0,0,0,0,0
268,2017-04-17,21:02:47,0,ZC705,XZCE,621.8,620.0,623.0,2912,180943559.98,226380,226988,664,588.8,626.4,622.4,0.0,623.0,0.0,0,0,2017-04-18,75767000,621.6,15,0,0,0,0,0,0,0,0,621.8,15,0,0,0,0,0,0,0,0
269,2017-04-17,21:02:48,0,ZC705,XZCE,621.6,620.0,623.0,2914,181067879.98,226380,226988,664,588.8,626.4,622.4,0.0,623.0,0.0,0,0,2017-04-18,75768000,621.6,14,0,0,0,0,0,0,0,0,621.8,15,0,0,0,0,0,0,0,0
270,2017-04-17,21:02:49,0,ZC705,XZCE,621.6,620.0,623.0,2914,181067879.98,226380,226988,664,588.8,626.4,622.4,0.0,623.0,0.0,0,0,2017-04-18,75769000,621.6,14,0,0,0,0,0,0,0,0,621.8,16,0,0,0,0,0,0,0,0
271,2017-04-17,21:02:51,0,ZC705,XZCE,621.6,620.0,623.0,2914,181067879.98,226380,226988,664,588.8,626.4,622.4,0.0,623.0,0.0,0,0,2017-04-18,75771000,621.6,16,0,0,0,0,0,0,0,0,621.8,16,0,0,0,0,0,0,0,0
272,2017-04-17,21:02:52,0,ZC705,XZCE,621.8,620.0,623.0,2920,181440959.98,226382,226988,664,588.8,626.4,622.4,0.0,623.0,0.0,0,0,2017-04-18,75772000,621.6,16,0,0,0,0,0,0,0,0,621.8,13,0,0,0,0,0,0,0,0
273,2017-04-17,21:02:53,0,ZC705,XZCE,621.8,620.0,623.0,2922,181565319.98,226382,226988,664,588.8,626.4,622.4,0.0,623.0,0.0,0,0,2017-04-18,75773000,621.6,16,0,0,0,0,0,0,0,0,621.8,12,0,0,0,0,0,0,0,0
274,2017-04-17,21:02:54,0,ZC705,XZCE,621.8,620.0,623.0,2922,181565319.98,226382,226988,664,588.8,626.4,622.4,0.0,623.0,0.0,0,0,2017-04-18,75774000,621.6,19,0,0,0,0,0,0,0,0,621.8,12,0,0,0,0,0,0,0,0
275,2017-04-17,21:02:55,0,ZC705,XZCE,621.8,620.0,623.0,2922,181565319.98,226382,226988,664,588.8,626.4,622.4,0.0,623.0,0.0,0,0,2017-04-18,75775000,621.6,21,0,0,0,0,0,0,0,0,621.8,13,0,0,0,0,0,0,0,0
276,2017-04-17,21:02:55,0,ZC705,XZCE,621.8,620.0,623.0,2948,183181999.98,226380,226988,664,588.8,626.4,622.4,0.0,623.0,0.0,0,0,2017-04-18,75775000,621.8,9,0,0,0,0,0,0,0,0,622.0,36,0,0,0,0,0,0,0,0
277,2017-04-17,21:02:56,0,ZC705,XZCE,622.0,620.0,623.0,2950,183306399.98,226382,226988,664,588.8,626.4,622.4,0.0,623.0,0.0,0,0,2017-04-18,75776000,621.8,9,0,0,0,0,0,0,0,0,622.0,35,0,0,0,0,0,0,0,0
278,2017-04-17,21:02:56,0,ZC705,XZCE,622.0,620.0,623.0,2954,183555199.98,226384,226988,664,588.8,626.4,622.4,0.0,623.0,0.0,0,0,2017-04-18,75776000,621.8,30,0,0,0,0,0,0,0,0,622.0,33,0,0,0,0,0,0,0,0
279,2017-04-17,21:02:56,0,ZC705,XZCE,622.0,620.0,623.0,2958,183803999.98,226384,226988,664,588.8,626.4,622.4,0.0,623.0,0.0,0,0,2017-04-18,75776000,621.8,30,0,0,0,0,0,0,0,0,622.0,31,0,0,0,0,0,0,0,0
280,2017-04-17,21:02:57,0,ZC705,XZCE,622.0,620.0,623.0,3020,187660399.98,226334,226988,664,588.8,626.4,622.4,0.0,623.0,0.0,0,0,2017-04-18,75777000,622.0,4,0,0,0,0,0,0,0,0,622.2,2,0,0,0,0,0,0,0,0
281,2017-04-17,21:02:58,0,ZC705,XZCE,622.2,620.0,623.0,3024,187909279.98,226334,226988,664,588.8,626.4,622.4,0.0,623.0,0.0,0,0,2017-04-18,75778000,622.2,1,0,0,0,0,0,0,0,0,622.4,9,0,0,0,0,0,0,0,0
282,2017-04-17,21:02:58,0,ZC705,XZCE,622.2,620.0,623.0,3024,187909279.98,226334,226988,664,588.8,626.4,622.4,0.0,623.0,0.0,0,0,2017-04-18,75778000,622.2,1,0,0,0,0,0,0,0,0,622.4,10,0,0,0,0,0,0,0,0
283,2017-04-17,21:03:01,0,ZC705,XZCE,622.4,620.0,623.0,3028,188158239.98,226330,226988,664,588.8,626.4,622.4,0.0,623.0,0.0,0,0,2017-04-18,75781000,622.0,15,0,0,0,0,0,0,0,0,622.4,9,0,0,0,0,0,0,0,0
284,2017-04-17,21:03:01,0,ZC705,XZCE,622.2,620.0,623.0,3038,188780439.98,226326,226988,664,588.8,626.4,622.4,0.0,623.0,0.0,0,0,2017-04-18,75781000,622.0,15,0,0,0,0,0,0,0,0,622.4,6,0,0,0,0,0,0,0,0
285,2017-04-17,21:03:02,0,ZC705,XZCE,622.4,620.0,623.0,3050,189527319.98,226318,226988,664,588.8,626.4,622.4,0.0,623.0,0.0,0,0,2017-04-18,75782000,622.0,10,0,0,0,0,0,0,0,0,622.4,1,0,0,0,0,0,0,0,0
286,2017-04-17,21:03:03,0,ZC705,XZCE,622.4,620.0,623.0,3054,189776279.98,226318,226988,664,588.8,626.4,622.4,0.0,623.0,0.0,0,0,2017-04-18,75783000,622.2,6,0,0,0,0,0,0,0,0,622.4,4,0,0,0,0,0,0,0,0
287,2017-04-17,21:03:04,0,ZC705,XZCE,622.4,620.0,623.0,3054,189776279.98,226318,226988,664,588.8,626.4,622.4,0.0,623.0,0.0,0,0,2017-04-18,75784000,622.2,6,0,0,0,0,0,0,0,0,622.4,7,0,0,0,0,0,0,0,0
288,2017-04-17,21:03:04,0,ZC705,XZCE,622.4,620.0,623.0,3054,189776279.98,226318,226988,664,588.8,626.4,622.4,0.0,623.0,0.0,0,0,2017-04-18,75784000,622.2,6,0,0,0,0,0,0,0,0,622.4,8,0,0,0,0,0,0,0,0
289,2017-04-17,21:03:05,0,ZC705,XZCE,622.4,620.0,623.0,3058,190025239.98,226314,226988,664,588.8,626.4,622.4,0.0,623.0,0.0,0,0,2017-04-18,75785000,622.2,8,0,0,0,0,0,0,0,0,622.4,6,0,0,0,0,0,0,0,0
290,2017-04-17,21:03:06,0,ZC705,XZCE,622.2,620.0,623.0,3060,190149679.98,226312,226988,664,588.8,626.4,622.4,0.0,623.0,0.0,0,0,2017-04-18,75786000,622.2,7,0,0,0,0,0,0,0,0,622.4,6,0,0,0,0,0,0,0,0
291,2017-04-17,21:03:06,0,ZC705,XZCE,622.4,620.0,623.0,3062,190274159.98,226310,226988,664,588.8,626.4,622.4,0.0,623.0,0.0,0,0,2017-04-18,75786000,622.2,7,0,0,0,0,0,0,0,0,622.4,5,0,0,0,0,0,0,0,0
292,2017-04-17,21:03:07,0,ZC705,XZCE,622.2,620.0,623.0,3066,190523039.98,226310,226988,664,588.8,626.4,622.4,0.0,623.0,0.0,0,0,2017-04-18,75787000,622.2,5,0,0,0,0,0,0,0,0,622.4,5,0,0,0,0,0,0,0,0
293,2017-04-17,21:03:08,0,ZC705,XZCE,622.2,620.0,623.0,3068,190647479.98,226310,226988,664,588.8,626.4,622.4,0.0,623.0,0.0,0,0,2017-04-18,75788000,622.2,6,0,0,0,0,0,0,0,0,622.4,5,0,0,0,0,0,0,0,0
294,2017-04-17,21:03:09,0,ZC705,XZCE,622.2,620.0,623.0,3068,190647479.98,226310,226988,664,588.8,626.4,622.4,0.0,623.0,0.0,0,0,2017-04-18,75789000,622.2,6,0,0,0,0,0,0,0,0,622.4,6,0,0,0,0,0,0,0,0
295,2017-04-17,21:03:09,0,ZC705,XZCE,622.4,620.0,623.0,3072,190896439.98,226306,226988,664,588.8,626.4,622.4,0.0,623.0,0.0,0,0,2017-04-18,75789000,622.2,5,0,0,0,0,0,0,0,0,622.4,5,0,0,0,0,0,0,0,0
296,2017-04-17,21:03:09,0,ZC705,XZCE,622.4,620.0,623.0,3072,190896439.98,226306,226988,664,588.8,626.4,622.4,0.0,623.0,0.0,0,0,2017-04-18,75789000,622.2,5,0,0,0,0,0,0,0,0,622.4,7,0,0,0,0,0,0,0,0
297,2017-04-17,21:03:10,0,ZC705,XZCE,622.4,620.0,623.0,3082,191518839.98,226308,226988,664,588.8,626.4,622.4,0.0,623.0,0.0,0,0,2017-04-18,75790000,622.4,14,0,0,0,0,0,0,0,0,622.6,25,0,0,0,0,0,0,0,0
298,2017-04-17,21:03:10,0,ZC705,XZCE,622.4,620.0,623.0,3082,191518839.98,226308,226988,664,588.8,626.4,622.4,0.0,623.0,0.0,0,0,2017-04-18,75790000,622.4,15,0,0,0,0,0,0,0,0,622.6,25,0,0,0,0,0,0,0,0
299,2017-04-17,21:03:11,0,ZC705,XZCE,622.4,620.0,623.0,3082,191518839.98,226308,226988,664,588.8,626.4,622.4,0.0,623.0,0.0,0,0,2017-04-18,75791000,622.4,16,0,0,0,0,0,0,0,0,622.6,25,0,0,0,0,0,0,0,0
300,2017-04-17,21:03:12,0,ZC705,XZCE,622.6,620.0,623.0,3098,192514999.98,226304,226988,664,588.8,626.4,622.4,0.0,623.0,0.0,0,0,2017-04-18,75792000,622.4,13,0,0,0,0,0,0,0,0,622.6,20,0,0,0,0,0,0,0,0
301,2017-04-17,21:03:12,0,ZC705,XZCE,622.6,620.0,623.0,3104,192888559.98,226304,226988,664,588.8,626.4,622.4,0.0,623.0,0.0,0,0,2017-04-18,75792000,622.4,13,0,0,0,0,0,0,0,0,622.6,17,0,0,0,0,0,0,0,0
302,2017-04-17,21:03:13,0,ZC705,XZCE,622.6,620.0,623.0,3106,193013079.98,226304,226988,664,588.8,626.4,622.4,0.0,623.0,0.0,0,0,2017-04-18,75793000,622.4,13,0,0,0,0,0,0,0,0,622.6,16,0,0,0,0,0,0,0,0
303,2017-04-17,21:03:17,0,ZC705,XZCE,622.6,620.0,623.0,3110,193262119.98,226300,226988,664,588.8,626.4,622.4,0.0,623.0,0.0,0,0,2017-04-18,75797000,622.4,14,0,0,0,0,0,0,0,0,622.6,14,0,0,0,0,0,0,0,0
304,2017-04-17,21:03:18,0,ZC705,XZCE,622.6,620.0,623.0,3110,193262119.98,226300,226988,664,588.8,626.4,622.4,0.0,623.0,0.0,0,0,2017-04-18,75798000,622.4,14,0,0,0,0,0,0,0,0,622.6,17,0,0,0,0,0,0,0,0
305,2017-04-17,21:03:18,0,ZC705,XZCE,622.6,620.0,623.0,3124,194133759.98,226286,226988,664,588.8,626.4,622.4,0.0,623.0,0.0,0,0,2017-04-18,75798000,622.4,14,0,0,0,0,0,0,0,0,622.6,21,0,0,0,0,0,0,0,0
306,2017-04-17,21:03:18,0,ZC705,XZCE,622.6,620.0,623.0,3128,194382799.98,226282,226988,664,588.8,626.4,622.4,0.0,623.0,0.0,0,0,2017-04-18,75798000,622.4,14,0,0,0,0,0,0,0,0,622.6,22,0,0,0,0,0,0,0,0
307,2017-04-17,21:03:19,0,ZC705,XZCE,622.4,620.0,623.0,3130,194507279.98,226282,226988,664,588.8,626.4,622.4,0.0,623.0,0.0,0,0,2017-04-18,75799000,622.4,13,0,0,0,0,0,0,0,0,622.6,22,0,0,0,0,0,0,0,0
308,2017-04-17,21:03:21,0,ZC705,XZCE,622.4,620.0,623.0,3130,194507279.98,226282,226988,664,588.8,626.4,622.4,0.0,623.0,0.0,0,0,2017-04-18,75801000,622.4,13,0,0,0,0,0,0,0,0,622.6,24,0,0,0,0,0,0,0,0
309,2017-04-17,21:03:21,0,ZC705,XZCE,622.4,620.0,623.0,3130,194507279.98,226282,226988,664,588.8,626.4,622.4,0.0,623.0,0.0,0,0,2017-04-18,75801000,622.4,14,0,0,0,0,0,0,0,0,622.6,24,0,0,0,0,0,0,0,0
310,2017-04-17,21:03:22,0,ZC705,XZCE,622.6,620.0,623.0,3132,194631799.98,226282,226988,664,588.8,626.4,622.4,0.0,623.0,0.0,0,0,2017-04-18,75802000,622.4,16,0,0,0,0,0,0,0,0,622.6,23,0,0,0,0,0,0,0,0
311,2017-04-17,21:03:22,0,ZC705,XZCE,622.6,620.0,623.0,3132,194631799.98,226282,226988,664,588.8,626.4,622.4,0.0,623.0,0.0,0,0,2017-04-18,75802000,622.4,18,0,0,0,0,0,0,0,0,622.6,23,0,0,0,0,0,0,0,0
312,2017-04-17,21:03:23,0,ZC705,XZCE,622.6,620.0,623.0,3136,194880839.98,226278,226988,664,588.8,626.4,622.4,0.0,623.0,0.0,0,0,2017-04-18,75803000,622.4,28,0,0,0,0,0,0,0,0,622.6,21,0,0,0,0,0,0,0,0
313,2017-04-17,21:03:23,0,ZC705,XZCE,622.6,620.0,623.0,3136,194880839.98,226278,226988,664,588.8,626.4,622.4,0.0,623.0,0.0,0,0,2017-04-18,75803000,622.4,27,0,0,0,0,0,0,0,0,622.6,21,0,0,0,0,0,0,0,0
314,2017-04-17,21:03:24,0,ZC705,XZCE,622.6,620.0,623.0,3136,194880839.98,226278,226988,664,588.8,626.4,622.4,0.0,623.0,0.0,0,0,2017-04-18,75804000,622.4,28,0,0,0,0,0,0,0,0,622.6,21,0,0,0,0,0,0,0,0
315,2017-04-17,21:03:24,0,ZC705,XZCE,622.6,620.0,623.0,3140,195129879.98,226274,226988,664,588.8,626.4,622.4,0.0,623.0,0.0,0,0,2017-04-18,75804000,622.4,27,0,0,0,0,0,0,0,0,622.6,20,0,0,0,0,0,0,0,0
316,2017-04-17,21:03:25,0,ZC705,XZCE,622.6,620.0,623.0,3140,195129879.98,226274,226988,664,588.8,626.4,622.4,0.0,623.0,0.0,0,0,2017-04-18,75805000,622.4,26,0,0,0,0,0,0,0,0,622.6,20,0,0,0,0,0,0,0,0
317,2017-04-17,21:03:26,0,ZC705,XZCE,622.6,620.0,623.0,3142,195254399.98,226274,226988,664,588.8,626.4,622.4,0.0,623.0,0.0,0,0,2017-04-18,75806000,622.4,16,0,0,0,0,0,0,0,0,622.6,19,0,0,0,0,0,0,0,0
318,2017-04-17,21:03:26,0,ZC705,XZCE,622.6,620.0,623.0,3154,196001519.98,226276,226988,664,588.8,626.4,622.4,0.0,623.0,0.0,0,0,2017-04-18,75806000,622.4,16,0,0,0,0,0,0,0,0,622.6,14,0,0,0,0,0,0,0,0
319,2017-04-17,21:03:27,0,ZC705,XZCE,622.6,620.0,623.0,3156,196126039.98,226278,226988,664,588.8,626.4,622.4,0.0,623.0,0.0,0,0,2017-04-18,75807000,622.4,16,0,0,0,0,0,0,0,0,622.6,13,0,0,0,0,0,0,0,0
320,2017-04-17,21:03:27,0,ZC705,XZCE,622.6,620.0,623.0,3158,196250559.98,226278,226988,664,588.8,626.4,622.4,0.0,623.0,0.0,0,0,2017-04-18,75807000,622.4,16,0,0,0,0,0,0,0,0,622.6,12,0,0,0,0,0,0,0,0
321,2017-04-17,21:03:28,0,ZC705,XZCE,622.6,620.0,623.0,3158,196250559.98,226278,226988,664,588.8,626.4,622.4,0.0,623.0,0.0,0,0,2017-04-18,75808000,622.4,18,0,0,0,0,0,0,0,0,622.6,12,0,0,0,0,0,0,0,0
322,2017-04-17,21:03:30,0,ZC705,XZCE,622.4,620.0,623.0,3160,196375039.98,226276,226988,664,588.8,626.4,622.4,0.0,623.0,0.0,0,0,2017-04-18,75810000,622.4,16,0,0,0,0,0,0,0,0,622.6,12,0,0,0,0,0,0,0,0
323,2017-04-17,21:03:31,0,ZC705,XZCE,622.6,620.0,623.0,3164,196624079.98,226276,226988,664,588.8,626.4,622.4,0.0,623.0,0.0,0,0,2017-04-18,75811000,622.4,16,0,0,0,0,0,0,0,0,622.6,11,0,0,0,0,0,0,0,0
324,2017-04-17,21:03:34,0,ZC705,XZCE,622.6,620.0,623.0,3170,196997639.98,226276,226988,664,588.8,626.4,622.4,0.0,623.0,0.0,0,0,2017-04-18,75814000,622.4,14,0,0,0,0,0,0,0,0,622.6,10,0,0,0,0,0,0,0,0
325,2017-04-17,21:03:34,0,ZC705,XZCE,622.6,620.0,623.0,3190,198242839.98,226270,226988,664,588.8,626.4,622.4,0.0,623.0,0.0,0,0,2017-04-18,75814000,622.6,62,0,0,0,0,0,0,0,0,622.8,13,0,0,0,0,0,0,0,0
326,2017-04-17,21:03:35,0,ZC705,XZCE,622.6,620.0,623.0,3190,198242839.98,226270,226988,664,588.8,626.4,622.4,0.0,623.0,0.0,0,0,2017-04-18,75815000,622.6,62,0,0,0,0,0,0,0,0,622.8,15,0,0,0,0,0,0,0,0
327,2017-04-17,21:03:36,0,ZC705,XZCE,622.8,620.0,623.0,3210,199488439.98,226288,226988,664,588.8,626.4,622.4,0.0,623.0,0.0,0,0,2017-04-18,75816000,622.6,62,0,0,0,0,0,0,0,0,622.8,5,0,0,0,0,0,0,0,0
328,2017-04-17,21:03:37,0,ZC705,XZCE,622.8,620.0,623.0,3212,199612999.98,226288,226988,664,588.8,626.4,622.4,0.0,623.0,0.0,0,0,2017-04-18,75817000,622.6,62,0,0,0,0,0,0,0,0,622.8,4,0,0,0,0,0,0,0,0
329,2017-04-17,21:03:38,0,ZC705,XZCE,622.8,620.0,623.0,3214,199737559.98,226288,226988,664,588.8,626.4,622.4,0.0,623.0,0.0,0,0,2017-04-18,75818000,622.6,62,0,0,0,0,0,0,0,0,622.8,3,0,0,0,0,0,0,0,0
330,2017-04-17,21:03:39,0,ZC705,XZCE,622.8,620.0,623.0,3216,199862119.98,226288,226988,664,588.8,626.4,622.4,0.0,623.0,0.0,0,0,2017-04-18,75819000,622.6,62,0,0,0,0,0,0,0,0,622.8,2,0,0,0,0,0,0,0,0
331,2017-04-17,21:03:40,0,ZC705,XZCE,622.8,620.0,623.0,3218,199986679.98,226286,226988,664,588.8,626.4,622.4,0.0,623.0,0.0,0,0,2017-04-18,75820000,622.6,62,0,0,0,0,0,0,0,0,622.8,1,0,0,0,0,0,0,0,0
332,2017-04-17,21:03:40,0,ZC705,XZCE,622.8,620.0,623.0,3226,200484919.98,226280,226988,664,588.8,626.4,622.4,0.0,623.0,0.0,0,0,2017-04-18,75820000,622.6,62,0,0,0,0,0,0,0,0,622.8,1,0,0,0,0,0,0,0,0
333,2017-04-17,21:03:41,0,ZC705,XZCE,622.8,620.0,623.0,3230,200734039.97,226280,226988,664,588.8,626.4,622.4,0.0,623.0,0.0,0,0,2017-04-18,75821000,622.6,62,0,0,0,0,0,0,0,0,622.8,1,0,0,0,0,0,0,0,0
334,2017-04-17,21:03:41,0,ZC705,XZCE,622.8,620.0,623.0,3232,200858599.97,226280,226988,664,588.8,626.4,622.4,0.0,623.0,0.0,0,0,2017-04-18,75821000,622.6,62,0,0,0,0,0,0,0,0,623.0,55,0,0,0,0,0,0,0,0
335,2017-04-17,21:03:41,0,ZC705,XZCE,622.8,620.0,623.0,3232,200858599.97,226280,226988,664,588.8,626.4,622.4,0.0,623.0,0.0,0,0,2017-04-18,75821000,622.6,62,0,0,0,0,0,0,0,0,622.8,2,0,0,0,0,0,0,0,0
336,2017-04-17,21:03:43,0,ZC705,XZCE,622.8,620.0,623.0,3232,200858599.97,226280,226988,664,588.8,626.4,622.4,0.0,623.0,0.0,0,0,2017-04-18,75823000,622.6,62,0,0,0,0,0,0,0,0,622.8,5,0,0,0,0,0,0,0,0
337,2017-04-17,21:03:43,0,ZC705,XZCE,622.8,620.0,623.0,3238,201232279.97,226280,226988,664,588.8,626.4,622.4,0.0,623.0,0.0,0,0,2017-04-18,75823000,622.6,62,0,0,0,0,0,0,0,0,622.8,2,0,0,0,0,0,0,0,0
338,2017-04-17,21:03:43,0,ZC705,XZCE,622.6,620.0,623.0,3240,201356799.97,226280,226988,664,588.8,626.4,622.4,0.0,623.0,0.0,0,0,2017-04-18,75823000,622.6,61,0,0,0,0,0,0,0,0,622.8,3,0,0,0,0,0,0,0,0
339,2017-04-17,21:03:44,0,ZC705,XZCE,622.8,620.0,623.0,3242,201481359.97,226278,226988,664,588.8,626.4,622.4,0.0,623.0,0.0,0,0,2017-04-18,75824000,622.6,61,0,0,0,0,0,0,0,0,622.8,2,0,0,0,0,0,0,0,0
340,2017-04-17,21:03:46,0,ZC705,XZCE,622.8,620.0,623.0,3242,201481359.97,226278,226988,664,588.8,626.4,622.4,0.0,623.0,0.0,0,0,2017-04-18,75826000,622.6,61,0,0,0,0,0,0,0,0,622.8,5,0,0,0,0,0,0,0,0
341,2017-04-17,21:03:46,0,ZC705,XZCE,622.6,620.0,623.0,3244,201605879.97,226276,226988,664,588.8,626.4,622.4,0.0,623.0,0.0,0,0,2017-04-18,75826000,622.6,60,0,0,0,0,0,0,0,0,622.8,5,0,0,0,0,0,0,0,0
342,2017-04-17,21:03:47,0,ZC705,XZCE,622.6,620.0,623.0,3246,201730399.97,226274,226988,664,588.8,626.4,622.4,0.0,623.0,0.0,0,0,2017-04-18,75827000,622.6,59,0,0,0,0,0,0,0,0,622.8,5,0,0,0,0,0,0,0,0
343,2017-04-17,21:03:47,0,ZC705,XZCE,622.6,620.0,623.0,3250,201979439.97,226272,226988,664,588.8,626.4,622.4,0.0,623.0,0.0,0,0,2017-04-18,75827000,622.6,58,0,0,0,0,0,0,0,0,622.8,4,0,0,0,0,0,0,0,0
344,2017-04-17,21:03:48,0,ZC705,XZCE,622.6,620.0,623.0,3252,202103959.97,226270,226988,664,588.8,626.4,622.4,0.0,623.0,0.0,0,0,2017-04-18,75828000,622.6,57,0,0,0,0,0,0,0,0,622.8,4,0,0,0,0,0,0,0,0
345,2017-04-17,21:03:51,0,ZC705,XZCE,622.8,620.0,623.0,3254,202228519.97,226270,226988,664,588.8,626.4,622.4,0.0,623.0,0.0,0,0,2017-04-18,75831000,622.6,57,0,0,0,0,0,0,0,0,622.8,3,0,0,0,0,0,0,0,0
346,2017-04-17,21:03:51,0,ZC705,XZCE,622.8,620.0,623.0,3258,202477639.97,226266,226988,664,588.8,626.4,622.4,0.0,623.0,0.0,0,0,2017-04-18,75831000,622.6,57,0,0,0,0,0,0,0,0,622.8,1,0,0,0,0,0,0,0,0
347,2017-04-17,21:03:53,0,ZC705,XZCE,622.8,620.0,623.0,3258,202477639.97,226266,226988,664,588.8,626.4,622.4,0.0,623.0,0.0,0,0,2017-04-18,75833000,622.6,57,0,0,0,0,0,0,0,0,622.8,6,0,0,0,0,0,0,0,0
348,2017-04-17,21:03:54,0,ZC705,XZCE,622.8,620.0,623.0,3260,202602199.97,226268,226988,664,588.8,626.4,622.4,0.0,623.0,0.0,0,0,2017-04-18,75834000,622.6,57,0,0,0,0,0,0,0,0,622.8,5,0,0,0,0,0,0,0,0
349,2017-04-17,21:03:54,0,ZC705,XZCE,622.8,620.0,623.0,3260,202602199.97,226268,226988,664,588.8,626.4,622.4,0.0,623.0,0.0,0,0,2017-04-18,75834000,622.6,57,0,0,0,0,0,0,0,0,622.8,14,0,0,0,0,0,0,0,0
350,2017-04-17,21:03:55,0,ZC705,XZCE,622.8,620.0,623.0,3288,204346039.97,226296,226988,664,588.8,626.4,622.4,0.0,623.0,0.0,0,0,2017-04-18,75835000,622.8,6,0,0,0,0,0,0,0,0,623.0,58,0,0,0,0,0,0,0,0
351,2017-04-17,21:03:55,0,ZC705,XZCE,622.8,620.0,623.0,3290,204470599.97,226296,226988,664,588.8,626.4,622.4,0.0,623.0,0.0,0,0,2017-04-18,75835000,622.8,6,0,0,0,0,0,0,0,0,623.0,59,0,0,0,0,0,0,0,0
352,2017-04-17,21:03:56,0,ZC705,XZCE,622.8,620.0,623.0,3292,204595159.97,226298,226988,664,588.8,626.4,622.4,0.0,623.0,0.0,0,0,2017-04-18,75836000,622.8,5,0,0,0,0,0,0,0,0,623.0,60,0,0,0,0,0,0,0,0
353,2017-04-17,21:03:56,0,ZC705,XZCE,622.8,620.0,623.0,3294,204719719.97,226300,226988,664,588.8,626.4,622.4,0.0,623.0,0.0,0,0,2017-04-18,75836000,622.8,4,0,0,0,0,0,0,0,0,623.0,60,0,0,0,0,0,0,0,0
354,2017-04-17,21:03:57,0,ZC705,XZCE,622.8,620.0,623.0,3294,204719719.97,226300,226988,664,588.8,626.4,622.4,0.0,623.0,0.0,0,0,2017-04-18,75837000,622.8,5,0,0,0,0,0,0,0,0,623.0,60,0,0,0,0,0,0,0,0
355,2017-04-17,21:03:58,0,ZC705,XZCE,622.8,620.0,623.0,3294,204719719.97,226300,226988,664,588.8,626.4,622.4,0.0,623.0,0.0,0,0,2017-04-18,75838000,622.8,5,0,0,0,0,0,0,0,0,623.0,61,0,0,0,0,0,0,0,0
356,2017-04-17,21:03:58,0,ZC705,XZCE,622.8,620.0,623.0,3304,205342519.97,226306,226988,664,588.8,626.4,622.4,0.0,623.0,0.0,0,0,2017-04-18,75838000,622.6,58,0,0,0,0,0,0,0,0,623.0,62,0,0,0,0,0,0,0,0
357,2017-04-17,21:03:59,0,ZC705,XZCE,622.8,620.0,623.0,3304,205342519.97,226306,226988,664,588.8,626.4,622.4,0.0,623.0,0.0,0,0,2017-04-18,75839000,622.6,58,0,0,0,0,0,0,0,0,622.8,3,0,0,0,0,0,0,0,0
358,2017-04-17,21:04:00,0,ZC705,XZCE,622.8,620.0,623.0,3304,205342519.97,226306,226988,664,588.8,626.4,622.4,0.0,623.0,0.0,0,0,2017-04-18,75840000,622.6,58,0,0,0,0,0,0,0,0,622.8,12,0,0,0,0,0,0,0,0
359,2017-04-17,21:04:00,0,ZC705,XZCE,622.8,620.0,623.0,3304,205342519.97,226306,226988,664,588.8,626.4,622.4,0.0,623.0,0.0,0,0,2017-04-18,75840000,622.6,59,0,0,0,0,0,0,0,0,622.8,12,0,0,0,0,0,0,0,0
360,2017-04-17,21:04:01,0,ZC705,XZCE,622.6,620.0,623.0,3310,205716079.97,226306,226988,664,588.8,626.4,622.4,0.0,623.0,0.0,0,0,2017-04-18,75841000,622.6,56,0,0,0,0,0,0,0,0,622.8,12,0,0,0,0,0,0,0,0
361,2017-04-17,21:04:02,0,ZC705,XZCE,622.8,620.0,623.0,3316,206089759.97,226302,226988,664,588.8,626.4,622.4,0.0,623.0,0.0,0,0,2017-04-18,75842000,622.6,56,0,0,0,0,0,0,0,0,622.8,9,0,0,0,0,0,0,0,0
362,2017-04-17,21:04:02,0,ZC705,XZCE,622.8,620.0,623.0,3320,206338879.96,226304,226988,664,588.8,626.4,622.4,0.0,623.0,0.0,0,0,2017-04-18,75842000,622.6,56,0,0,0,0,0,0,0,0,622.8,8,0,0,0,0,0,0,0,0
363,2017-04-17,21:04:02,0,ZC705,XZCE,622.8,620.0,623.0,3322,206463439.96,226304,226988,664,588.8,626.4,622.4,0.0,623.0,0.0,0,0,2017-04-18,75842000,622.6,56,0,0,0,0,0,0,0,0,622.8,7,0,0,0,0,0,0,0,0
364,2017-04-17,21:04:03,0,ZC705,XZCE,622.8,620.0,623.0,3324,206587999.96,226304,226988,664,588.8,626.4,622.4,0.0,623.0,0.0,0,0,2017-04-18,75843000,622.6,56,0,0,0,0,0,0,0,0,622.8,6,0,0,0,0,0,0,0,0
365,2017-04-17,21:04:03,0,ZC705,XZCE,622.8,620.0,623.0,3330,206961679.96,226304,226988,664,588.8,626.4,622.4,0.0,623.0,0.0,0,0,2017-04-18,75843000,622.6,56,0,0,0,0,0,0,0,0,622.8,3,0,0,0,0,0,0,0,0
366,2017-04-17,21:04:04,0,ZC705,XZCE,623.0,620.0,623.0,3338,207460079.96,226302,226988,664,588.8,626.4,622.4,0.0,623.0,0.0,0,0,2017-04-18,75844000,622.8,59,0,0,0,0,0,0,0,0,623.0,62,0,0,0,0,0,0,0,0
367,2017-04-17,21:04:04,0,ZC705,XZCE,623.0,620.0,623.0,3354,208456879.96,226286,226988,664,588.8,626.4,622.4,0.0,623.0,0.0,0,0,2017-04-18,75844000,622.8,59,0,0,0,0,0,0,0,0,623.0,54,0,0,0,0,0,0,0,0
368,2017-04-17,21:04:05,0,ZC705,XZCE,623.0,620.0,623.0,3358,208706079.96,226282,226988,664,588.8,626.4,622.4,0.0,623.0,0.0,0,0,2017-04-18,75845000,622.8,60,0,0,0,0,0,0,0,0,623.0,53,0,0,0,0,0,0,0,0
369,2017-04-17,21:04:05,0,ZC705,XZCE,623.0,620.0,623.0,3378,209952079.96,226262,226988,664,588.8,626.4,622.4,0.0,623.0,0.0,0,0,2017-04-18,75845000,622.8,60,0,0,0,0,0,0,0,0,623.0,43,0,0,0,0,0,0,0,0
370,2017-04-17,21:04:06,0,ZC705,XZCE,622.8,620.0,623.0,3382,210201199.96,226262,226988,664,588.8,626.4,622.4,0.0,623.0,0.0,0,0,2017-04-18,75846000,622.8,58,0,0,0,0,0,0,0,0,623.0,43,0,0,0,0,0,0,0,0
371,2017-04-17,21:04:07,0,ZC705,XZCE,623.0,620.0,623.0,3414,212194799.96,226230,226988,664,588.8,626.4,622.4,0.0,623.0,0.0,0,0,2017-04-18,75847000,622.8,58,0,0,0,0,0,0,0,0,623.0,27,0,0,0,0,0,0,0,0
372,2017-04-17,21:04:07,0,ZC705,XZCE,623.0,620.0,623.0,3436,213565399.96,226212,226988,664,588.8,626.4,622.4,0.0,623.0,0.0,0,0,2017-04-18,75847000,622.8,58,0,0,0,0,0,0,0,0,623.0,16,0,0,0,0,0,0,0,0
373,2017-04-17,21:04:08,0,ZC705,XZCE,623.0,620.0,623.0,3456,214811399.96,226206,226988,664,588.8,626.4,622.4,0.0,623.0,0.0,0,0,2017-04-18,75848000,622.8,58,0,0,0,0,0,0,0,0,623.0,6,0,0,0,0,0,0,0,0
374,2017-04-17,21:04:08,0,ZC705,XZCE,623.0,620.0,623.0,3458,214935999.96,226208,226988,664,588.8,626.4,622.4,0.0,623.0,0.0,0,0,2017-04-18,75848000,622.8,58,0,0,0,0,0,0,0,0,623.0,5,0,0,0,0,0,0,0,0
375,2017-04-17,21:04:09,0,ZC705,XZCE,623.0,620.0,623.0,3460,215060599.96,226210,226988,664,588.8,626.4,622.4,0.0,623.0,0.0,0,0,2017-04-18,75849000,622.8,58,0,0,0,0,0,0,0,0,623.0,6,0,0,0,0,0,0,0,0
376,2017-04-17,21:04:10,0,ZC705,XZCE,622.8,620.0,623.0,3464,215309719.96,226208,226988,664,588.8,626.4,622.4,0.0,623.0,0.0,0,0,2017-04-18,75850000,622.6,57,0,0,0,0,0,0,0,0,622.8,2,0,0,0,0,0,0,0,0
377,2017-04-17,21:04:11,0,ZC705,XZCE,622.6,620.0,623.0,3550,220664079.96,226126,226988,664,588.8,626.4,622.4,0.0,623.0,0.0,0,0,2017-04-18,75851000,622.6,18,0,0,0,0,0,0,0,0,623.0,3,0,0,0,0,0,0,0,0
378,2017-04-17,21:04:12,0,ZC705,XZCE,622.6,620.0,623.0,3550,220664079.96,226126,226988,664,588.8,626.4,622.4,0.0,623.0,0.0,0,0,2017-04-18,75852000,622.6,18,0,0,0,0,0,0,0,0,623.0,15,0,0,0,0,0,0,0,0
379,2017-04-17,21:04:12,0,ZC705,XZCE,622.8,620.0,623.0,3558,221162319.96,226122,226988,664,588.8,626.4,622.4,0.0,623.0,0.0,0,0,2017-04-18,75852000,622.6,19,0,0,0,0,0,0,0,0,623.0,16,0,0,0,0,0,0,0,0
380,2017-04-17,21:04:12,0,ZC705,XZCE,622.8,620.0,623.0,3558,221162319.96,226122,226988,664,588.8,626.4,622.4,0.0,623.0,0.0,0,0,2017-04-18,75852000,622.6,19,0,0,0,0,0,0,0,0,623.0,19,0,0,0,0,0,0,0,0
381,2017-04-17,21:04:13,0,ZC705,XZCE,622.8,620.0,623.0,3558,221162319.96,226122,226988,664,588.8,626.4,622.4,0.0,623.0,0.0,0,0,2017-04-18,75853000,622.6,19,0,0,0,0,0,0,0,0,623.0,21,0,0,0,0,0,0,0,0
382,2017-04-17,21:04:13,0,ZC705,XZCE,622.8,620.0,623.0,3558,221162319.96,226122,226988,664,588.8,626.4,622.4,0.0,623.0,0.0,0,0,2017-04-18,75853000,622.6,21,0,0,0,0,0,0,0,0,623.0,21,0,0,0,0,0,0,0,0
383,2017-04-17,21:04:14,0,ZC705,XZCE,622.8,620.0,623.0,3558,221162319.96,226122,226988,664,588.8,626.4,622.4,0.0,623.0,0.0,0,0,2017-04-18,75854000,622.6,21,0,0,0,0,0,0,0,0,622.8,20,0,0,0,0,0,0,0,0
384,2017-04-17,21:04:15,0,ZC705,XZCE,622.6,620.0,623.0,3560,221286839.96,226122,226988,664,588.8,626.4,622.4,0.0,623.0,0.0,0,0,2017-04-18,75855000,622.6,20,0,0,0,0,0,0,0,0,622.8,20,0,0,0,0,0,0,0,0
385,2017-04-17,21:04:16,0,ZC705,XZCE,622.8,620.0,623.0,3576,222283319.96,226106,226988,664,588.8,626.4,622.4,0.0,623.0,0.0,0,0,2017-04-18,75856000,622.6,21,0,0,0,0,0,0,0,0,622.8,12,0,0,0,0,0,0,0,0
386,2017-04-17,21:04:16,0,ZC705,XZCE,622.8,620.0,623.0,3588,223030679.96,226094,226988,664,588.8,626.4,622.4,0.0,623.0,0.0,0,0,2017-04-18,75856000,622.6,21,0,0,0,0,0,0,0,0,622.8,6,0,0,0,0,0,0,0,0
387,2017-04-17,21:04:16,0,ZC705,XZCE,622.8,620.0,623.0,3600,223778039.96,226086,226988,664,588.8,626.4,622.4,0.0,623.0,0.0,0,0,2017-04-18,75856000,622.8,2,0,0,0,0,0,0,0,0,623.0,33,0,0,0,0,0,0,0,0
388,2017-04-17,21:04:17,0,ZC705,XZCE,622.8,620.0,623.0,3600,223778039.96,226086,226988,664,588.8,626.4,622.4,0.0,623.0,0.0,0,0,2017-04-18,75857000,622.8,4,0,0,0,0,0,0,0,0,623.0,31,0,0,0,0,0,0,0,0
389,2017-04-17,21:04:17,0,ZC705,XZCE,623.0,620.0,623.0,3606,224151839.96,226092,226988,664,588.8,626.4,622.4,0.0,623.0,0.0,0,0,2017-04-18,75857000,622.8,4,0,0,0,0,0,0,0,0,623.0,31,0,0,0,0,0,0,0,0
390,2017-04-17,21:04:19,0,ZC705,XZCE,623.0,620.0,623.0,3608,224276439.96,226094,226988,664,588.8,626.4,622.4,0.0,623.0,0.0,0,0,2017-04-18,75859000,622.8,4,0,0,0,0,0,0,0,0,623.0,31,0,0,0,0,0,0,0,0
391,2017-04-17,21:04:19,0,ZC705,XZCE,623.0,620.0,623.0,3610,224401039.96,226096,226988,664,588.8,626.4,622.4,0.0,623.0,0.0,0,0,2017-04-18,75859000,622.8,4,0,0,0,0,0,0,0,0,623.0,31,0,0,0,0,0,0,0,0
392,2017-04-17,21:04:19,0,ZC705,XZCE,623.0,620.0,623.0,3610,224401039.96,226096,226988,664,588.8,626.4,622.4,0.0,623.0,0.0,0,0,2017-04-18,75859000,622.8,4,0,0,0,0,0,0,0,0,623.0,33,0,0,0,0,0,0,0,0
393,2017-04-17,21:04:20,0,ZC705,XZCE,623.0,620.0,623.0,3620,225024039.96,226096,226988,664,588.8,626.4,622.4,0.0,623.0,0.0,0,0,2017-04-18,75860000,622.8,4,0,0,0,0,0,0,0,0,623.0,28,0,0,0,0,0,0,0,0
394,2017-04-17,21:04:21,0,ZC705,XZCE,623.0,620.0,623.0,3620,225024039.96,226096,226988,664,588.8,626.4,622.4,0.0,623.0,0.0,0,0,2017-04-18,75861000,622.8,5,0,0,0,0,0,0,0,0,623.0,29,0,0,0,0,0,0,0,0
395,2017-04-17,21:04:22,0,ZC705,XZCE,623.0,620.0,623.0,3620,225024039.96,226096,226988,664,588.8,626.4,622.4,0.0,623.0,0.0,0,0,2017-04-18,75862000,622.8,3,0,0,0,0,0,0,0,0,623.0,31,0,0,0,0,0,0,0,0
396,2017-04-17,21:04:22,0,ZC705,XZCE,622.8,620.0,623.0,3636,226020519.96,226098,226988,664,588.8,626.4,622.4,0.0,623.0,0.0,0,0,2017-04-18,75862000,622.6,21,0,0,0,0,0,0,0,0,623.0,31,0,0,0,0,0,0,0,0
397,2017-04-17,21:04:23,0,ZC705,XZCE,622.8,620.0,623.0,3636,226020519.96,226098,226988,664,588.8,626.4,622.4,0.0,623.0,0.0,0,0,2017-04-18,75863000,622.8,4,0,0,0,0,0,0,0,0,623.0,31,0,0,0,0,0,0,0,0
398,2017-04-17,21:04:24,0,ZC705,XZCE,622.8,620.0,623.0,3636,226020519.96,226098,226988,664,588.8,626.4,622.4,0.0,623.0,0.0,0,0,2017-04-18,75864000,622.8,4,0,0,0,0,0,0,0,0,623.0,29,0,0,0,0,0,0,0,0
399,2017-04-17,21:04:24,0,ZC705,XZCE,622.8,620.0,623.0,3640,226269639.96,226094,226988,664,588.8,626.4,622.4,0.0,623.0,0.0,0,0,2017-04-18,75864000,622.8,2,0,0,0,0,0,0,0,0,623.0,29,0,0,0,0,0,0,0,0
400,2017-04-17,21:04:26,0,ZC705,XZCE,623.0,620.0,623.0,3644,226518839.96,226092,226988,664,588.8,626.4,622.4,0.0,623.0,0.0,0,0,2017-04-18,75866000,622.8,2,0,0,0,0,0,0,0,0,623.0,27,0,0,0,0,0,0,0,0
401,2017-04-17,21:04:26,0,ZC705,XZCE,623.0,620.0,623.0,3644,226518839.96,226092,226988,664,588.8,626.4,622.4,0.0,623.0,0.0,0,0,2017-04-18,75866000,622.8,3,0,0,0,0,0,0,0,0,623.0,28,0,0,0,0,0,0,0,0
402,2017-04-17,21:04:27,0,ZC705,XZCE,623.0,620.0,623.0,3644,226518839.96,226092,226988,664,588.8,626.4,622.4,0.0,623.0,0.0,0,0,2017-04-18,75867000,622.8,4,0,0,0,0,0,0,0,0,623.0,28,0,0,0,0,0,0,0,0
403,2017-04-17,21:04:28,0,ZC705,XZCE,622.8,620.0,623.0,3652,227017079.96,226084,226988,664,588.8,626.4,622.4,0.0,623.0,0.0,0,0,2017-04-18,75868000,622.6,23,0,0,0,0,0,0,0,0,623.0,28,0,0,0,0,0,0,0,0
404,2017-04-17,21:04:28,0,ZC705,XZCE,622.8,620.0,623.0,3656,227266199.95,226084,226988,664,588.8,626.4,622.4,0.0,623.0,0.0,0,0,2017-04-18,75868000,622.6,23,0,0,0,0,0,0,0,0,622.8,3,0,0,0,0,0,0,0,0
405,2017-04-17,21:04:29,0,ZC705,XZCE,622.8,620.0,623.0,3662,227639879.95,226084,226988,664,588.8,626.4,622.4,0.0,623.0,0.0,0,0,2017-04-18,75869000,622.6,23,0,0,0,0,0,0,0,0,623.0,28,0,0,0,0,0,0,0,0
406,2017-04-17,21:04:30,0,ZC705,XZCE,622.8,620.0,623.0,3662,227639879.95,226084,226988,664,588.8,626.4,622.4,0.0,623.0,0.0,0,0,2017-04-18,75870000,622.6,23,0,0,0,0,0,0,0,0,622.8,2,0,0,0,0,0,0,0,0
407,2017-04-17,21:04:30,0,ZC705,XZCE,622.8,620.0,623.0,3662,227639879.95,226084,226988,664,588.8,626.4,622.4,0.0,623.0,0.0,0,0,2017-04-18,75870000,622.6,21,0,0,0,0,0,0,0,0,622.8,2,0,0,0,0,0,0,0,0
408,2017-04-17,21:04:31,0,ZC705,XZCE,622.8,620.0,623.0,3662,227639879.95,226084,226988,664,588.8,626.4,622.4,0.0,623.0,0.0,0,0,2017-04-18,75871000,622.6,21,0,0,0,0,0,0,0,0,622.8,3,0,0,0,0,0,0,0,0
409,2017-04-17,21:04:33,0,ZC705,XZCE,622.8,620.0,623.0,3672,228262679.95,226074,226988,664,588.8,626.4,622.4,0.0,623.0,0.0,0,0,2017-04-18,75873000,622.6,21,0,0,0,0,0,0,0,0,623.0,28,0,0,0,0,0,0,0,0
410,2017-04-17,21:04:33,0,ZC705,XZCE,622.8,620.0,623.0,3672,228262679.95,226074,226988,664,588.8,626.4,622.4,0.0,623.0,0.0,0,0,2017-04-18,75873000,622.6,21,0,0,0,0,0,0,0,0,622.8,2,0,0,0,0,0,0,0,0
411,2017-04-17,21:04:35,0,ZC705,XZCE,622.6,620.0,623.0,3674,228387199.95,226074,226988,664,588.8,626.4,622.4,0.0,623.0,0.0,0,0,2017-04-18,75875000,622.6,20,0,0,0,0,0,0,0,0,622.8,2,0,0,0,0,0,0,0,0
412,2017-04-17,21:04:36,0,ZC705,XZCE,622.6,620.0,623.0,3694,229632399.95,226054,226988,664,588.8,626.4,622.4,0.0,623.0,0.0,0,0,2017-04-18,75876000,622.6,10,0,0,0,0,0,0,0,0,622.8,16,0,0,0,0,0,0,0,0
413,2017-04-17,21:04:36,0,ZC705,XZCE,622.6,620.0,623.0,3714,230877599.95,226042,226988,664,588.8,626.4,622.4,0.0,623.0,0.0,0,0,2017-04-18,75876000,622.4,10,0,0,0,0,0,0,0,0,622.6,5,0,0,0,0,0,0,0,0
414,2017-04-17,21:04:36,0,ZC705,XZCE,622.6,620.0,623.0,3714,230877599.95,226042,226988,664,588.8,626.4,622.4,0.0,623.0,0.0,0,0,2017-04-18,75876000,622.4,10,0,0,0,0,0,0,0,0,622.6,4,0,0,0,0,0,0,0,0
415,2017-04-17,21:04:37,0,ZC705,XZCE,622.6,620.0,623.0,3714,230877599.95,226042,226988,664,588.8,626.4,622.4,0.0,623.0,0.0,0,0,2017-04-18,75877000,622.4,8,0,0,0,0,0,0,0,0,622.6,4,0,0,0,0,0,0,0,0
416,2017-04-17,21:04:38,0,ZC705,XZCE,622.8,620.0,623.0,3790,235610879.95,225996,226988,664,588.8,626.4,622.4,0.0,623.0,0.0,0,0,2017-04-18,75878000,622.4,8,0,0,0,0,0,0,0,0,622.6,3,0,0,0,0,0,0,0,0
417,2017-04-17,21:04:39,0,ZC705,XZCE,622.8,620.0,623.0,3790,235610879.95,225996,226988,664,588.8,626.4,622.4,0.0,623.0,0.0,0,0,2017-04-18,75879000,622.4,10,0,0,0,0,0,0,0,0,622.8,2,0,0,0,0,0,0,0,0
418,2017-04-17,21:04:40,0,ZC705,XZCE,622.8,620.0,623.0,3790,235610879.95,225996,226988,664,588.8,626.4,622.4,0.0,623.0,0.0,0,0,2017-04-18,75880000,622.6,1,0,0,0,0,0,0,0,0,622.8,2,0,0,0,0,0,0,0,0
419,2017-04-17,21:04:41,0,ZC705,XZCE,622.6,620.0,623.0,3792,235735399.95,225996,226988,664,588.8,626.4,622.4,0.0,623.0,0.0,0,0,2017-04-18,75881000,622.4,10,0,0,0,0,0,0,0,0,622.8,2,0,0,0,0,0,0,0,0
420,2017-04-17,21:04:44,0,ZC705,XZCE,622.4,620.0,623.0,3804,236482279.95,226000,226988,664,588.8,626.4,622.4,0.0,623.0,0.0,0,0,2017-04-18,75884000,622.4,4,0,0,0,0,0,0,0,0,622.6,1,0,0,0,0,0,0,0,0
421,2017-04-17,21:04:47,0,ZC705,XZCE,622.6,620.0,623.0,3810,236855839.95,225996,226988,664,588.8,626.4,622.4,0.0,623.0,0.0,0,0,2017-04-18,75887000,622.4,4,0,0,0,0,0,0,0,0,622.8,2,0,0,0,0,0,0,0,0
422,2017-04-17,21:04:48,0,ZC705,XZCE,622.6,620.0,623.0,3810,236855839.95,225996,226988,664,588.8,626.4,622.4,0.0,623.0,0.0,0,0,2017-04-18,75888000,622.4,4,0,0,0,0,0,0,0,0,622.6,5,0,0,0,0,0,0,0,0
423,2017-04-17,21:04:48,0,ZC705,XZCE,622.6,620.0,623.0,3810,236855839.95,225996,226988,664,588.8,626.4,622.4,0.0,623.0,0.0,0,0,2017-04-18,75888000,622.4,4,0,0,0,0,0,0,0,0,622.6,7,0,0,0,0,0,0,0,0
424,2017-04-17,21:04:48,0,ZC705,XZCE,622.6,620.0,623.0,3828,237976519.95,226004,226988,664,588.8,626.4,622.4,0.0,623.0,0.0,0,0,2017-04-18,75888000,622.6,51,0,0,0,0,0,0,0,0,622.8,8,0,0,0,0,0,0,0,0
425,2017-04-17,21:04:49,0,ZC705,XZCE,622.8,620.0,623.0,3832,238225639.95,226000,226988,664,588.8,626.4,622.4,0.0,623.0,0.0,0,0,2017-04-18,75889000,622.6,51,0,0,0,0,0,0,0,0,622.8,6,0,0,0,0,0,0,0,0
426,2017-04-17,21:04:50,0,ZC705,XZCE,622.8,620.0,623.0,3832,238225639.95,226000,226988,664,588.8,626.4,622.4,0.0,623.0,0.0,0,0,2017-04-18,75890000,622.6,51,0,0,0,0,0,0,0,0,622.8,2,0,0,0,0,0,0,0,0
427,2017-04-17,21:04:51,0,ZC705,XZCE,622.6,620.0,623.0,3842,238848239.95,226002,226988,664,588.8,626.4,622.4,0.0,623.0,0.0,0,0,2017-04-18,75891000,622.6,50,0,0,0,0,0,0,0,0,623.0,41,0,0,0,0,0,0,0,0
428,2017-04-17,21:04:52,0,ZC705,XZCE,622.8,620.0,623.0,3844,238972799.95,226000,226988,664,588.8,626.4,622.4,0.0,623.0,0.0,0,0,2017-04-18,75892000,622.6,50,0,0,0,0,0,0,0,0,622.8,5,0,0,0,0,0,0,0,0
429,2017-04-17,21:04:53,0,ZC705,XZCE,622.8,620.0,623.0,3844,238972799.95,226000,226988,664,588.8,626.4,622.4,0.0,623.0,0.0,0,0,2017-04-18,75893000,622.6,50,0,0,0,0,0,0,0,0,622.8,7,0,0,0,0,0,0,0,0
430,2017-04-17,21:04:54,0,ZC705,XZCE,622.8,620.0,623.0,3844,238972799.95,226000,226988,664,588.8,626.4,622.4,0.0,623.0,0.0,0,0,2017-04-18,75894000,622.6,50,0,0,0,0,0,0,0,0,622.8,8,0,0,0,0,0,0,0,0
431,2017-04-17,21:04:54,0,ZC705,XZCE,622.6,620.0,623.0,3848,239221839.95,226000,226988,664,588.8,626.4,622.4,0.0,623.0,0.0,0,0,2017-04-18,75894000,622.6,48,0,0,0,0,0,0,0,0,622.8,7,0,0,0,0,0,0,0,0
432,2017-04-17,21:04:57,0,ZC705,XZCE,622.8,620.0,623.0,3852,239470959.95,225996,226988,664,588.8,626.4,622.4,0.0,623.0,0.0,0,0,2017-04-18,75897000,622.6,48,0,0,0,0,0,0,0,0,622.8,7,0,0,0,0,0,0,0,0
433,2017-04-17,21:04:57,0,ZC705,XZCE,622.8,620.0,623.0,3854,239595519.95,225994,226988,664,588.8,626.4,622.4,0.0,623.0,0.0,0,0,2017-04-18,75897000,622.6,48,0,0,0,0,0,0,0,0,622.8,6,0,0,0,0,0,0,0,0
434,2017-04-17,21:04:58,0,ZC705,XZCE,622.8,620.0,623.0,3856,239720079.95,225994,226988,664,588.8,626.4,622.4,0.0,623.0,0.0,0,0,2017-04-18,75898000,622.6,48,0,0,0,0,0,0,0,0,622.8,6,0,0,0,0,0,0,0,0
435,2017-04-17,21:04:59,0,ZC705,XZCE,622.8,620.0,623.0,3856,239720079.95,225994,226988,664,588.8,626.4,622.4,0.0,623.0,0.0,0,0,2017-04-18,75899000,622.6,48,0,0,0,0,0,0,0,0,622.8,4,0,0,0,0,0,0,0,0
436,2017-04-17,21:05:00,0,ZC705,XZCE,622.8,620.0,623.0,3856,239720079.95,225994,226988,664,588.8,626.4,622.4,0.0,623.0,0.0,0,0,2017-04-18,75900000,622.6,53,0,0,0,0,0,0,0,0,622.8,5,0,0,0,0,0,0,0,0
437,2017-04-17,21:05:00,0,ZC705,XZCE,622.8,620.0,623.0,3860,239969199.95,225998,226988,664,588.8,626.4,622.4,0.0,623.0,0.0,0,0,2017-04-18,75900000,622.6,53,0,0,0,0,0,0,0,0,622.8,2,0,0,0,0,0,0,0,0
438,2017-04-17,21:05:00,0,ZC705,XZCE,622.8,620.0,623.0,3866,240342879.95,225994,226988,664,588.8,626.4,622.4,0.0,623.0,0.0,0,0,2017-04-18,75900000,622.8,3,0,0,0,0,0,0,0,0,623.0,46,0,0,0,0,0,0,0,0
439,2017-04-17,21:05:01,0,ZC705,XZCE,622.8,620.0,623.0,3868,240467439.95,225992,226988,664,588.8,626.4,622.4,0.0,623.0,0.0,0,0,2017-04-18,75901000,622.8,2,0,0,0,0,0,0,0,0,623.0,45,0,0,0,0,0,0,0,0
440,2017-04-17,21:05:02,0,ZC705,XZCE,622.8,620.0,623.0,3872,240716559.95,225988,226988,664,588.8,626.4,622.4,0.0,623.0,0.0,0,0,2017-04-18,75902000,622.6,53,0,0,0,0,0,0,0,0,623.0,55,0,0,0,0,0,0,0,0
441,2017-04-17,21:05:02,0,ZC705,XZCE,622.8,620.0,623.0,3872,240716559.95,225988,226988,664,588.8,626.4,622.4,0.0,623.0,0.0,0,0,2017-04-18,75902000,622.6,53,0,0,0,0,0,0,0,0,622.8,9,0,0,0,0,0,0,0,0
442,2017-04-17,21:05:06,0,ZC705,XZCE,622.8,620.0,623.0,3872,240716559.95,225988,226988,664,588.8,626.4,622.4,0.0,623.0,0.0,0,0,2017-04-18,75906000,622.6,53,0,0,0,0,0,0,0,0,622.8,11,0,0,0,0,0,0,0,0
443,2017-04-17,21:05:06,0,ZC705,XZCE,622.8,620.0,623.0,3874,240841119.95,225990,226988,664,588.8,626.4,622.4,0.0,623.0,0.0,0,0,2017-04-18,75906000,622.6,53,0,0,0,0,0,0,0,0,622.8,10,0,0,0,0,0,0,0,0
444,2017-04-17,21:05:07,0,ZC705,XZCE,622.8,620.0,623.0,3876,240965679.94,225990,226988,664,588.8,626.4,622.4,0.0,623.0,0.0,0,0,2017-04-18,75907000,622.6,53,0,0,0,0,0,0,0,0,622.8,9,0,0,0,0,0,0,0,0
445,2017-04-17,21:05:08,0,ZC705,XZCE,622.8,620.0,623.0,3878,241090239.94,225992,226988,664,588.8,626.4,622.4,0.0,623.0,0.0,0,0,2017-04-18,75908000,622.6,53,0,0,0,0,0,0,0,0,622.8,8,0,0,0,0,0,0,0,0
446,2017-04-17,21:05:08,0,ZC705,XZCE,622.6,620.0,623.0,3880,241214759.94,225992,226988,664,588.8,626.4,622.4,0.0,623.0,0.0,0,0,2017-04-18,75908000,622.6,52,0,0,0,0,0,0,0,0,622.8,8,0,0,0,0,0,0,0,0
447,2017-04-17,21:05:08,0,ZC705,XZCE,622.8,620.0,623.0,3882,241339319.94,225992,226988,664,588.8,626.4,622.4,0.0,623.0,0.0,0,0,2017-04-18,75908000,622.6,52,0,0,0,0,0,0,0,0,622.8,7,0,0,0,0,0,0,0,0
448,2017-04-17,21:05:09,0,ZC705,XZCE,622.8,620.0,623.0,3888,241712999.94,225992,226988,664,588.8,626.4,622.4,0.0,623.0,0.0,0,0,2017-04-18,75909000,622.6,52,0,0,0,0,0,0,0,0,622.8,4,0,0,0,0,0,0,0,0
449,2017-04-17,21:05:10,0,ZC705,XZCE,622.8,620.0,623.0,3896,242211239.94,225992,226988,664,588.8,626.4,622.4,0.0,623.0,0.0,0,0,2017-04-18,75910000,622.8,5,0,0,0,0,0,0,0,0,623.0,57,0,0,0,0,0,0,0,0
450,2017-04-17,21:05:10,0,ZC705,XZCE,622.8,620.0,623.0,3896,242211239.94,225992,226988,664,588.8,626.4,622.4,0.0,623.0,0.0,0,0,2017-04-18,75910000,622.8,7,0,0,0,0,0,0,0,0,623.0,57,0,0,0,0,0,0,0,0
451,2017-04-17,21:05:12,0,ZC705,XZCE,622.8,620.0,623.0,3898,242335799.94,225992,226988,664,588.8,626.4,622.4,0.0,623.0,0.0,0,0,2017-04-18,75912000,622.8,6,0,0,0,0,0,0,0,0,623.0,57,0,0,0,0,0,0,0,0
452,2017-04-17,21:05:12,0,ZC705,XZCE,622.8,620.0,623.0,3902,242584919.94,225988,226988,664,588.8,626.4,622.4,0.0,623.0,0.0,0,0,2017-04-18,75912000,622.8,4,0,0,0,0,0,0,0,0,623.0,57,0,0,0,0,0,0,0,0
453,2017-04-17,21:05:14,0,ZC705,XZCE,622.8,620.0,623.0,3902,242584919.94,225988,226988,664,588.8,626.4,622.4,0.0,623.0,0.0,0,0,2017-04-18,75914000,622.8,2,0,0,0,0,0,0,0,0,623.0,55,0,0,0,0,0,0,0,0
454,2017-04-17,21:05:14,0,ZC705,XZCE,622.8,620.0,623.0,3902,242584919.94,225988,226988,664,588.8,626.4,622.4,0.0,623.0,0.0,0,0,2017-04-18,75914000,622.8,11,0,0,0,0,0,0,0,0,623.0,55,0,0,0,0,0,0,0,0
455,2017-04-17,21:05:14,0,ZC705,XZCE,622.8,620.0,623.0,3904,242709479.94,225988,226988,664,588.8,626.4,622.4,0.0,623.0,0.0,0,0,2017-04-18,75914000,622.8,10,0,0,0,0,0,0,0,0,623.0,55,0,0,0,0,0,0,0,0
456,2017-04-17,21:05:15,0,ZC705,XZCE,622.8,620.0,623.0,3904,242709479.94,225988,226988,664,588.8,626.4,622.4,0.0,623.0,0.0,0,0,2017-04-18,75915000,622.8,15,0,0,0,0,0,0,0,0,623.0,55,0,0,0,0,0,0,0,0
457,2017-04-17,21:05:17,0,ZC705,XZCE,622.8,620.0,623.0,3906,242834039.94,225986,226988,664,588.8,626.4,622.4,0.0,623.0,0.0,0,0,2017-04-18,75917000,622.8,16,0,0,0,0,0,0,0,0,623.0,55,0,0,0,0,0,0,0,0
458,2017-04-17,21:05:17,0,ZC705,XZCE,623.0,620.0,623.0,3908,242958639.94,225986,226988,664,588.8,626.4,622.4,0.0,623.0,0.0,0,0,2017-04-18,75917000,622.8,16,0,0,0,0,0,0,0,0,623.0,58,0,0,0,0,0,0,0,0
459,2017-04-17,21:05:18,0,ZC705,XZCE,623.0,620.0,623.0,3908,242958639.94,225986,226988,664,588.8,626.4,622.4,0.0,623.0,0.0,0,0,2017-04-18,75918000,622.8,16,0,0,0,0,0,0,0,0,623.0,59,0,0,0,0,0,0,0,0
460,2017-04-17,21:05:18,0,ZC705,XZCE,623.0,620.0,623.0,3908,242958639.94,225986,226988,664,588.8,626.4,622.4,0.0,623.0,0.0,0,0,2017-04-18,75918000,622.8,16,0,0,0,0,0,0,0,0,623.0,60,0,0,0,0,0,0,0,0
461,2017-04-17,21:05:19,0,ZC705,XZCE,623.0,620.0,623.0,3916,243457039.94,225986,226988,664,588.8,626.4,622.4,0.0,623.0,0.0,0,0,2017-04-18,75919000,622.8,16,0,0,0,0,0,0,0,0,623.0,56,0,0,0,0,0,0,0,0
462,2017-04-17,21:05:20,0,ZC705,XZCE,623.0,620.0,623.0,3918,243581639.94,225988,226988,664,588.8,626.4,622.4,0.0,623.0,0.0,0,0,2017-04-18,75920000,622.8,16,0,0,0,0,0,0,0,0,623.0,55,0,0,0,0,0,0,0,0
463,2017-04-17,21:05:21,0,ZC705,XZCE,623.0,620.0,623.0,4028,250434639.94,225934,226988,664,588.8,626.4,622.4,0.0,623.0,0.0,0,0,2017-04-18,75921000,623.0,10,0,0,0,0,0,0,0,0,623.2,17,0,0,0,0,0,0,0,0
464,2017-04-17,21:05:21,0,ZC705,XZCE,623.0,620.0,623.0,4030,250559239.94,225932,226988,664,588.8,626.4,622.4,0.0,623.0,0.0,0,0,2017-04-18,75921000,623.0,11,0,0,0,0,0,0,0,0,623.2,19,0,0,0,0,0,0,0,0
465,2017-04-17,21:05:21,0,ZC705,XZCE,623.0,620.0,623.0,4032,250683839.94,225932,226988,664,588.8,626.4,622.4,0.0,623.0,0.0,0,0,2017-04-18,75921000,623.0,8,0,0,0,0,0,0,0,0,623.2,19,0,0,0,0,0,0,0,0
466,2017-04-17,21:05:23,0,ZC705,XZCE,623.2,620.0,623.2,4034,250808479.94,225934,226988,664,588.8,626.4,622.4,0.0,623.0,0.0,0,0,2017-04-18,75923000,623.0,8,0,0,0,0,0,0,0,0,623.2,18,0,0,0,0,0,0,0,0
467,2017-04-17,21:05:24,0,ZC705,XZCE,623.2,620.0,623.2,4046,251556319.94,225926,226988,664,588.8,626.4,622.4,0.0,623.0,0.0,0,0,2017-04-18,75924000,623.0,8,0,0,0,0,0,0,0,0,623.2,12,0,0,0,0,0,0,0,0
468,2017-04-17,21:05:25,0,ZC705,XZCE,623.2,620.0,623.2,4072,253176639.94,225912,226988,664,588.8,626.4,622.4,0.0,623.0,0.0,0,0,2017-04-18,75925000,623.2,1,0,0,0,0,0,0,0,0,623.4,4,0,0,0,0,0,0,0,0
469,2017-04-17,21:05:25,0,ZC705,XZCE,623.2,620.0,623.2,4072,253176639.94,225912,226988,664,588.8,626.4,622.4,0.0,623.0,0.0,0,0,2017-04-18,75925000,623.2,1,0,0,0,0,0,0,0,0,623.4,6,0,0,0,0,0,0,0,0
470,2017-04-17,21:05:29,0,ZC705,XZCE,623.4,620.0,623.4,4092,254423439.94,225898,226988,664,588.8,626.4,622.4,0.0,623.0,0.0,0,0,2017-04-18,75929000,623.2,20,0,0,0,0,0,0,0,0,623.4,1,0,0,0,0,0,0,0,0
471,2017-04-17,21:05:30,0,ZC705,XZCE,623.6,620.0,623.6,4128,256668399.94,225870,226988,664,588.8,626.4,622.4,0.0,623.0,0.0,0,0,2017-04-18,75930000,623.4,4,0,0,0,0,0,0,0,0,623.6,2,0,0,0,0,0,0,0,0
472,2017-04-17,21:05:30,0,ZC705,XZCE,623.4,620.0,623.6,4138,257291799.94,225866,226988,664,588.8,626.4,622.4,0.0,623.0,0.0,0,0,2017-04-18,75930000,623.2,20,0,0,0,0,0,0,0,0,623.6,1,0,0,0,0,0,0,0,0
473,2017-04-17,21:05:31,0,ZC705,XZCE,623.4,620.0,623.6,4150,258039879.94,225856,226988,664,588.8,626.4,622.4,0.0,623.0,0.0,0,0,2017-04-18,75931000,623.4,9,0,0,0,0,0,0,0,0,623.6,21,0,0,0,0,0,0,0,0
474,2017-04-17,21:05:31,0,ZC705,XZCE,623.4,620.0,623.6,4168,259161999.94,225838,226988,664,588.8,626.4,622.4,0.0,623.0,0.0,0,0,2017-04-18,75931000,623.2,19,0,0,0,0,0,0,0,0,623.4,21,0,0,0,0,0,0,0,0
475,2017-04-17,21:05:32,0,ZC705,XZCE,623.2,620.0,623.6,4206,261530159.94,225800,226988,664,588.8,626.4,622.4,0.0,623.0,0.0,0,0,2017-04-18,75932000,622.8,2,0,0,0,0,0,0,0,0,623.2,2,0,0,0,0,0,0,0,0
476,2017-04-17,21:05:33,0,ZC705,XZCE,623.2,620.0,623.6,4210,261779439.94,225800,226988,664,588.8,626.4,622.4,0.0,623.0,0.0,0,0,2017-04-18,75933000,623.2,6,0,0,0,0,0,0,0,0,623.4,5,0,0,0,0,0,0,0,0
477,2017-04-17,21:05:33,0,ZC705,XZCE,623.2,620.0,623.6,4210,261779439.94,225800,226988,664,588.8,626.4,622.4,0.0,623.0,0.0,0,0,2017-04-18,75933000,623.2,7,0,0,0,0,0,0,0,0,623.4,7,0,0,0,0,0,0,0,0
478,2017-04-17,21:05:34,0,ZC705,XZCE,623.2,620.0,623.6,4210,261779439.94,225800,226988,664,588.8,626.4,622.4,0.0,623.0,0.0,0,0,2017-04-18,75934000,623.2,9,0,0,0,0,0,0,0,0,623.4,7,0,0,0,0,0,0,0,0
479,2017-04-17,21:05:34,0,ZC705,XZCE,623.2,620.0,623.6,4210,261779439.94,225800,226988,664,588.8,626.4,622.4,0.0,623.0,0.0,0,0,2017-04-18,75934000,623.2,10,0,0,0,0,0,0,0,0,623.4,5,0,0,0,0,0,0,0,0
480,2017-04-17,21:05:34,0,ZC705,XZCE,623.2,620.0,623.6,4212,261904079.94,225800,226988,664,588.8,626.4,622.4,0.0,623.0,0.0,0,0,2017-04-18,75934000,623.2,9,0,0,0,0,0,0,0,0,623.4,5,0,0,0,0,0,0,0,0
481,2017-04-17,21:05:35,0,ZC705,XZCE,623.2,620.0,623.6,4212,261904079.94,225800,226988,664,588.8,626.4,622.4,0.0,623.0,0.0,0,0,2017-04-18,75935000,623.2,10,0,0,0,0,0,0,0,0,623.4,7,0,0,0,0,0,0,0,0
482,2017-04-17,21:05:35,0,ZC705,XZCE,623.4,620.0,623.6,4226,262776839.94,225800,226988,664,588.8,626.4,622.4,0.0,623.0,0.0,0,0,2017-04-18,75935000,623.4,8,0,0,0,0,0,0,0,0,623.6,22,0,0,0,0,0,0,0,0
483,2017-04-17,21:05:36,0,ZC705,XZCE,623.4,620.0,623.6,4230,263026199.94,225802,226988,664,588.8,626.4,622.4,0.0,623.0,0.0,0,0,2017-04-18,75936000,623.4,6,0,0,0,0,0,0,0,0,623.6,22,0,0,0,0,0,0,0,0
484,2017-04-17,21:05:36,0,ZC705,XZCE,623.6,620.0,623.6,4260,264896999.94,225772,226988,664,588.8,626.4,622.4,0.0,623.0,0.0,0,0,2017-04-18,75936000,623.4,6,0,0,0,0,0,0,0,0,623.6,7,0,0,0,0,0,0,0,0
485,2017-04-17,21:05:37,0,ZC705,XZCE,623.6,620.0,623.6,4266,265271159.94,225770,226988,664,588.8,626.4,622.4,0.0,623.0,0.0,0,0,2017-04-18,75937000,623.4,5,0,0,0,0,0,0,0,0,623.6,5,0,0,0,0,0,0,0,0
486,2017-04-17,21:05:39,0,ZC705,XZCE,623.4,620.0,623.6,4268,265395839.94,225772,226988,664,588.8,626.4,622.4,0.0,623.0,0.0,0,0,2017-04-18,75939000,623.4,4,0,0,0,0,0,0,0,0,623.6,5,0,0,0,0,0,0,0,0
487,2017-04-17,21:05:40,0,ZC705,XZCE,623.6,620.0,623.6,4292,266892479.94,225750,226988,664,588.8,626.4,622.4,0.0,623.0,0.0,0,0,2017-04-18,75940000,623.4,6,0,0,0,0,0,0,0,0,623.6,6,0,0,0,0,0,0,0,0
488,2017-04-17,21:05:41,0,ZC705,XZCE,623.4,620.0,623.6,4294,267017159.94,225752,226988,664,588.8,626.4,622.4,0.0,623.0,0.0,0,0,2017-04-18,75941000,623.4,5,0,0,0,0,0,0,0,0,623.6,7,0,0,0,0,0,0,0,0
489,2017-04-17,21:05:41,0,ZC705,XZCE,623.4,620.0,623.6,4294,267017159.94,225752,226988,664,588.8,626.4,622.4,0.0,623.0,0.0,0,0,2017-04-18,75941000,623.4,5,0,0,0,0,0,0,0,0,623.6,9,0,0,0,0,0,0,0,0
490,2017-04-17,21:05:42,0,ZC705,XZCE,623.6,620.0,623.6,4298,267266599.94,225748,226988,664,588.8,626.4,622.4,0.0,623.0,0.0,0,0,2017-04-18,75942000,623.4,5,0,0,0,0,0,0,0,0,623.6,7,0,0,0,0,0,0,0,0
491,2017-04-17,21:05:42,0,ZC705,XZCE,623.2,620.0,623.6,4314,268263719.94,225738,226988,664,588.8,626.4,622.4,0.0,623.0,0.0,0,0,2017-04-18,75942000,623.2,9,0,0,0,0,0,0,0,0,623.4,15,0,0,0,0,0,0,0,0
492,2017-04-17,21:05:43,0,ZC705,XZCE,623.4,620.0,623.6,4318,268513079.94,225734,226988,664,588.8,626.4,622.4,0.0,623.0,0.0,0,0,2017-04-18,75943000,623.2,7,0,0,0,0,0,0,0,0,623.4,13,0,0,0,0,0,0,0,0
493,2017-04-17,21:05:43,0,ZC705,XZCE,623.4,620.0,623.6,4320,268637759.94,225732,226988,664,588.8,626.4,622.4,0.0,623.0,0.0,0,0,2017-04-18,75943000,623.2,6,0,0,0,0,0,0,0,0,623.4,12,0,0,0,0,0,0,0,0
494,2017-04-17,21:05:44,0,ZC705,XZCE,623.4,620.0,623.6,4324,268887119.94,225730,226988,664,588.8,626.4,622.4,0.0,623.0,0.0,0,0,2017-04-18,75944000,623.2,6,0,0,0,0,0,0,0,0,623.4,11,0,0,0,0,0,0,0,0
495,2017-04-17,21:05:44,0,ZC705,XZCE,623.4,620.0,623.6,4324,268887119.94,225730,226988,664,588.8,626.4,622.4,0.0,623.0,0.0,0,0,2017-04-18,75944000,623.2,20,0,0,0,0,0,0,0,0,623.4,11,0,0,0,0,0,0,0,0
496,2017-04-17,21:05:45,0,ZC705,XZCE,623.4,620.0,623.6,4324,268887119.94,225730,226988,664,588.8,626.4,622.4,0.0,623.0,0.0,0,0,2017-04-18,75945000,623.2,22,0,0,0,0,0,0,0,0,623.4,11,0,0,0,0,0,0,0,0
497,2017-04-17,21:05:46,0,ZC705,XZCE,623.4,620.0,623.6,4324,268887119.94,225730,226988,664,588.8,626.4,622.4,0.0,623.0,0.0,0,0,2017-04-18,75946000,623.2,22,0,0,0,0,0,0,0,0,623.4,12,0,0,0,0,0,0,0,0
498,2017-04-17,21:05:46,0,ZC705,XZCE,623.4,620.0,623.6,4324,268887119.94,225730,226988,664,588.8,626.4,622.4,0.0,623.0,0.0,0,0,2017-04-18,75946000,623.2,23,0,0,0,0,0,0,0,0,623.4,12,0,0,0,0,0,0,0,0
499,2017-04-17,21:05:46,0,ZC705,XZCE,623.4,620.0,623.6,4326,269011799.94,225728,226988,664,588.8,626.4,622.4,0.0,623.0,0.0,0,0,2017-04-18,75946000,623.2,23,0,0,0,0,0,0,0,0,623.4,11,0,0,0,0,0,0,0,0
500,2017-04-17,21:05:48,0,ZC705,XZCE,623.4,620.0,623.6,4326,269011799.94,225728,226988,664,588.8,626.4,622.4,0.0,623.0,0.0,0,0,2017-04-18,75948000,623.2,21,0,0,0,0,0,0,0,0,623.4,11,0,0,0,0,0,0,0,0
501,2017-04-17,21:05:48,0,ZC705,XZCE,623.4,620.0,623.6,4330,269261159.94,225724,226988,664,588.8,626.4,622.4,0.0,623.0,0.0,0,0,2017-04-18,75948000,623.2,21,0,0,0,0,0,0,0,0,623.4,9,0,0,0,0,0,0,0,0
502,2017-04-17,21:05:49,0,ZC705,XZCE,623.4,620.0,623.6,4352,270632639.94,225732,226988,664,588.8,626.4,622.4,0.0,623.0,0.0,0,0,2017-04-18,75949000,623.4,49,0,0,0,0,0,0,0,0,623.6,5,0,0,0,0,0,0,0,0
503,2017-04-17,21:05:50,0,ZC705,XZCE,623.4,620.0,623.6,4352,270632639.94,225732,226988,664,588.8,626.4,622.4,0.0,623.0,0.0,0,0,2017-04-18,75950000,623.4,52,0,0,0,0,0,0,0,0,623.6,5,0,0,0,0,0,0,0,0
504,2017-04-17,21:05:51,0,ZC705,XZCE,623.4,620.0,623.6,4368,271630079.94,225744,226988,664,588.8,626.4,622.4,0.0,623.0,0.0,0,0,2017-04-18,75951000,623.4,44,0,0,0,0,0,0,0,0,623.6,5,0,0,0,0,0,0,0,0
505,2017-04-17,21:05:51,0,ZC705,XZCE,623.4,620.0,623.6,4368,271630079.94,225744,226988,664,588.8,626.4,622.4,0.0,623.0,0.0,0,0,2017-04-18,75951000,623.4,44,0,0,0,0,0,0,0,0,623.6,7,0,0,0,0,0,0,0,0
506,2017-04-17,21:05:52,0,ZC705,XZCE,623.4,620.0,623.6,4370,271754759.94,225744,226988,664,588.8,626.4,622.4,0.0,623.0,0.0,0,0,2017-04-18,75952000,623.4,43,0,0,0,0,0,0,0,0,623.6,7,0,0,0,0,0,0,0,0
507,2017-04-17,21:05:52,0,ZC705,XZCE,623.6,620.0,623.6,4372,271879479.94,225744,226988,664,588.8,626.4,622.4,0.0,623.0,0.0,0,0,2017-04-18,75952000,623.4,43,0,0,0,0,0,0,0,0,623.6,6,0,0,0,0,0,0,0,0
508,2017-04-17,21:05:54,0,ZC705,XZCE,623.4,620.0,623.6,4376,272128839.94,225748,226988,664,588.8,626.4,622.4,0.0,623.0,0.0,0,0,2017-04-18,75954000,623.4,41,0,0,0,0,0,0,0,0,623.6,6,0,0,0,0,0,0,0,0
