,dataDate,dataTime,dataMillisec,instrumentID,exchangeCD,lastPrice,lowPrice,highPrice,volume,value,openInterest,preOpenInterest,upperLimitPrice,lowerLimitPrice,preSettlementPrice,prevClosePrice,settlementPrice,openPrice,closePrice,preDelta,currDelta,clearingDay,milliSecOffset,bidPrice1,bidVolume1,bidPrice2,bidVolume2,bidPrice3,bidVolume3,bidPrice4,bidVolume4,bidPrice5,bidVolume5,askPrice1,askVolume1,askPrice2,askVolume2,askPrice3,askVolume3,askPrice4,askVolume4,askPrice5,askVolume5
0,2017-04-19,07:27:41,0,CF709,XZCE,15875,0,0,0,0,228026,228026,16630,15040,15835,15875,0,0,0,0,0,2017-04-19,26861000,0,0,0,0,0,0,0,0,0,0,0,0,0,0,0,0,0,0,0,0
1,2017-04-19,07:27:41,0,CF709,XZCE,15875,0,0,0,0,228026,228026,16630,15040,15835,15875,0,15880,0,0,0,2017-04-19,26861000,0,0,0,0,0,0,0,0,0,0,0,0,0,0,0,0,0,0,0,0
2,2017-04-19,07:27:41,0,CF709,XZCE,15875,0,0,0,0,228026,228026,16630,15040,15835,15875,0,15855,0,0,0,2017-04-19,26861000,0,0,0,0,0,0,0,0,0,0,0,0,0,0,0,0,0,0,0,0
3,2017-04-19,07:27:41,0,CF709,XZCE,15875,0,0,0,0,228026,228026,16630,15040,15835,15875,0,15885,0,0,0,2017-04-19,26861000,0,0,0,0,0,0,0,0,0,0,0,0,0,0,0,0,0,0,0,0
4,2017-04-19,07:27:41,0,CF709,XZCE,15875,0,0,0,0,228026,228026,16630,15040,15835,15875,0,15875,0,0,0,2017-04-19,26861000,0,0,0,0,0,0,0,0,0,0,0,0,0,0,0,0,0,0,0,0
5,2017-04-19,07:27:41,0,CF709,XZCE,15875,0,0,0,0,228026,228026,16630,15040,15835,15875,0,15885,0,0,0,2017-04-19,26861000,0,0,0,0,0,0,0,0,0,0,0,0,0,0,0,0,0,0,0,0
6,2017-04-19,07:27:41,0,CF709,XZCE,15875,0,0,0,0,228026,228026,16630,15040,15835,15875,0,15875,0,0,0,2017-04-19,26861000,0,0,0,0,0,0,0,0,0,0,0,0,0,0,0,0,0,0,0,0
7,2017-04-19,07:27:41,0,CF709,XZCE,15875,0,0,0,0,228026,228026,16630,15040,15835,15875,0,15880,0,0,0,2017-04-19,26861000,0,0,0,0,0,0,0,0,0,0,0,0,0,0,0,0,0,0,0,0
8,2017-04-19,07:27:41,0,CF709,XZCE,15875,0,0,0,0,228026,228026,16630,15040,15835,15875,0,15885,0,0,0,2017-04-19,26861000,0,0,0,0,0,0,0,0,0,0,0,0,0,0,0,0,0,0,0,0
9,2017-04-19,07:27:41,0,CF709,XZCE,15875,0,0,0,0,228026,228026,16630,15040,15835,15875,0,15900,0,0,0,2017-04-19,26861000,0,0,0,0,0,0,0,0,0,0,0,0,0,0,0,0,0,0,0,0
10,2017-04-19,07:27:41,0,CF709,XZCE,15875,0,0,0,0,228026,228026,16630,15040,15835,15875,0,15865,0,0,0,2017-04-19,26861000,0,0,0,0,0,0,0,0,0,0,0,0,0,0,0,0,0,0,0,0
11,2017-04-19,07:27:41,0,CF709,XZCE,15875,0,0,0,0,228026,228026,16630,15040,15835,15875,0,15875,0,0,0,2017-04-19,26861000,0,0,0,0,0,0,0,0,0,0,0,0,0,0,0,0,0,0,0,0
12,2017-04-19,07:27:41,0,CF709,XZCE,15875,0,0,0,0,228026,228026,16630,15040,15835,15875,0,15865,0,0,0,2017-04-19,26861000,0,0,0,0,0,0,0,0,0,0,0,0,0,0,0,0,0,0,0,0
13,2017-04-19,07:27:41,0,CF709,XZCE,15875,0,0,0,0,228026,228026,16630,15040,15835,15875,0,15885,0,0,0,2017-04-19,26861000,0,0,0,0,0,0,0,0,0,0,0,0,0,0,0,0,0,0,0,0
14,2017-04-19,07:27:41,0,CF709,XZCE,15875,0,0,0,0,228026,228026,16630,15040,15835,15875,0,15870,0,0,0,2017-04-19,26861000,0,0,0,0,0,0,0,0,0,0,0,0,0,0,0,0,0,0,0,0
15,2017-04-19,07:27:41,0,CF709,XZCE,15875,0,0,0,0,228026,228026,16630,15040,15835,15875,0,15865,0,0,0,2017-04-19,26861000,0,0,0,0,0,0,0,0,0,0,0,0,0,0,0,0,0,0,0,0
16,2017-04-19,07:27:41,0,CF709,XZCE,15875,0,0,0,0,228026,228026,16630,15040,15835,15875,0,15870,0,0,0,2017-04-19,26861000,0,0,0,0,0,0,0,0,0,0,0,0,0,0,0,0,0,0,0,0
17,2017-04-19,07:27:41,0,CF709,XZCE,15875,0,0,0,0,228026,228026,16630,15040,15835,15875,0,15875,0,0,0,2017-04-19,26861000,0,0,0,0,0,0,0,0,0,0,0,0,0,0,0,0,0,0,0,0
18,2017-04-19,07:27:41,0,CF709,XZCE,15875,0,0,0,0,228026,228026,16630,15040,15835,15875,0,15860,0,0,0,2017-04-19,26861000,0,0,0,0,0,0,0,0,0,0,0,0,0,0,0,0,0,0,0,0
19,2017-04-19,07:27:41,0,CF709,XZCE,15875,0,0,0,0,228026,228026,16630,15040,15835,15875,0,15875,0,0,0,2017-04-19,26861000,0,0,0,0,0,0,0,0,0,0,0,0,0,0,0,0,0,0,0,0
20,2017-04-19,07:27:41,0,CF709,XZCE,15875,0,0,0,0,228026,228026,16630,15040,15835,15875,0,15895,0,0,0,2017-04-19,26861000,0,0,0,0,0,0,0,0,0,0,0,0,0,0,0,0,0,0,0,0
21,2017-04-19,07:27:41,0,CF709,XZCE,15875,0,0,0,0,228026,228026,16630,15040,15835,15875,0,15875,0,0,0,2017-04-19,26861000,0,0,0,0,0,0,0,0,0,0,0,0,0,0,0,0,0,0,0,0
22,2017-04-19,07:27:41,0,CF709,XZCE,15875,0,0,0,0,228026,228026,16630,15040,15835,15875,0,15900,0,0,0,2017-04-19,26861000,0,0,0,0,0,0,0,0,0,0,0,0,0,0,0,0,0,0,0,0
23,2017-04-19,07:27:41,0,CF709,XZCE,15875,0,0,0,0,228026,228026,16630,15040,15835,15875,0,15875,0,0,0,2017-04-19,26861000,0,0,0,0,0,0,0,0,0,0,0,0,0,0,0,0,0,0,0,0
24,2017-04-19,07:27:41,0,CF709,XZCE,15875,0,0,0,0,228026,228026,16630,15040,15835,15875,0,15860,0,0,0,2017-04-19,26861000,0,0,0,0,0,0,0,0,0,0,0,0,0,0,0,0,0,0,0,0
25,2017-04-19,07:27:41,0,CF709,XZCE,15875,0,0,0,0,228026,228026,16630,15040,15835,15875,0,15875,0,0,0,2017-04-19,26861000,0,0,0,0,0,0,0,0,0,0,0,0,0,0,0,0,0,0,0,0
26,2017-04-19,07:27:41,0,CF709,XZCE,15875,0,0,0,0,228026,228026,16630,15040,15835,15875,0,15860,0,0,0,2017-04-19,26861000,0,0,0,0,0,0,0,0,0,0,0,0,0,0,0,0,0,0,0,0
27,2017-04-19,07:27:41,0,CF709,XZCE,15875,0,0,0,0,228026,228026,16630,15040,15835,15875,0,15875,0,0,0,2017-04-19,26861000,0,0,0,0,0,0,0,0,0,0,0,0,0,0,0,0,0,0,0,0
28,2017-04-19,07:27:41,0,CF709,XZCE,15875,0,0,0,0,228026,228026,16630,15040,15835,15875,0,15880,0,0,0,2017-04-19,26861000,0,0,0,0,0,0,0,0,0,0,0,0,0,0,0,0,0,0,0,0
29,2017-04-19,07:27:41,0,CF709,XZCE,15875,0,0,0,0,228026,228026,16630,15040,15835,15875,0,15900,0,0,0,2017-04-19,26861000,0,0,0,0,0,0,0,0,0,0,0,0,0,0,0,0,0,0,0,0
30,2017-04-19,07:27:41,0,CF709,XZCE,15875,0,0,0,0,228026,228026,16630,15040,15835,15875,0,15880,0,0,0,2017-04-19,26861000,0,0,0,0,0,0,0,0,0,0,0,0,0,0,0,0,0,0,0,0
31,2017-04-19,07:27:41,0,CF709,XZCE,15875,0,0,0,0,228026,228026,16630,15040,15835,15875,0,15875,0,0,0,2017-04-19,26861000,0,0,0,0,0,0,0,0,0,0,0,0,0,0,0,0,0,0,0,0
32,2017-04-19,07:27:41,0,CF709,XZCE,15875,0,0,0,0,228026,228026,16630,15040,15835,15875,0,15865,0,0,0,2017-04-19,26861000,0,0,0,0,0,0,0,0,0,0,0,0,0,0,0,0,0,0,0,0
33,2017-04-19,07:27:41,0,CF709,XZCE,15875,0,0,0,0,228026,228026,16630,15040,15835,15875,0,15875,0,0,0,2017-04-19,26861000,0,0,0,0,0,0,0,0,0,0,0,0,0,0,0,0,0,0,0,0
34,2017-04-19,08:59:00,0,CF709,XZCE,15875,15875,15875,588,46672500,227780,228026,16630,15040,15835,15875,0,15875,0,0,0,2017-04-19,32340000,15865,2,0,0,0,0,0,0,0,0,15875,77,0,0,0,0,0,0,0,0
35,2017-04-19,09:00:00,0,CF709,XZCE,15850,15850,15875,692,54914500,227780,228026,16630,15040,15835,15875,0,15875,0,0,0,2017-04-19,32400000,15840,10,0,0,0,0,0,0,0,0,15850,6,0,0,0,0,0,0,0,0
36,2017-04-19,09:00:01,0,CF709,XZCE,15850,15835,15875,814,64583000,227752,228026,16630,15040,15835,15875,0,15875,0,0,0,2017-04-19,32401000,15840,6,0,0,0,0,0,0,0,0,15850,4,0,0,0,0,0,0,0,0
37,2017-04-19,09:00:01,0,CF709,XZCE,15850,15835,15875,958,75995000,227832,228026,16630,15040,15835,15875,0,15875,0,0,0,2017-04-19,32401000,15845,3,0,0,0,0,0,0,0,0,15850,2,0,0,0,0,0,0,0,0
38,2017-04-19,09:00:02,0,CF709,XZCE,15845,15835,15875,1042,82649900,227898,228026,16630,15040,15835,15875,0,15875,0,0,0,2017-04-19,32402000,15845,4,0,0,0,0,0,0,0,0,15855,23,0,0,0,0,0,0,0,0
39,2017-04-19,09:00:02,0,CF709,XZCE,15840,15835,15875,1270,100707500,227880,228026,16630,15040,15835,15875,0,15875,0,0,0,2017-04-19,32402000,15835,19,0,0,0,0,0,0,0,0,15840,3,0,0,0,0,0,0,0,0
40,2017-04-19,09:00:03,0,CF709,XZCE,15835,15835,15875,1348,106883150,227872,228026,16630,15040,15835,15875,0,15875,0,0,0,2017-04-19,32403000,15835,2,0,0,0,0,0,0,0,0,15845,26,0,0,0,0,0,0,0,0
41,2017-04-19,09:00:03,0,CF709,XZCE,15830,15830,15875,1384,109732550,227886,228026,16630,15040,15835,15875,0,15875,0,0,0,2017-04-19,32403000,15825,11,0,0,0,0,0,0,0,0,15830,11,0,0,0,0,0,0,0,0
42,2017-04-19,09:00:04,0,CF709,XZCE,15840,15825,15875,1442,114326150,227896,228026,16630,15040,15835,15875,0,15875,0,0,0,2017-04-19,32404000,15830,25,0,0,0,0,0,0,0,0,15835,5,0,0,0,0,0,0,0,0
43,2017-04-19,09:00:04,0,CF709,XZCE,15830,15825,15875,1468,116384050,227900,228026,16630,15040,15835,15875,0,15875,0,0,0,2017-04-19,32404000,15830,2,0,0,0,0,0,0,0,0,15835,1,0,0,0,0,0,0,0,0
44,2017-04-19,09:00:05,0,CF709,XZCE,15840,15825,15875,1550,122878450,227888,228026,16630,15040,15835,15875,0,15875,0,0,0,2017-04-19,32405000,15840,112,0,0,0,0,0,0,0,0,15845,26,0,0,0,0,0,0,0,0
45,2017-04-19,09:00:05,0,CF709,XZCE,15845,15825,15875,1668,132227000,227814,228026,16630,15040,15835,15875,0,15875,0,0,0,2017-04-19,32405000,15840,92,0,0,0,0,0,0,0,0,15845,1,0,0,0,0,0,0,0,0
46,2017-04-19,09:00:06,0,CF709,XZCE,15840,15825,15875,1750,138721400,227750,228026,16630,15040,15835,15875,0,15875,0,0,0,2017-04-19,32406000,15840,56,0,0,0,0,0,0,0,0,15850,16,0,0,0,0,0,0,0,0
47,2017-04-19,09:00:06,0,CF709,XZCE,15840,15825,15875,1788,141731000,227738,228026,16630,15040,15835,15875,0,15875,0,0,0,2017-04-19,32406000,15840,53,0,0,0,0,0,0,0,0,15850,19,0,0,0,0,0,0,0,0
48,2017-04-19,09:00:06,0,CF709,XZCE,15840,15825,15875,1796,142364600,227734,228026,16630,15040,15835,15875,0,15875,0,0,0,2017-04-19,32406000,15840,53,0,0,0,0,0,0,0,0,15850,19,0,0,0,0,0,0,0,0
49,2017-04-19,09:00:07,0,CF709,XZCE,15840,15825,15875,1800,142681400,227734,228026,16630,15040,15835,15875,0,15875,0,0,0,2017-04-19,32407000,15845,3,0,0,0,0,0,0,0,0,15850,19,0,0,0,0,0,0,0,0
50,2017-04-19,09:00:08,0,CF709,XZCE,15845,15825,15875,1848,146484200,227736,228026,16630,15040,15835,15875,0,15875,0,0,0,2017-04-19,32408000,15845,3,0,0,0,0,0,0,0,0,15855,38,0,0,0,0,0,0,0,0
51,2017-04-19,09:00:08,0,CF709,XZCE,15840,15825,15875,1870,148226600,227738,228026,16630,15040,15835,15875,0,15875,0,0,0,2017-04-19,32408000,15840,50,0,0,0,0,0,0,0,0,15850,4,0,0,0,0,0,0,0,0
52,2017-04-19,09:00:09,0,CF709,XZCE,15855,15825,15875,1890,149812100,227746,228026,16630,15040,15835,15875,0,15875,0,0,0,2017-04-19,32409000,15850,11,0,0,0,0,0,0,0,0,15855,35,0,0,0,0,0,0,0,0
53,2017-04-19,09:00:09,0,CF709,XZCE,15850,15825,15875,1904,150921600,227740,228026,16630,15040,15835,15875,0,15875,0,0,0,2017-04-19,32409000,15850,9,0,0,0,0,0,0,0,0,15855,36,0,0,0,0,0,0,0,0
54,2017-04-19,09:00:10,0,CF709,XZCE,15845,15825,15875,1944,154090600,227744,228026,16630,15040,15835,15875,0,15875,0,0,0,2017-04-19,32410000,15840,54,0,0,0,0,0,0,0,0,15845,13,0,0,0,0,0,0,0,0
55,2017-04-19,09:00:10,0,CF709,XZCE,15850,15825,15875,2002,158687100,227728,228026,16630,15040,15835,15875,0,15875,0,0,0,2017-04-19,32410000,15845,35,0,0,0,0,0,0,0,0,15850,3,0,0,0,0,0,0,0,0
56,2017-04-19,09:00:11,0,CF709,XZCE,15850,15825,15875,2052,162649600,227718,228026,16630,15040,15835,15875,0,15875,0,0,0,2017-04-19,32411000,15850,19,0,0,0,0,0,0,0,0,15855,26,0,0,0,0,0,0,0,0
57,2017-04-19,09:00:11,0,CF709,XZCE,15850,15825,15875,2124,168355600,227716,228026,16630,15040,15835,15875,0,15875,0,0,0,2017-04-19,32411000,15840,34,0,0,0,0,0,0,0,0,15850,29,0,0,0,0,0,0,0,0
58,2017-04-19,09:00:12,0,CF709,XZCE,15850,15825,15875,2162,171367100,227738,228026,16630,15040,15835,15875,0,15875,0,0,0,2017-04-19,32412000,15845,20,0,0,0,0,0,0,0,0,15850,17,0,0,0,0,0,0,0,0
59,2017-04-19,09:00:12,0,CF709,XZCE,15845,15825,15875,2232,176912850,227730,228026,16630,15040,15835,15875,0,15875,0,0,0,2017-04-19,32412000,15840,31,0,0,0,0,0,0,0,0,15845,5,0,0,0,0,0,0,0,0
60,2017-04-19,09:00:13,0,CF709,XZCE,15850,15825,15875,2264,179448850,227738,228026,16630,15040,15835,15875,0,15875,0,0,0,2017-04-19,32413000,15845,16,0,0,0,0,0,0,0,0,15850,42,0,0,0,0,0,0,0,0
61,2017-04-19,09:00:13,0,CF709,XZCE,15845,15825,15875,2308,182934750,227742,228026,16630,15040,15835,15875,0,15875,0,0,0,2017-04-19,32413000,15840,31,0,0,0,0,0,0,0,0,15850,36,0,0,0,0,0,0,0,0
62,2017-04-19,09:00:14,0,CF709,XZCE,15845,15825,15875,2328,184519250,227738,228026,16630,15040,15835,15875,0,15875,0,0,0,2017-04-19,32414000,15845,15,0,0,0,0,0,0,0,0,15850,33,0,0,0,0,0,0,0,0
63,2017-04-19,09:00:14,0,CF709,XZCE,15845,15825,15875,2330,184677700,227740,228026,16630,15040,15835,15875,0,15875,0,0,0,2017-04-19,32414000,15845,15,0,0,0,0,0,0,0,0,15850,37,0,0,0,0,0,0,0,0
64,2017-04-19,09:00:15,0,CF709,XZCE,15870,15825,15875,2628,208324000,227754,228026,16630,15040,15835,15875,0,15875,0,0,0,2017-04-19,32415000,15870,11,0,0,0,0,0,0,0,0,15875,170,0,0,0,0,0,0,0,0
65,2017-04-19,09:00:15,0,CF709,XZCE,15865,15825,15875,2678,212290250,227768,228026,16630,15040,15835,15875,0,15875,0,0,0,2017-04-19,32415000,15865,11,0,0,0,0,0,0,0,0,15875,148,0,0,0,0,0,0,0,0
66,2017-04-19,09:00:16,0,CF709,XZCE,15865,15825,15875,2694,213559450,227760,228026,16630,15040,15835,15875,0,15875,0,0,0,2017-04-19,32416000,15865,11,0,0,0,0,0,0,0,0,15875,148,0,0,0,0,0,0,0,0
67,2017-04-19,09:00:16,0,CF709,XZCE,15865,15825,15875,2722,215780550,227774,228026,16630,15040,15835,15875,0,15875,0,0,0,2017-04-19,32416000,15865,5,0,0,0,0,0,0,0,0,15875,144,0,0,0,0,0,0,0,0
68,2017-04-19,09:00:17,0,CF709,XZCE,15875,15825,15875,2738,217050550,227770,228026,16630,15040,15835,15875,0,15875,0,0,0,2017-04-19,32417000,15865,108,0,0,0,0,0,0,0,0,15875,142,0,0,0,0,0,0,0,0
69,2017-04-19,09:00:17,0,CF709,XZCE,15875,15825,15875,2742,217368050,227768,228026,16630,15040,15835,15875,0,15875,0,0,0,2017-04-19,32417000,15865,108,0,0,0,0,0,0,0,0,15875,140,0,0,0,0,0,0,0,0
70,2017-04-19,09:00:18,0,CF709,XZCE,15870,15825,15875,2764,219113750,227752,228026,16630,15040,15835,15875,0,15875,0,0,0,2017-04-19,32418000,15865,15,0,0,0,0,0,0,0,0,15875,136,0,0,0,0,0,0,0,0
71,2017-04-19,09:00:19,0,CF709,XZCE,15875,15825,15875,2824,223876250,227754,228026,16630,15040,15835,15875,0,15875,0,0,0,2017-04-19,32419000,15870,1,0,0,0,0,0,0,0,0,15875,119,0,0,0,0,0,0,0,0
72,2017-04-19,09:00:19,0,CF709,XZCE,15865,15825,15875,2848,225780050,227756,228026,16630,15040,15835,15875,0,15875,0,0,0,2017-04-19,32419000,15865,16,0,0,0,0,0,0,0,0,15875,113,0,0,0,0,0,0,0,0
73,2017-04-19,09:00:20,0,CF709,XZCE,15870,15825,15875,2852,226097450,227760,228026,16630,15040,15835,15875,0,15875,0,0,0,2017-04-19,32420000,15870,19,0,0,0,0,0,0,0,0,15875,113,0,0,0,0,0,0,0,0
74,2017-04-19,09:00:20,0,CF709,XZCE,15870,15825,15875,2864,227049650,227766,228026,16630,15040,15835,15875,0,15875,0,0,0,2017-04-19,32420000,15870,15,0,0,0,0,0,0,0,0,15875,111,0,0,0,0,0,0,0,0
75,2017-04-19,09:00:20,0,CF709,XZCE,15870,15825,15875,2934,232604150,227740,228026,16630,15040,15835,15875,0,15875,0,0,0,2017-04-19,32420000,15865,4,0,0,0,0,0,0,0,0,15870,1,0,0,0,0,0,0,0,0
76,2017-04-19,09:00:21,0,CF709,XZCE,15870,15825,15875,2936,232762850,227740,228026,16630,15040,15835,15875,0,15875,0,0,0,2017-04-19,32421000,15865,4,0,0,0,0,0,0,0,0,15870,17,0,0,0,0,0,0,0,0
77,2017-04-19,09:00:21,0,CF709,XZCE,15870,15825,15875,2936,232762850,227740,228026,16630,15040,15835,15875,0,15875,0,0,0,2017-04-19,32421000,15865,4,0,0,0,0,0,0,0,0,15870,37,0,0,0,0,0,0,0,0
78,2017-04-19,09:00:22,0,CF709,XZCE,15865,15825,15875,2964,234983950,227746,228026,16630,15040,15835,15875,0,15875,0,0,0,2017-04-19,32422000,15860,44,0,0,0,0,0,0,0,0,15870,38,0,0,0,0,0,0,0,0
79,2017-04-19,09:00:23,0,CF709,XZCE,15870,15825,15875,2978,236094850,227744,228026,16630,15040,15835,15875,0,15875,0,0,0,2017-04-19,32423000,15860,46,0,0,0,0,0,0,0,0,15870,32,0,0,0,0,0,0,0,0
80,2017-04-19,09:00:23,0,CF709,XZCE,15860,15825,15875,2986,236729250,227744,228026,16630,15040,15835,15875,0,15875,0,0,0,2017-04-19,32423000,15860,42,0,0,0,0,0,0,0,0,15865,1,0,0,0,0,0,0,0,0
81,2017-04-19,09:00:24,0,CF709,XZCE,15860,15825,15875,3016,239108250,227738,228026,16630,15040,15835,15875,0,15875,0,0,0,2017-04-19,32424000,15860,32,0,0,0,0,0,0,0,0,15870,133,0,0,0,0,0,0,0,0
82,2017-04-19,09:00:24,0,CF709,XZCE,15860,15825,15875,3020,239425450,227736,228026,16630,15040,15835,15875,0,15875,0,0,0,2017-04-19,32424000,15860,30,0,0,0,0,0,0,0,0,15870,134,0,0,0,0,0,0,0,0
83,2017-04-19,09:00:25,0,CF709,XZCE,15870,15825,15875,3530,279893950,227374,228026,16630,15040,15835,15875,0,15875,0,0,0,2017-04-19,32425000,15870,56,0,0,0,0,0,0,0,0,15875,11,0,0,0,0,0,0,0,0
84,2017-04-19,09:00:25,0,CF709,XZCE,15870,15825,15875,3556,281957050,227372,228026,16630,15040,15835,15875,0,15875,0,0,0,2017-04-19,32425000,15870,55,0,0,0,0,0,0,0,0,15875,1,0,0,0,0,0,0,0,0
85,2017-04-19,09:00:26,0,CF709,XZCE,15875,15825,15875,3626,287513300,227430,228026,16630,15040,15835,15875,0,15875,0,0,0,2017-04-19,32426000,15875,16,0,0,0,0,0,0,0,0,15880,56,0,0,0,0,0,0,0,0
86,2017-04-19,09:00:26,0,CF709,XZCE,15875,15825,15875,3626,287513300,227430,228026,16630,15040,15835,15875,0,15875,0,0,0,2017-04-19,32426000,15875,20,0,0,0,0,0,0,0,0,15880,56,0,0,0,0,0,0,0,0
87,2017-04-19,09:00:26,0,CF709,XZCE,15875,15825,15875,3636,288307050,227440,228026,16630,15040,15835,15875,0,15875,0,0,0,2017-04-19,32426000,15875,16,0,0,0,0,0,0,0,0,15880,57,0,0,0,0,0,0,0,0
88,2017-04-19,09:00:27,0,CF709,XZCE,15880,15825,15880,3714,294500250,227512,228026,16630,15040,15835,15875,0,15875,0,0,0,2017-04-19,32427000,15870,13,0,0,0,0,0,0,0,0,15880,54,0,0,0,0,0,0,0,0
89,2017-04-19,09:00:27,0,CF709,XZCE,15875,15825,15880,3772,299104000,227498,228026,16630,15040,15835,15875,0,15875,0,0,0,2017-04-19,32427000,15870,15,0,0,0,0,0,0,0,0,15875,2,0,0,0,0,0,0,0,0
90,2017-04-19,09:00:28,0,CF709,XZCE,15875,15825,15880,3796,301009000,227498,228026,16630,15040,15835,15875,0,15875,0,0,0,2017-04-19,32428000,15870,15,0,0,0,0,0,0,0,0,15875,22,0,0,0,0,0,0,0,0
91,2017-04-19,09:00:29,0,CF709,XZCE,15870,15825,15880,3808,301961200,227498,228026,16630,15040,15835,15875,0,15875,0,0,0,2017-04-19,32429000,15870,9,0,0,0,0,0,0,0,0,15875,37,0,0,0,0,0,0,0,0
92,2017-04-19,09:00:29,0,CF709,XZCE,15875,15825,15880,3824,303231200,227498,228026,16630,15040,15835,15875,0,15875,0,0,0,2017-04-19,32429000,15870,8,0,0,0,0,0,0,0,0,15875,37,0,0,0,0,0,0,0,0
93,2017-04-19,09:00:30,0,CF709,XZCE,15875,15825,15880,3840,304501200,227498,228026,16630,15040,15835,15875,0,15875,0,0,0,2017-04-19,32430000,15870,25,0,0,0,0,0,0,0,0,15875,30,0,0,0,0,0,0,0,0
94,2017-04-19,09:00:30,0,CF709,XZCE,15875,15825,15880,3854,305612450,227498,228026,16630,15040,15835,15875,0,15875,0,0,0,2017-04-19,32430000,15870,29,0,0,0,0,0,0,0,0,15875,24,0,0,0,0,0,0,0,0
95,2017-04-19,09:00:31,0,CF709,XZCE,15870,15825,15880,3924,311166950,227496,228026,16630,15040,15835,15875,0,15875,0,0,0,2017-04-19,32431000,15865,228,0,0,0,0,0,0,0,0,15870,56,0,0,0,0,0,0,0,0
96,2017-04-19,09:00:31,0,CF709,XZCE,15870,15825,15880,3936,312119150,227496,228026,16630,15040,15835,15875,0,15875,0,0,0,2017-04-19,32431000,15865,232,0,0,0,0,0,0,0,0,15870,54,0,0,0,0,0,0,0,0
97,2017-04-19,09:00:32,0,CF709,XZCE,15870,15825,15880,3944,312753950,227496,228026,16630,15040,15835,15875,0,15875,0,0,0,2017-04-19,32432000,15865,230,0,0,0,0,0,0,0,0,15870,50,0,0,0,0,0,0,0,0
98,2017-04-19,09:00:32,0,CF709,XZCE,15865,15825,15880,4006,317672100,227508,228026,16630,15040,15835,15875,0,15875,0,0,0,2017-04-19,32432000,15865,224,0,0,0,0,0,0,0,0,15870,31,0,0,0,0,0,0,0,0
99,2017-04-19,09:00:33,0,CF709,XZCE,15870,15825,15880,4008,317830800,227508,228026,16630,15040,15835,15875,0,15875,0,0,0,2017-04-19,32433000,15865,226,0,0,0,0,0,0,0,0,15870,33,0,0,0,0,0,0,0,0
100,2017-04-19,09:00:33,0,CF709,XZCE,15870,15825,15880,4014,318306900,227508,228026,16630,15040,15835,15875,0,15875,0,0,0,2017-04-19,32433000,15865,227,0,0,0,0,0,0,0,0,15870,32,0,0,0,0,0,0,0,0
101,2017-04-19,09:00:34,0,CF709,XZCE,15865,15825,15880,4094,324652900,227508,228026,16630,15040,15835,15875,0,15875,0,0,0,2017-04-19,32434000,15865,187,0,0,0,0,0,0,0,0,15870,35,0,0,0,0,0,0,0,0
102,2017-04-19,09:00:34,0,CF709,XZCE,15865,15825,15880,4284,339724650,227508,228026,16630,15040,15835,15875,0,15875,0,0,0,2017-04-19,32434000,15865,92,0,0,0,0,0,0,0,0,15870,35,0,0,0,0,0,0,0,0
103,2017-04-19,09:00:35,0,CF709,XZCE,15865,15825,15880,4380,347339850,227530,228026,16630,15040,15835,15875,0,15875,0,0,0,2017-04-19,32435000,15865,50,0,0,0,0,0,0,0,0,15870,30,0,0,0,0,0,0,0,0
104,2017-04-19,09:00:35,0,CF709,XZCE,15865,15825,15880,4382,347498500,227532,228026,16630,15040,15835,15875,0,15875,0,0,0,2017-04-19,32435000,15865,49,0,0,0,0,0,0,0,0,15870,31,0,0,0,0,0,0,0,0
105,2017-04-19,09:00:36,0,CF709,XZCE,15865,15825,15880,4480,355272350,227598,228026,16630,15040,15835,15875,0,15875,0,0,0,2017-04-19,32436000,15860,27,0,0,0,0,0,0,0,0,15870,34,0,0,0,0,0,0,0,0
106,2017-04-19,09:00:36,0,CF709,XZCE,15865,15825,15880,4486,355748300,227596,228026,16630,15040,15835,15875,0,15875,0,0,0,2017-04-19,32436000,15860,30,0,0,0,0,0,0,0,0,15870,39,0,0,0,0,0,0,0,0
107,2017-04-19,09:00:37,0,CF709,XZCE,15865,15825,15880,4560,361618350,227590,228026,16630,15040,15835,15875,0,15875,0,0,0,2017-04-19,32437000,15850,162,0,0,0,0,0,0,0,0,15865,124,0,0,0,0,0,0,0,0
108,2017-04-19,09:00:37,0,CF709,XZCE,15865,15825,15880,4562,361777000,227590,228026,16630,15040,15835,15875,0,15875,0,0,0,2017-04-19,32437000,15850,167,0,0,0,0,0,0,0,0,15860,6,0,0,0,0,0,0,0,0
109,2017-04-19,09:00:37,0,CF709,XZCE,15860,15825,15880,4578,363045800,227600,228026,16630,15040,15835,15875,0,15875,0,0,0,2017-04-19,32437000,15860,215,0,0,0,0,0,0,0,0,15865,133,0,0,0,0,0,0,0,0
110,2017-04-19,09:00:38,0,CF709,XZCE,15865,15825,15880,4616,366060150,227600,228026,16630,15040,15835,15875,0,15875,0,0,0,2017-04-19,32438000,15860,221,0,0,0,0,0,0,0,0,15865,108,0,0,0,0,0,0,0,0
111,2017-04-19,09:00:39,0,CF709,XZCE,15860,15825,15880,4622,366535950,227596,228026,16630,15040,15835,15875,0,15875,0,0,0,2017-04-19,32439000,15860,221,0,0,0,0,0,0,0,0,15865,100,0,0,0,0,0,0,0,0
112,2017-04-19,09:00:39,0,CF709,XZCE,15860,15825,15880,4628,367011750,227596,228026,16630,15040,15835,15875,0,15875,0,0,0,2017-04-19,32439000,15860,218,0,0,0,0,0,0,0,0,15865,120,0,0,0,0,0,0,0,0
113,2017-04-19,09:00:40,0,CF709,XZCE,15860,15825,15880,4630,367170350,227598,228026,16630,15040,15835,15875,0,15875,0,0,0,2017-04-19,32440000,15860,218,0,0,0,0,0,0,0,0,15865,120,0,0,0,0,0,0,0,0
114,2017-04-19,09:00:40,0,CF709,XZCE,15860,15825,15880,4648,368597750,227598,228026,16630,15040,15835,15875,0,15875,0,0,0,2017-04-19,32440000,15860,211,0,0,0,0,0,0,0,0,15865,121,0,0,0,0,0,0,0,0
115,2017-04-19,09:00:41,0,CF709,XZCE,15865,15825,15880,4650,368756400,227598,228026,16630,15040,15835,15875,0,15875,0,0,0,2017-04-19,32441000,15860,211,0,0,0,0,0,0,0,0,15865,120,0,0,0,0,0,0,0,0
116,2017-04-19,09:00:41,0,CF709,XZCE,15865,15825,15880,4652,368915050,227598,228026,16630,15040,15835,15875,0,15875,0,0,0,2017-04-19,32441000,15860,211,0,0,0,0,0,0,0,0,15865,119,0,0,0,0,0,0,0,0
117,2017-04-19,09:00:42,0,CF709,XZCE,15865,15825,15880,4672,370501550,227598,228026,16630,15040,15835,15875,0,15875,0,0,0,2017-04-19,32442000,15860,209,0,0,0,0,0,0,0,0,15865,111,0,0,0,0,0,0,0,0
118,2017-04-19,09:00:42,0,CF709,XZCE,15865,15825,15880,4698,372564000,227590,228026,16630,15040,15835,15875,0,15875,0,0,0,2017-04-19,32442000,15860,201,0,0,0,0,0,0,0,0,15865,106,0,0,0,0,0,0,0,0
119,2017-04-19,09:00:42,0,CF709,XZCE,15865,15825,15880,4706,373198600,227584,228026,16630,15040,15835,15875,0,15875,0,0,0,2017-04-19,32442000,15860,202,0,0,0,0,0,0,0,0,15865,102,0,0,0,0,0,0,0,0
120,2017-04-19,09:00:43,0,CF709,XZCE,15865,15825,15880,4718,374150500,227576,228026,16630,15040,15835,15875,0,15875,0,0,0,2017-04-19,32443000,15860,201,0,0,0,0,0,0,0,0,15865,97,0,0,0,0,0,0,0,0
121,2017-04-19,09:00:43,0,CF709,XZCE,15865,15825,15880,4720,374309150,227576,228026,16630,15040,15835,15875,0,15875,0,0,0,2017-04-19,32443000,15860,201,0,0,0,0,0,0,0,0,15865,96,0,0,0,0,0,0,0,0
122,2017-04-19,09:00:44,0,CF709,XZCE,15860,15825,15880,4752,376846750,227572,228026,16630,15040,15835,15875,0,15875,0,0,0,2017-04-19,32444000,15860,193,0,0,0,0,0,0,0,0,15865,93,0,0,0,0,0,0,0,0
123,2017-04-19,09:00:44,0,CF709,XZCE,15865,15825,15880,4762,377640000,227572,228026,16630,15040,15835,15875,0,15875,0,0,0,2017-04-19,32444000,15860,191,0,0,0,0,0,0,0,0,15865,90,0,0,0,0,0,0,0,0
124,2017-04-19,09:00:46,0,CF709,XZCE,15865,15825,15880,4776,378750550,227572,228026,16630,15040,15835,15875,0,15875,0,0,0,2017-04-19,32446000,15860,190,0,0,0,0,0,0,0,0,15865,87,0,0,0,0,0,0,0,0
125,2017-04-19,09:00:47,0,CF709,XZCE,15865,15825,15880,4780,379067850,227570,228026,16630,15040,15835,15875,0,15875,0,0,0,2017-04-19,32447000,15860,191,0,0,0,0,0,0,0,0,15865,86,0,0,0,0,0,0,0,0
126,2017-04-19,09:00:47,0,CF709,XZCE,15860,15825,15880,4810,381446850,227600,228026,16630,15040,15835,15875,0,15875,0,0,0,2017-04-19,32447000,15860,178,0,0,0,0,0,0,0,0,15865,86,0,0,0,0,0,0,0,0
127,2017-04-19,09:00:48,0,CF709,XZCE,15865,15825,15880,4824,382557400,227596,228026,16630,15040,15835,15875,0,15875,0,0,0,2017-04-19,32448000,15860,175,0,0,0,0,0,0,0,0,15865,82,0,0,0,0,0,0,0,0
128,2017-04-19,09:00:48,0,CF709,XZCE,15865,15825,15880,4870,386206350,227596,228026,16630,15040,15835,15875,0,15875,0,0,0,2017-04-19,32448000,15860,172,0,0,0,0,0,0,0,0,15865,62,0,0,0,0,0,0,0,0
129,2017-04-19,09:00:49,0,CF709,XZCE,15860,15825,15880,4880,386999350,227588,228026,16630,15040,15835,15875,0,15875,0,0,0,2017-04-19,32449000,15860,173,0,0,0,0,0,0,0,0,15865,58,0,0,0,0,0,0,0,0
130,2017-04-19,09:00:50,0,CF709,XZCE,15860,15825,15880,4882,387157950,227588,228026,16630,15040,15835,15875,0,15875,0,0,0,2017-04-19,32450000,15860,172,0,0,0,0,0,0,0,0,15865,58,0,0,0,0,0,0,0,0
131,2017-04-19,09:00:50,0,CF709,XZCE,15865,15825,15880,4900,388585800,227590,228026,16630,15040,15835,15875,0,15875,0,0,0,2017-04-19,32450000,15860,172,0,0,0,0,0,0,0,0,15865,50,0,0,0,0,0,0,0,0
132,2017-04-19,09:00:50,0,CF709,XZCE,15865,15825,15880,4902,388744450,227590,228026,16630,15040,15835,15875,0,15875,0,0,0,2017-04-19,32450000,15860,172,0,0,0,0,0,0,0,0,15865,49,0,0,0,0,0,0,0,0
133,2017-04-19,09:00:51,0,CF709,XZCE,15860,15825,15880,4910,389378850,227594,228026,16630,15040,15835,15875,0,15875,0,0,0,2017-04-19,32451000,15860,170,0,0,0,0,0,0,0,0,15865,49,0,0,0,0,0,0,0,0
134,2017-04-19,09:00:52,0,CF709,XZCE,15860,15825,15880,4922,390330450,227594,228026,16630,15040,15835,15875,0,15875,0,0,0,2017-04-19,32452000,15860,169,0,0,0,0,0,0,0,0,15865,46,0,0,0,0,0,0,0,0
135,2017-04-19,09:00:53,0,CF709,XZCE,15865,15825,15880,5014,397628350,227620,228026,16630,15040,15835,15875,0,15875,0,0,0,2017-04-19,32453000,15865,47,0,0,0,0,0,0,0,0,15870,44,0,0,0,0,0,0,0,0
136,2017-04-19,09:00:53,0,CF709,XZCE,15865,15825,15880,5028,398738900,227620,228026,16630,15040,15835,15875,0,15875,0,0,0,2017-04-19,32453000,15865,52,0,0,0,0,0,0,0,0,15870,46,0,0,0,0,0,0,0,0
137,2017-04-19,09:00:54,0,CF709,XZCE,15865,15825,15880,5100,404450300,227630,228026,16630,15040,15835,15875,0,15875,0,0,0,2017-04-19,32454000,15865,19,0,0,0,0,0,0,0,0,15870,33,0,0,0,0,0,0,0,0
138,2017-04-19,09:00:54,0,CF709,XZCE,15865,15825,15880,5118,405878150,227636,228026,16630,15040,15835,15875,0,15875,0,0,0,2017-04-19,32454000,15865,12,0,0,0,0,0,0,0,0,15870,41,0,0,0,0,0,0,0,0
139,2017-04-19,09:00:55,0,CF709,XZCE,15870,15825,15880,5126,406512950,227644,228026,16630,15040,15835,15875,0,15875,0,0,0,2017-04-19,32455000,15865,18,0,0,0,0,0,0,0,0,15870,36,0,0,0,0,0,0,0,0
140,2017-04-19,09:00:55,0,CF709,XZCE,15870,15825,15880,5134,407147750,227650,228026,16630,15040,15835,15875,0,15875,0,0,0,2017-04-19,32455000,15865,20,0,0,0,0,0,0,0,0,15870,34,0,0,0,0,0,0,0,0
141,2017-04-19,09:00:56,0,CF709,XZCE,15875,15825,15880,5224,414291500,227684,228026,16630,15040,15835,15875,0,15875,0,0,0,2017-04-19,32456000,15865,62,0,0,0,0,0,0,0,0,15875,52,0,0,0,0,0,0,0,0
142,2017-04-19,09:00:56,0,CF709,XZCE,15865,15825,15880,5226,414450150,227686,228026,16630,15040,15835,15875,0,15875,0,0,0,2017-04-19,32456000,15865,61,0,0,0,0,0,0,0,0,15870,7,0,0,0,0,0,0,0,0
143,2017-04-19,09:00:57,0,CF709,XZCE,15865,15825,15880,5242,415719350,227686,228026,16630,15040,15835,15875,0,15875,0,0,0,2017-04-19,32457000,15865,60,0,0,0,0,0,0,0,0,15875,56,0,0,0,0,0,0,0,0
144,2017-04-19,09:00:57,0,CF709,XZCE,15875,15825,15880,5250,416354350,227694,228026,16630,15040,15835,15875,0,15875,0,0,0,2017-04-19,32457000,15865,60,0,0,0,0,0,0,0,0,15870,1,0,0,0,0,0,0,0,0
145,2017-04-19,09:00:58,0,CF709,XZCE,15875,15825,15880,5350,424291850,227734,228026,16630,15040,15835,15875,0,15875,0,0,0,2017-04-19,32458000,15875,9,0,0,0,0,0,0,0,0,15880,71,0,0,0,0,0,0,0,0
146,2017-04-19,09:00:58,0,CF709,XZCE,15875,15825,15880,5352,424450600,227736,228026,16630,15040,15835,15875,0,15875,0,0,0,2017-04-19,32458000,15875,5,0,0,0,0,0,0,0,0,15880,71,0,0,0,0,0,0,0,0
147,2017-04-19,09:00:59,0,CF709,XZCE,15880,15825,15880,5358,424927000,227730,228026,16630,15040,15835,15875,0,15875,0,0,0,2017-04-19,32459000,15875,5,0,0,0,0,0,0,0,0,15880,67,0,0,0,0,0,0,0,0
148,2017-04-19,09:00:59,0,CF709,XZCE,15880,15825,15880,5360,425085800,227730,228026,16630,15040,15835,15875,0,15875,0,0,0,2017-04-19,32459000,15875,10,0,0,0,0,0,0,0,0,15880,67,0,0,0,0,0,0,0,0
149,2017-04-19,09:01:00,0,CF709,XZCE,15880,15825,15880,5400,428261800,227760,228026,16630,15040,15835,15875,0,15875,0,0,0,2017-04-19,32460000,15875,20,0,0,0,0,0,0,0,0,15880,52,0,0,0,0,0,0,0,0
150,2017-04-19,09:01:00,0,CF709,XZCE,15875,15825,15880,5448,432071800,227788,228026,16630,15040,15835,15875,0,15875,0,0,0,2017-04-19,32460000,15875,21,0,0,0,0,0,0,0,0,15880,33,0,0,0,0,0,0,0,0
151,2017-04-19,09:01:01,0,CF709,XZCE,15880,15825,15880,5466,433501000,227794,228026,16630,15040,15835,15875,0,15875,0,0,0,2017-04-19,32461000,15875,20,0,0,0,0,0,0,0,0,15880,34,0,0,0,0,0,0,0,0
152,2017-04-19,09:01:01,0,CF709,XZCE,15875,15825,15880,5514,437311000,227810,228026,16630,15040,15835,15875,0,15875,0,0,0,2017-04-19,32461000,15875,9,0,0,0,0,0,0,0,0,15880,24,0,0,0,0,0,0,0,0
153,2017-04-19,09:01:02,0,CF709,XZCE,15880,15825,15880,5538,439216600,227816,228026,16630,15040,15835,15875,0,15875,0,0,0,2017-04-19,32462000,15875,5,0,0,0,0,0,0,0,0,15880,17,0,0,0,0,0,0,0,0
154,2017-04-19,09:01:02,0,CF709,XZCE,15875,15825,15880,5562,441121600,227812,228026,16630,15040,15835,15875,0,15875,0,0,0,2017-04-19,32462000,15870,24,0,0,0,0,0,0,0,0,15875,4,0,0,0,0,0,0,0,0
155,2017-04-19,09:01:03,0,CF709,XZCE,15885,15825,15885,5598,443980900,227832,228026,16630,15040,15835,15875,0,15875,0,0,0,2017-04-19,32463000,15880,1,0,0,0,0,0,0,0,0,15885,70,0,0,0,0,0,0,0,0
156,2017-04-19,09:01:03,0,CF709,XZCE,15885,15825,15890,5766,457324300,227976,228026,16630,15040,15835,15875,0,15875,0,0,0,2017-04-19,32463000,15880,12,0,0,0,0,0,0,0,0,15890,79,0,0,0,0,0,0,0,0
157,2017-04-19,09:01:04,0,CF709,XZCE,15880,15825,15890,5784,458753500,227978,228026,16630,15040,15835,15875,0,15875,0,0,0,2017-04-19,32464000,15880,10,0,0,0,0,0,0,0,0,15885,10,0,0,0,0,0,0,0,0
158,2017-04-19,09:01:04,0,CF709,XZCE,15880,15825,15890,5784,458753500,227978,228026,16630,15040,15835,15875,0,15875,0,0,0,2017-04-19,32464000,15880,10,0,0,0,0,0,0,0,0,15885,14,0,0,0,0,0,0,0,0
159,2017-04-19,09:01:05,0,CF709,XZCE,15880,15825,15890,5794,459547500,227978,228026,16630,15040,15835,15875,0,15875,0,0,0,2017-04-19,32465000,15880,7,0,0,0,0,0,0,0,0,15885,16,0,0,0,0,0,0,0,0
160,2017-04-19,09:01:05,0,CF709,XZCE,15885,15825,15890,5810,460818300,227992,228026,16630,15040,15835,15875,0,15875,0,0,0,2017-04-19,32465000,15875,8,0,0,0,0,0,0,0,0,15880,3,0,0,0,0,0,0,0,0
161,2017-04-19,09:01:06,0,CF709,XZCE,15880,15825,15890,5812,460977100,227992,228026,16630,15040,15835,15875,0,15875,0,0,0,2017-04-19,32466000,15875,46,0,0,0,0,0,0,0,0,15880,48,0,0,0,0,0,0,0,0
162,2017-04-19,09:01:06,0,CF709,XZCE,15880,15825,15890,5828,462247500,227990,228026,16630,15040,15835,15875,0,15875,0,0,0,2017-04-19,32466000,15875,46,0,0,0,0,0,0,0,0,15880,51,0,0,0,0,0,0,0,0
163,2017-04-19,09:01:07,0,CF709,XZCE,15880,15825,15890,5828,462247500,227990,228026,16630,15040,15835,15875,0,15875,0,0,0,2017-04-19,32467000,15875,49,0,0,0,0,0,0,0,0,15880,53,0,0,0,0,0,0,0,0
164,2017-04-19,09:01:07,0,CF709,XZCE,15880,15825,15890,5828,462247500,227990,228026,16630,15040,15835,15875,0,15875,0,0,0,2017-04-19,32467000,15875,48,0,0,0,0,0,0,0,0,15880,53,0,0,0,0,0,0,0,0
165,2017-04-19,09:01:08,0,CF709,XZCE,15880,15825,15890,5840,463200300,227998,228026,16630,15040,15835,15875,0,15875,0,0,0,2017-04-19,32468000,15875,48,0,0,0,0,0,0,0,0,15880,51,0,0,0,0,0,0,0,0
166,2017-04-19,09:01:08,0,CF709,XZCE,15880,15825,15890,5854,464311900,227996,228026,16630,15040,15835,15875,0,15875,0,0,0,2017-04-19,32468000,15875,43,0,0,0,0,0,0,0,0,15880,53,0,0,0,0,0,0,0,0
167,2017-04-19,09:01:09,0,CF709,XZCE,15875,15825,15890,5902,468121900,227994,228026,16630,15040,15835,15875,0,15875,0,0,0,2017-04-19,32469000,15870,17,0,0,0,0,0,0,0,0,15875,21,0,0,0,0,0,0,0,0
168,2017-04-19,09:01:09,0,CF709,XZCE,15875,15825,15890,5928,470185650,227986,228026,16630,15040,15835,15875,0,15875,0,0,0,2017-04-19,32469000,15870,17,0,0,0,0,0,0,0,0,15875,19,0,0,0,0,0,0,0,0
169,2017-04-19,09:01:10,0,CF709,XZCE,15875,15825,15890,5934,470661900,227986,228026,16630,15040,15835,15875,0,15875,0,0,0,2017-04-19,32470000,15870,17,0,0,0,0,0,0,0,0,15875,28,0,0,0,0,0,0,0,0
170,2017-04-19,09:01:10,0,CF709,XZCE,15875,15825,15890,5936,470820650,227986,228026,16630,15040,15835,15875,0,15875,0,0,0,2017-04-19,32470000,15870,16,0,0,0,0,0,0,0,0,15875,27,0,0,0,0,0,0,0,0
171,2017-04-19,09:01:11,0,CF709,XZCE,15875,15825,15890,5962,472884400,227986,228026,16630,15040,15835,15875,0,15875,0,0,0,2017-04-19,32471000,15870,11,0,0,0,0,0,0,0,0,15875,25,0,0,0,0,0,0,0,0
172,2017-04-19,09:01:11,0,CF709,XZCE,15875,15825,15890,5966,473201900,227986,228026,16630,15040,15835,15875,0,15875,0,0,0,2017-04-19,32471000,15870,10,0,0,0,0,0,0,0,0,15875,24,0,0,0,0,0,0,0,0
173,2017-04-19,09:01:11,0,CF709,XZCE,15875,15825,15890,5972,473678150,227984,228026,16630,15040,15835,15875,0,15875,0,0,0,2017-04-19,32471000,15870,8,0,0,0,0,0,0,0,0,15875,29,0,0,0,0,0,0,0,0
174,2017-04-19,09:01:12,0,CF709,XZCE,15875,15825,15890,5990,475106900,227984,228026,16630,15040,15835,15875,0,15875,0,0,0,2017-04-19,32472000,15870,7,0,0,0,0,0,0,0,0,15875,22,0,0,0,0,0,0,0,0
175,2017-04-19,09:01:13,0,CF709,XZCE,15875,15825,15890,6002,476059400,227982,228026,16630,15040,15835,15875,0,15875,0,0,0,2017-04-19,32473000,15870,8,0,0,0,0,0,0,0,0,15875,17,0,0,0,0,0,0,0,0
176,2017-04-19,09:01:13,0,CF709,XZCE,15865,15825,15890,6020,477487250,227998,228026,16630,15040,15835,15875,0,15875,0,0,0,2017-04-19,32473000,15865,52,0,0,0,0,0,0,0,0,15870,18,0,0,0,0,0,0,0,0
177,2017-04-19,09:01:14,0,CF709,XZCE,15865,15825,15890,6020,477487250,227998,228026,16630,15040,15835,15875,0,15875,0,0,0,2017-04-19,32474000,15865,52,0,0,0,0,0,0,0,0,15870,20,0,0,0,0,0,0,0,0
178,2017-04-19,09:01:15,0,CF709,XZCE,15865,15825,15890,6034,478597800,227988,228026,16630,15040,15835,15875,0,15875,0,0,0,2017-04-19,32475000,15865,38,0,0,0,0,0,0,0,0,15870,23,0,0,0,0,0,0,0,0
179,2017-04-19,09:01:15,0,CF709,XZCE,15865,15825,15890,6034,478597800,227988,228026,16630,15040,15835,15875,0,15875,0,0,0,2017-04-19,32475000,15865,38,0,0,0,0,0,0,0,0,15870,27,0,0,0,0,0,0,0,0
180,2017-04-19,09:01:16,0,CF709,XZCE,15870,15825,15890,6038,478915200,227990,228026,16630,15040,15835,15875,0,15875,0,0,0,2017-04-19,32476000,15865,37,0,0,0,0,0,0,0,0,15870,36,0,0,0,0,0,0,0,0
181,2017-04-19,09:01:16,0,CF709,XZCE,15865,15825,15890,6040,479073850,227990,228026,16630,15040,15835,15875,0,15875,0,0,0,2017-04-19,32476000,15865,35,0,0,0,0,0,0,0,0,15870,38,0,0,0,0,0,0,0,0
182,2017-04-19,09:01:17,0,CF709,XZCE,15865,15825,15890,6076,481929550,228022,228026,16630,15040,15835,15875,0,15875,0,0,0,2017-04-19,32477000,15865,25,0,0,0,0,0,0,0,0,15870,22,0,0,0,0,0,0,0,0
183,2017-04-19,09:01:17,0,CF709,XZCE,15865,15825,15890,6076,481929550,228022,228026,16630,15040,15835,15875,0,15875,0,0,0,2017-04-19,32477000,15865,23,0,0,0,0,0,0,0,0,15870,23,0,0,0,0,0,0,0,0
184,2017-04-19,09:01:18,0,CF709,XZCE,15870,15825,15890,6078,482088250,228024,228026,16630,15040,15835,15875,0,15875,0,0,0,2017-04-19,32478000,15865,24,0,0,0,0,0,0,0,0,15870,22,0,0,0,0,0,0,0,0
185,2017-04-19,09:01:18,0,CF709,XZCE,15870,15825,15890,6084,482564350,228030,228026,16630,15040,15835,15875,0,15875,0,0,0,2017-04-19,32478000,15865,25,0,0,0,0,0,0,0,0,15870,19,0,0,0,0,0,0,0,0
186,2017-04-19,09:01:19,0,CF709,XZCE,15870,15825,15890,6090,483040450,228034,228026,16630,15040,15835,15875,0,15875,0,0,0,2017-04-19,32479000,15865,26,0,0,0,0,0,0,0,0,15870,16,0,0,0,0,0,0,0,0
187,2017-04-19,09:01:19,0,CF709,XZCE,15870,15825,15890,6108,484468750,228040,228026,16630,15040,15835,15875,0,15875,0,0,0,2017-04-19,32479000,15865,23,0,0,0,0,0,0,0,0,15870,11,0,0,0,0,0,0,0,0
188,2017-04-19,09:01:20,0,CF709,XZCE,15870,15825,15890,6142,487166650,228040,228026,16630,15040,15835,15875,0,15875,0,0,0,2017-04-19,32480000,15870,18,0,0,0,0,0,0,0,0,15875,29,0,0,0,0,0,0,0,0
189,2017-04-19,09:01:20,0,CF709,XZCE,15870,15825,15890,6144,487325350,228040,228026,16630,15040,15835,15875,0,15875,0,0,0,2017-04-19,32480000,15870,19,0,0,0,0,0,0,0,0,15875,29,0,0,0,0,0,0,0,0
190,2017-04-19,09:01:21,0,CF709,XZCE,15875,15825,15890,6192,491135350,228000,228026,16630,15040,15835,15875,0,15875,0,0,0,2017-04-19,32481000,15865,32,0,0,0,0,0,0,0,0,15875,33,0,0,0,0,0,0,0,0
191,2017-04-19,09:01:22,0,CF709,XZCE,15875,15825,15890,6220,493357850,228006,228026,16630,15040,15835,15875,0,15875,0,0,0,2017-04-19,32482000,15870,6,0,0,0,0,0,0,0,0,15875,21,0,0,0,0,0,0,0,0
192,2017-04-19,09:01:22,0,CF709,XZCE,15870,15825,15890,6222,493516550,228004,228026,16630,15040,15835,15875,0,15875,0,0,0,2017-04-19,32482000,15870,6,0,0,0,0,0,0,0,0,15875,21,0,0,0,0,0,0,0,0
193,2017-04-19,09:01:23,0,CF709,XZCE,15870,15825,15890,6262,496690550,228030,228026,16630,15040,15835,15875,0,15875,0,0,0,2017-04-19,32483000,15870,3,0,0,0,0,0,0,0,0,15875,6,0,0,0,0,0,0,0,0
194,2017-04-19,09:01:23,0,CF709,XZCE,15875,15825,15890,6288,498754300,228042,228026,16630,15040,15835,15875,0,15875,0,0,0,2017-04-19,32483000,15875,23,0,0,0,0,0,0,0,0,15880,64,0,0,0,0,0,0,0,0
195,2017-04-19,09:01:23,0,CF709,XZCE,15875,15825,15890,6288,498754300,228042,228026,16630,15040,15835,15875,0,15875,0,0,0,2017-04-19,32483000,15875,23,0,0,0,0,0,0,0,0,15880,65,0,0,0,0,0,0,0,0
196,2017-04-19,09:01:24,0,CF709,XZCE,15875,15825,15890,6300,499706800,228040,228026,16630,15040,15835,15875,0,15875,0,0,0,2017-04-19,32484000,15875,17,0,0,0,0,0,0,0,0,15880,64,0,0,0,0,0,0,0,0
197,2017-04-19,09:01:25,0,CF709,XZCE,15880,15825,15890,6462,512569600,228016,228026,16630,15040,15835,15875,0,15875,0,0,0,2017-04-19,32485000,15880,17,0,0,0,0,0,0,0,0,15885,27,0,0,0,0,0,0,0,0
198,2017-04-19,09:01:25,0,CF709,XZCE,15880,15825,15890,6464,512728400,228016,228026,16630,15040,15835,15875,0,15875,0,0,0,2017-04-19,32485000,15880,16,0,0,0,0,0,0,0,0,15885,25,0,0,0,0,0,0,0,0
199,2017-04-19,09:01:26,0,CF709,XZCE,15880,15825,15890,6464,512728400,228016,228026,16630,15040,15835,15875,0,15875,0,0,0,2017-04-19,32486000,15880,22,0,0,0,0,0,0,0,0,15885,28,0,0,0,0,0,0,0,0
200,2017-04-19,09:01:26,0,CF709,XZCE,15880,15825,15890,6510,516380800,228014,228026,16630,15040,15835,15875,0,15875,0,0,0,2017-04-19,32486000,15875,3,0,0,0,0,0,0,0,0,15880,4,0,0,0,0,0,0,0,0
201,2017-04-19,09:01:27,0,CF709,XZCE,15875,15825,15890,6522,517333300,228012,228026,16630,15040,15835,15875,0,15875,0,0,0,2017-04-19,32487000,15870,10,0,0,0,0,0,0,0,0,15875,3,0,0,0,0,0,0,0,0
202,2017-04-19,09:01:27,0,CF709,XZCE,15875,15825,15890,6530,517968300,228012,228026,16630,15040,15835,15875,0,15875,0,0,0,2017-04-19,32487000,15870,11,0,0,0,0,0,0,0,0,15875,3,0,0,0,0,0,0,0,0
203,2017-04-19,09:01:28,0,CF709,XZCE,15880,15825,15890,6538,518603500,228008,228026,16630,15040,15835,15875,0,15875,0,0,0,2017-04-19,32488000,15870,29,0,0,0,0,0,0,0,0,15880,24,0,0,0,0,0,0,0,0
204,2017-04-19,09:01:28,0,CF709,XZCE,15875,15825,15890,6544,519079750,228004,228026,16630,15040,15835,15875,0,15875,0,0,0,2017-04-19,32488000,15870,30,0,0,0,0,0,0,0,0,15880,24,0,0,0,0,0,0,0,0
205,2017-04-19,09:01:29,0,CF709,XZCE,15875,15825,15890,6562,520508500,228004,228026,16630,15040,15835,15875,0,15875,0,0,0,2017-04-19,32489000,15875,7,0,0,0,0,0,0,0,0,15880,31,0,0,0,0,0,0,0,0
206,2017-04-19,09:01:29,0,CF709,XZCE,15875,15825,15890,6564,520667250,228004,228026,16630,15040,15835,15875,0,15875,0,0,0,2017-04-19,32489000,15875,6,0,0,0,0,0,0,0,0,15880,31,0,0,0,0,0,0,0,0
207,2017-04-19,09:01:30,0,CF709,XZCE,15875,15825,15890,6586,522413500,228004,228026,16630,15040,15835,15875,0,15875,0,0,0,2017-04-19,32490000,15870,20,0,0,0,0,0,0,0,0,15875,88,0,0,0,0,0,0,0,0
208,2017-04-19,09:01:31,0,CF709,XZCE,15875,15825,15890,6606,524001000,227984,228026,16630,15040,15835,15875,0,15875,0,0,0,2017-04-19,32491000,15870,20,0,0,0,0,0,0,0,0,15875,78,0,0,0,0,0,0,0,0
209,2017-04-19,09:01:31,0,CF709,XZCE,15875,15825,15890,6626,525588500,227984,228026,16630,15040,15835,15875,0,15875,0,0,0,2017-04-19,32491000,15870,20,0,0,0,0,0,0,0,0,15875,68,0,0,0,0,0,0,0,0
210,2017-04-19,09:01:32,0,CF709,XZCE,15875,15825,15890,6632,526064750,227984,228026,16630,15040,15835,15875,0,15875,0,0,0,2017-04-19,32492000,15870,20,0,0,0,0,0,0,0,0,15875,66,0,0,0,0,0,0,0,0
211,2017-04-19,09:01:32,0,CF709,XZCE,15875,15825,15890,6632,526064750,227984,228026,16630,15040,15835,15875,0,15875,0,0,0,2017-04-19,32492000,15870,20,0,0,0,0,0,0,0,0,15875,67,0,0,0,0,0,0,0,0
212,2017-04-19,09:01:33,0,CF709,XZCE,15870,15825,15890,6646,527175650,227984,228026,16630,15040,15835,15875,0,15875,0,0,0,2017-04-19,32493000,15870,17,0,0,0,0,0,0,0,0,15875,67,0,0,0,0,0,0,0,0
213,2017-04-19,09:01:33,0,CF709,XZCE,15875,15825,15890,6656,527969400,227984,228026,16630,15040,15835,15875,0,15875,0,0,0,2017-04-19,32493000,15870,17,0,0,0,0,0,0,0,0,15875,62,0,0,0,0,0,0,0,0
214,2017-04-19,09:01:34,0,CF709,XZCE,15875,15825,15890,6704,531779400,227984,228026,16630,15040,15835,15875,0,15875,0,0,0,2017-04-19,32494000,15870,19,0,0,0,0,0,0,0,0,15875,38,0,0,0,0,0,0,0,0
215,2017-04-19,09:01:35,0,CF709,XZCE,15875,15825,15890,6780,537811900,227976,228026,16630,15040,15835,15875,0,15875,0,0,0,2017-04-19,32495000,15875,11,0,0,0,0,0,0,0,0,15880,54,0,0,0,0,0,0,0,0
216,2017-04-19,09:01:35,0,CF709,XZCE,15875,15825,15890,6794,538923150,227978,228026,16630,15040,15835,15875,0,15875,0,0,0,2017-04-19,32495000,15875,9,0,0,0,0,0,0,0,0,15880,54,0,0,0,0,0,0,0,0
217,2017-04-19,09:01:37,0,CF709,XZCE,15875,15825,15890,6802,539558150,227978,228026,16630,15040,15835,15875,0,15875,0,0,0,2017-04-19,32497000,15875,12,0,0,0,0,0,0,0,0,15880,55,0,0,0,0,0,0,0,0
218,2017-04-19,09:01:37,0,CF709,XZCE,15875,15825,15890,6826,541463150,227988,228026,16630,15040,15835,15875,0,15875,0,0,0,2017-04-19,32497000,15870,20,0,0,0,0,0,0,0,0,15875,22,0,0,0,0,0,0,0,0
219,2017-04-19,09:01:38,0,CF709,XZCE,15870,15825,15890,6830,541780550,227992,228026,16630,15040,15835,15875,0,15875,0,0,0,2017-04-19,32498000,15870,18,0,0,0,0,0,0,0,0,15875,22,0,0,0,0,0,0,0,0
220,2017-04-19,09:01:39,0,CF709,XZCE,15870,15825,15890,6846,543050150,227982,228026,16630,15040,15835,15875,0,15875,0,0,0,2017-04-19,32499000,15870,11,0,0,0,0,0,0,0,0,15875,22,0,0,0,0,0,0,0,0
221,2017-04-19,09:01:39,0,CF709,XZCE,15875,15825,15890,6854,543685150,227990,228026,16630,15040,15835,15875,0,15875,0,0,0,2017-04-19,32499000,15870,11,0,0,0,0,0,0,0,0,15875,18,0,0,0,0,0,0,0,0
222,2017-04-19,09:01:40,0,CF709,XZCE,15870,15825,15890,6870,544954750,228004,228026,16630,15040,15835,15875,0,15875,0,0,0,2017-04-19,32500000,15870,10,0,0,0,0,0,0,0,0,15875,11,0,0,0,0,0,0,0,0
223,2017-04-19,09:01:41,0,CF709,XZCE,15875,15825,15890,6892,546701000,228024,228026,16630,15040,15835,15875,0,15875,0,0,0,2017-04-19,32501000,15875,6,0,0,0,0,0,0,0,0,15880,59,0,0,0,0,0,0,0,0
224,2017-04-19,09:01:42,0,CF709,XZCE,15880,15825,15890,6928,549559400,227990,228026,16630,15040,15835,15875,0,15875,0,0,0,2017-04-19,32502000,15875,11,0,0,0,0,0,0,0,0,15880,41,0,0,0,0,0,0,0,0
225,2017-04-19,09:01:42,0,CF709,XZCE,15875,15825,15890,6930,549718150,227992,228026,16630,15040,15835,15875,0,15875,0,0,0,2017-04-19,32502000,15875,15,0,0,0,0,0,0,0,0,15880,41,0,0,0,0,0,0,0,0
226,2017-04-19,09:01:43,0,CF709,XZCE,15875,15825,15890,6932,549876900,227992,228026,16630,15040,15835,15875,0,15875,0,0,0,2017-04-19,32503000,15875,10,0,0,0,0,0,0,0,0,15880,41,0,0,0,0,0,0,0,0
227,2017-04-19,09:01:43,0,CF709,XZCE,15875,15825,15890,6962,552258150,227976,228026,16630,15040,15835,15875,0,15875,0,0,0,2017-04-19,32503000,15875,9,0,0,0,0,0,0,0,0,15880,33,0,0,0,0,0,0,0,0
228,2017-04-19,09:01:45,0,CF709,XZCE,15880,15825,15890,6988,554322550,227992,228026,16630,15040,15835,15875,0,15875,0,0,0,2017-04-19,32505000,15875,9,0,0,0,0,0,0,0,0,15880,20,0,0,0,0,0,0,0,0
229,2017-04-19,09:01:45,0,CF709,XZCE,15880,15825,15890,6988,554322550,227992,228026,16630,15040,15835,15875,0,15875,0,0,0,2017-04-19,32505000,15875,10,0,0,0,0,0,0,0,0,15880,20,0,0,0,0,0,0,0,0
230,2017-04-19,09:01:46,0,CF709,XZCE,15875,15825,15890,7028,557497550,227966,228026,16630,15040,15835,15875,0,15875,0,0,0,2017-04-19,32506000,15870,24,0,0,0,0,0,0,0,0,15880,23,0,0,0,0,0,0,0,0
231,2017-04-19,09:01:46,0,CF709,XZCE,15875,15825,15890,7028,557497550,227966,228026,16630,15040,15835,15875,0,15875,0,0,0,2017-04-19,32506000,15870,33,0,0,0,0,0,0,0,0,15880,37,0,0,0,0,0,0,0,0
232,2017-04-19,09:01:47,0,CF709,XZCE,15880,15825,15890,7038,558291550,227968,228026,16630,15040,15835,15875,0,15875,0,0,0,2017-04-19,32507000,15875,17,0,0,0,0,0,0,0,0,15880,34,0,0,0,0,0,0,0,0
233,2017-04-19,09:01:47,0,CF709,XZCE,15875,15825,15890,7040,558450300,227968,228026,16630,15040,15835,15875,0,15875,0,0,0,2017-04-19,32507000,15875,16,0,0,0,0,0,0,0,0,15880,34,0,0,0,0,0,0,0,0
234,2017-04-19,09:01:48,0,CF709,XZCE,15880,15825,15890,7042,558609100,227970,228026,16630,15040,15835,15875,0,15875,0,0,0,2017-04-19,32508000,15875,18,0,0,0,0,0,0,0,0,15880,34,0,0,0,0,0,0,0,0
235,2017-04-19,09:01:48,0,CF709,XZCE,15880,15825,15890,7042,558609100,227970,228026,16630,15040,15835,15875,0,15875,0,0,0,2017-04-19,32508000,15875,18,0,0,0,0,0,0,0,0,15880,31,0,0,0,0,0,0,0,0
236,2017-04-19,09:01:49,0,CF709,XZCE,15880,15825,15890,7044,558767900,227972,228026,16630,15040,15835,15875,0,15875,0,0,0,2017-04-19,32509000,15875,5,0,0,0,0,0,0,0,0,15880,29,0,0,0,0,0,0,0,0
237,2017-04-19,09:01:49,0,CF709,XZCE,15880,15825,15890,7080,561626300,227996,228026,16630,15040,15835,15875,0,15875,0,0,0,2017-04-19,32509000,15875,5,0,0,0,0,0,0,0,0,15880,15,0,0,0,0,0,0,0,0
238,2017-04-19,09:01:49,0,CF709,XZCE,15880,15825,15890,7088,562261500,227996,228026,16630,15040,15835,15875,0,15875,0,0,0,2017-04-19,32509000,15875,5,0,0,0,0,0,0,0,0,15880,11,0,0,0,0,0,0,0,0
239,2017-04-19,09:01:51,0,CF709,XZCE,15880,15825,15890,7088,562261500,227996,228026,16630,15040,15835,15875,0,15875,0,0,0,2017-04-19,32511000,15875,6,0,0,0,0,0,0,0,0,15880,9,0,0,0,0,0,0,0,0
240,2017-04-19,09:01:51,0,CF709,XZCE,15880,15825,15890,7088,562261500,227996,228026,16630,15040,15835,15875,0,15875,0,0,0,2017-04-19,32511000,15875,22,0,0,0,0,0,0,0,0,15880,9,0,0,0,0,0,0,0,0
241,2017-04-19,09:01:52,0,CF709,XZCE,15875,15825,15890,7128,565436500,228036,228026,16630,15040,15835,15875,0,15875,0,0,0,2017-04-19,32512000,15875,7,0,0,0,0,0,0,0,0,15880,9,0,0,0,0,0,0,0,0
242,2017-04-19,09:01:52,0,CF709,XZCE,15880,15825,15890,7130,565595300,228034,228026,16630,15040,15835,15875,0,15875,0,0,0,2017-04-19,32512000,15875,7,0,0,0,0,0,0,0,0,15880,8,0,0,0,0,0,0,0,0
243,2017-04-19,09:01:53,0,CF709,XZCE,15880,15825,15890,7136,566071700,228038,228026,16630,15040,15835,15875,0,15875,0,0,0,2017-04-19,32513000,15875,5,0,0,0,0,0,0,0,0,15880,15,0,0,0,0,0,0,0,0
244,2017-04-19,09:01:53,0,CF709,XZCE,15880,15825,15890,7168,568612500,228042,228026,16630,15040,15835,15875,0,15875,0,0,0,2017-04-19,32513000,15875,13,0,0,0,0,0,0,0,0,15885,44,0,0,0,0,0,0,0,0
245,2017-04-19,09:01:54,0,CF709,XZCE,15880,15825,15890,7168,568612500,228042,228026,16630,15040,15835,15875,0,15875,0,0,0,2017-04-19,32514000,15875,18,0,0,0,0,0,0,0,0,15885,44,0,0,0,0,0,0,0,0
246,2017-04-19,09:01:54,0,CF709,XZCE,15880,15825,15890,7168,568612500,228042,228026,16630,15040,15835,15875,0,15875,0,0,0,2017-04-19,32514000,15880,10,0,0,0,0,0,0,0,0,15885,44,0,0,0,0,0,0,0,0
247,2017-04-19,09:01:55,0,CF709,XZCE,15885,15825,15890,7204,571471800,228050,228026,16630,15040,15835,15875,0,15875,0,0,0,2017-04-19,32515000,15880,11,0,0,0,0,0,0,0,0,15885,27,0,0,0,0,0,0,0,0
248,2017-04-19,09:01:55,0,CF709,XZCE,15880,15825,15890,7214,572265800,228056,228026,16630,15040,15835,15875,0,15875,0,0,0,2017-04-19,32515000,15880,14,0,0,0,0,0,0,0,0,15885,24,0,0,0,0,0,0,0,0
249,2017-04-19,09:01:56,0,CF709,XZCE,15880,15825,15890,7218,572583400,228060,228026,16630,15040,15835,15875,0,15875,0,0,0,2017-04-19,32516000,15880,14,0,0,0,0,0,0,0,0,15885,23,0,0,0,0,0,0,0,0
250,2017-04-19,09:01:56,0,CF709,XZCE,15880,15825,15890,7228,573377400,228070,228026,16630,15040,15835,15875,0,15875,0,0,0,2017-04-19,32516000,15880,7,0,0,0,0,0,0,0,0,15885,23,0,0,0,0,0,0,0,0
251,2017-04-19,09:01:56,0,CF709,XZCE,15885,15825,15890,7230,573536250,228068,228026,16630,15040,15835,15875,0,15875,0,0,0,2017-04-19,32516000,15880,7,0,0,0,0,0,0,0,0,15885,22,0,0,0,0,0,0,0,0
252,2017-04-19,09:01:57,0,CF709,XZCE,15880,15825,15890,7234,573853850,228070,228026,16630,15040,15835,15875,0,15875,0,0,0,2017-04-19,32517000,15880,6,0,0,0,0,0,0,0,0,15885,21,0,0,0,0,0,0,0,0
253,2017-04-19,09:01:57,0,CF709,XZCE,15885,15825,15890,7236,574012700,228070,228026,16630,15040,15835,15875,0,15875,0,0,0,2017-04-19,32517000,15880,7,0,0,0,0,0,0,0,0,15885,20,0,0,0,0,0,0,0,0
254,2017-04-19,09:01:58,0,CF709,XZCE,15880,15825,15890,7240,574330300,228072,228026,16630,15040,15835,15875,0,15875,0,0,0,2017-04-19,32518000,15880,6,0,0,0,0,0,0,0,0,15885,19,0,0,0,0,0,0,0,0
255,2017-04-19,09:01:58,0,CF709,XZCE,15880,15825,15890,7240,574330300,228072,228026,16630,15040,15835,15875,0,15875,0,0,0,2017-04-19,32518000,15880,8,0,0,0,0,0,0,0,0,15885,19,0,0,0,0,0,0,0,0
256,2017-04-19,09:01:59,0,CF709,XZCE,15885,15825,15890,7288,578142700,228110,228026,16630,15040,15835,15875,0,15875,0,0,0,2017-04-19,32519000,15880,6,0,0,0,0,0,0,0,0,15885,4,0,0,0,0,0,0,0,0
257,2017-04-19,09:02:00,0,CF709,XZCE,15885,15825,15890,7294,578619250,228114,228026,16630,15040,15835,15875,0,15875,0,0,0,2017-04-19,32520000,15885,9,0,0,0,0,0,0,0,0,15890,89,0,0,0,0,0,0,0,0
258,2017-04-19,09:02:00,0,CF709,XZCE,15885,15825,15890,7316,580366600,228116,228026,16630,15040,15835,15875,0,15875,0,0,0,2017-04-19,32520000,15880,9,0,0,0,0,0,0,0,0,15890,91,0,0,0,0,0,0,0,0
259,2017-04-19,09:02:01,0,CF709,XZCE,15890,15825,15890,7348,582909000,228094,228026,16630,15040,15835,15875,0,15875,0,0,0,2017-04-19,32521000,15875,17,0,0,0,0,0,0,0,0,15890,90,0,0,0,0,0,0,0,0
260,2017-04-19,09:02:01,0,CF709,XZCE,15885,15825,15890,7388,586086000,228080,228026,16630,15040,15835,15875,0,15875,0,0,0,2017-04-19,32521000,15880,10,0,0,0,0,0,0,0,0,15890,83,0,0,0,0,0,0,0,0
261,2017-04-19,09:02:02,0,CF709,XZCE,15890,15825,15890,7398,586880500,228076,228026,16630,15040,15835,15875,0,15875,0,0,0,2017-04-19,32522000,15885,10,0,0,0,0,0,0,0,0,15890,78,0,0,0,0,0,0,0,0
262,2017-04-19,09:02:02,0,CF709,XZCE,15890,15825,15890,7404,587357200,228072,228026,16630,15040,15835,15875,0,15875,0,0,0,2017-04-19,32522000,15885,16,0,0,0,0,0,0,0,0,15890,75,0,0,0,0,0,0,0,0
263,2017-04-19,09:02:03,0,CF709,XZCE,15885,15825,15890,7424,588945700,228092,228026,16630,15040,15835,15875,0,15875,0,0,0,2017-04-19,32523000,15885,7,0,0,0,0,0,0,0,0,15890,79,0,0,0,0,0,0,0,0
264,2017-04-19,09:02:03,0,CF709,XZCE,15890,15825,15890,7432,589581300,228092,228026,16630,15040,15835,15875,0,15875,0,0,0,2017-04-19,32523000,15885,5,0,0,0,0,0,0,0,0,15890,82,0,0,0,0,0,0,0,0
265,2017-04-19,09:02:04,0,CF709,XZCE,15885,15825,15890,7442,590375550,228092,228026,16630,15040,15835,15875,0,15875,0,0,0,2017-04-19,32524000,15885,4,0,0,0,0,0,0,0,0,15890,78,0,0,0,0,0,0,0,0
266,2017-04-19,09:02:04,0,CF709,XZCE,15890,15825,15890,7450,591011150,228088,228026,16630,15040,15835,15875,0,15875,0,0,0,2017-04-19,32524000,15885,4,0,0,0,0,0,0,0,0,15890,78,0,0,0,0,0,0,0,0
267,2017-04-19,09:02:05,0,CF709,XZCE,15890,15825,15890,7460,591805650,228088,228026,16630,15040,15835,15875,0,15875,0,0,0,2017-04-19,32525000,15885,4,0,0,0,0,0,0,0,0,15890,82,0,0,0,0,0,0,0,0
268,2017-04-19,09:02:05,0,CF709,XZCE,15885,15825,15890,7464,592123350,228088,228026,16630,15040,15835,15875,0,15875,0,0,0,2017-04-19,32525000,15885,3,0,0,0,0,0,0,0,0,15890,81,0,0,0,0,0,0,0,0
269,2017-04-19,09:02:06,0,CF709,XZCE,15890,15825,15890,7468,592441150,228088,228026,16630,15040,15835,15875,0,15875,0,0,0,2017-04-19,32526000,15885,3,0,0,0,0,0,0,0,0,15890,79,0,0,0,0,0,0,0,0
270,2017-04-19,09:02:06,0,CF709,XZCE,15890,15825,15890,7588,601975150,228068,228026,16630,15040,15835,15875,0,15875,0,0,0,2017-04-19,32526000,15885,13,0,0,0,0,0,0,0,0,15890,19,0,0,0,0,0,0,0,0
271,2017-04-19,09:02:07,0,CF709,XZCE,15885,15825,15890,7636,605787550,228094,228026,16630,15040,15835,15875,0,15875,0,0,0,2017-04-19,32527000,15885,5,0,0,0,0,0,0,0,0,15890,27,0,0,0,0,0,0,0,0
272,2017-04-19,09:02:07,0,CF709,XZCE,15890,15825,15890,7640,606105350,228094,228026,16630,15040,15835,15875,0,15875,0,0,0,2017-04-19,32527000,15885,8,0,0,0,0,0,0,0,0,15890,27,0,0,0,0,0,0,0,0
273,2017-04-19,09:02:08,0,CF709,XZCE,15890,15825,15890,7676,608965550,228098,228026,16630,15040,15835,15875,0,15875,0,0,0,2017-04-19,32528000,15885,8,0,0,0,0,0,0,0,0,15890,23,0,0,0,0,0,0,0,0
274,2017-04-19,09:02:08,0,CF709,XZCE,15890,15825,15890,7682,609442250,228098,228026,16630,15040,15835,15875,0,15875,0,0,0,2017-04-19,32528000,15885,14,0,0,0,0,0,0,0,0,15890,27,0,0,0,0,0,0,0,0
275,2017-04-19,09:02:09,0,CF709,XZCE,15890,15825,15890,7686,609760050,228094,228026,16630,15040,15835,15875,0,15875,0,0,0,2017-04-19,32529000,15885,14,0,0,0,0,0,0,0,0,15890,26,0,0,0,0,0,0,0,0
276,2017-04-19,09:02:09,0,CF709,XZCE,15890,15825,15890,7688,609918950,228094,228026,16630,15040,15835,15875,0,15875,0,0,0,2017-04-19,32529000,15885,15,0,0,0,0,0,0,0,0,15890,26,0,0,0,0,0,0,0,0
277,2017-04-19,09:02:10,0,CF709,XZCE,15885,15825,15890,7724,612778250,228106,228026,16630,15040,15835,15875,0,15875,0,0,0,2017-04-19,32530000,15880,18,0,0,0,0,0,0,0,0,15885,3,0,0,0,0,0,0,0,0
278,2017-04-19,09:02:10,0,CF709,XZCE,15890,15825,15890,7734,613572750,228106,228026,16630,15040,15835,15875,0,15875,0,0,0,2017-04-19,32530000,15885,2,0,0,0,0,0,0,0,0,15890,76,0,0,0,0,0,0,0,0
279,2017-04-19,09:02:11,0,CF709,XZCE,15885,15825,15890,7754,615161250,228102,228026,16630,15040,15835,15875,0,15875,0,0,0,2017-04-19,32531000,15880,18,0,0,0,0,0,0,0,0,15885,4,0,0,0,0,0,0,0,0
280,2017-04-19,09:02:11,0,CF709,XZCE,15885,15825,15890,7786,617702850,228098,228026,16630,15040,15835,15875,0,15875,0,0,0,2017-04-19,32531000,15880,18,0,0,0,0,0,0,0,0,15885,22,0,0,0,0,0,0,0,0
281,2017-04-19,09:02:12,0,CF709,XZCE,15885,15825,15890,7800,618814800,228094,228026,16630,15040,15835,15875,0,15875,0,0,0,2017-04-19,32532000,15880,37,0,0,0,0,0,0,0,0,15885,49,0,0,0,0,0,0,0,0
282,2017-04-19,09:02:12,0,CF709,XZCE,15885,15825,15890,7806,619291350,228092,228026,16630,15040,15835,15875,0,15875,0,0,0,2017-04-19,32532000,15880,36,0,0,0,0,0,0,0,0,15885,51,0,0,0,0,0,0,0,0
283,2017-04-19,09:02:13,0,CF709,XZCE,15885,15825,15890,7808,619450200,228092,228026,16630,15040,15835,15875,0,15875,0,0,0,2017-04-19,32533000,15880,36,0,0,0,0,0,0,0,0,15885,52,0,0,0,0,0,0,0,0
284,2017-04-19,09:02:13,0,CF709,XZCE,15885,15825,15890,7828,621038700,228084,228026,16630,15040,15835,15875,0,15875,0,0,0,2017-04-19,32533000,15880,28,0,0,0,0,0,0,0,0,15885,51,0,0,0,0,0,0,0,0
285,2017-04-19,09:02:14,0,CF709,XZCE,15885,15825,15890,7850,622786050,228088,228026,16630,15040,15835,15875,0,15875,0,0,0,2017-04-19,32534000,15880,27,0,0,0,0,0,0,0,0,15885,46,0,0,0,0,0,0,0,0
286,2017-04-19,09:02:14,0,CF709,XZCE,15880,15825,15890,7852,622944850,228090,228026,16630,15040,15835,15875,0,15875,0,0,0,2017-04-19,32534000,15880,27,0,0,0,0,0,0,0,0,15885,48,0,0,0,0,0,0,0,0
287,2017-04-19,09:02:14,0,CF709,XZCE,15885,15825,15890,7858,623421400,228090,228026,16630,15040,15835,15875,0,15875,0,0,0,2017-04-19,32534000,15880,27,0,0,0,0,0,0,0,0,15885,48,0,0,0,0,0,0,0,0
288,2017-04-19,09:02:15,0,CF709,XZCE,15885,15825,15890,7870,624374500,228084,228026,16630,15040,15835,15875,0,15875,0,0,0,2017-04-19,32535000,15880,27,0,0,0,0,0,0,0,0,15885,46,0,0,0,0,0,0,0,0
289,2017-04-19,09:02:16,0,CF709,XZCE,15880,15825,15890,7912,627709300,228094,228026,16630,15040,15835,15875,0,15875,0,0,0,2017-04-19,32536000,15880,7,0,0,0,0,0,0,0,0,15885,45,0,0,0,0,0,0,0,0
290,2017-04-19,09:02:16,0,CF709,XZCE,15880,15825,15890,7918,628185700,228094,228026,16630,15040,15835,15875,0,15875,0,0,0,2017-04-19,32536000,15880,5,0,0,0,0,0,0,0,0,15885,43,0,0,0,0,0,0,0,0
291,2017-04-19,09:02:17,0,CF709,XZCE,15880,15825,15890,7928,628979700,228092,228026,16630,15040,15835,15875,0,15875,0,0,0,2017-04-19,32537000,15875,11,0,0,0,0,0,0,0,0,15880,1,0,0,0,0,0,0,0,0
292,2017-04-19,09:02:17,0,CF709,XZCE,15885,15825,15890,7932,629297400,228096,228026,16630,15040,15835,15875,0,15875,0,0,0,2017-04-19,32537000,15875,11,0,0,0,0,0,0,0,0,15885,54,0,0,0,0,0,0,0,0
293,2017-04-19,09:02:18,0,CF709,XZCE,15875,15825,15890,7934,629456150,228094,228026,16630,15040,15835,15875,0,15875,0,0,0,2017-04-19,32538000,15875,10,0,0,0,0,0,0,0,0,15880,13,0,0,0,0,0,0,0,0
294,2017-04-19,09:02:18,0,CF709,XZCE,15880,15825,15890,7936,629614950,228094,228026,16630,15040,15835,15875,0,15875,0,0,0,2017-04-19,32538000,15875,10,0,0,0,0,0,0,0,0,15880,28,0,0,0,0,0,0,0,0
295,2017-04-19,09:02:18,0,CF709,XZCE,15880,15825,15890,7936,629614950,228094,228026,16630,15040,15835,15875,0,15875,0,0,0,2017-04-19,32538000,15875,10,0,0,0,0,0,0,0,0,15880,30,0,0,0,0,0,0,0,0
296,2017-04-19,09:02:19,0,CF709,XZCE,15875,15825,15890,7942,630091200,228088,228026,16630,15040,15835,15875,0,15875,0,0,0,2017-04-19,32539000,15875,7,0,0,0,0,0,0,0,0,15880,30,0,0,0,0,0,0,0,0
297,2017-04-19,09:02:19,0,CF709,XZCE,15875,15825,15890,7942,630091200,228088,228026,16630,15040,15835,15875,0,15875,0,0,0,2017-04-19,32539000,15875,7,0,0,0,0,0,0,0,0,15880,31,0,0,0,0,0,0,0,0
298,2017-04-19,09:02:20,0,CF709,XZCE,15875,15825,15890,7978,632948700,228086,228026,16630,15040,15835,15875,0,15875,0,0,0,2017-04-19,32540000,15870,19,0,0,0,0,0,0,0,0,15875,16,0,0,0,0,0,0,0,0
299,2017-04-19,09:02:21,0,CF709,XZCE,15870,15825,15890,7984,633424800,228082,228026,16630,15040,15835,15875,0,15875,0,0,0,2017-04-19,32541000,15870,18,0,0,0,0,0,0,0,0,15875,27,0,0,0,0,0,0,0,0
300,2017-04-19,09:02:21,0,CF709,XZCE,15875,15825,15890,7990,633901050,228076,228026,16630,15040,15835,15875,0,15875,0,0,0,2017-04-19,32541000,15870,22,0,0,0,0,0,0,0,0,15875,24,0,0,0,0,0,0,0,0
301,2017-04-19,09:02:22,0,CF709,XZCE,15875,15825,15890,7996,634377300,228076,228026,16630,15040,15835,15875,0,15875,0,0,0,2017-04-19,32542000,15870,22,0,0,0,0,0,0,0,0,15875,21,0,0,0,0,0,0,0,0
302,2017-04-19,09:02:22,0,CF709,XZCE,15875,15825,15890,8014,635806050,228076,228026,16630,15040,15835,15875,0,15875,0,0,0,2017-04-19,32542000,15870,22,0,0,0,0,0,0,0,0,15875,15,0,0,0,0,0,0,0,0
303,2017-04-19,09:02:23,0,CF709,XZCE,15875,15825,15890,8014,635806050,228076,228026,16630,15040,15835,15875,0,15875,0,0,0,2017-04-19,32543000,15870,22,0,0,0,0,0,0,0,0,15875,16,0,0,0,0,0,0,0,0
304,2017-04-19,09:02:23,0,CF709,XZCE,15875,15825,15890,8014,635806050,228076,228026,16630,15040,15835,15875,0,15875,0,0,0,2017-04-19,32543000,15870,26,0,0,0,0,0,0,0,0,15875,16,0,0,0,0,0,0,0,0
305,2017-04-19,09:02:24,0,CF709,XZCE,15875,15825,15890,8066,639933550,228058,228026,16630,15040,15835,15875,0,15875,0,0,0,2017-04-19,32544000,15875,27,0,0,0,0,0,0,0,0,15880,9,0,0,0,0,0,0,0,0
306,2017-04-19,09:02:24,0,CF709,XZCE,15870,15825,15890,8128,644853250,228070,228026,16630,15040,15835,15875,0,15875,0,0,0,2017-04-19,32544000,15870,24,0,0,0,0,0,0,0,0,15880,8,0,0,0,0,0,0,0,0
307,2017-04-19,09:02:25,0,CF709,XZCE,15880,15825,15890,8136,645488450,228074,228026,16630,15040,15835,15875,0,15875,0,0,0,2017-04-19,32545000,15875,4,0,0,0,0,0,0,0,0,15880,14,0,0,0,0,0,0,0,0
308,2017-04-19,09:02:25,0,CF709,XZCE,15875,15825,15890,8138,645647200,228074,228026,16630,15040,15835,15875,0,15875,0,0,0,2017-04-19,32545000,15875,7,0,0,0,0,0,0,0,0,15880,17,0,0,0,0,0,0,0,0
309,2017-04-19,09:02:26,0,CF709,XZCE,15875,15825,15890,8140,645805950,228072,228026,16630,15040,15835,15875,0,15875,0,0,0,2017-04-19,32546000,15875,11,0,0,0,0,0,0,0,0,15880,10,0,0,0,0,0,0,0,0
310,2017-04-19,09:02:26,0,CF709,XZCE,15880,15825,15890,8160,647393950,228074,228026,16630,15040,15835,15875,0,15875,0,0,0,2017-04-19,32546000,15875,15,0,0,0,0,0,0,0,0,15885,72,0,0,0,0,0,0,0,0
311,2017-04-19,09:02:27,0,CF709,XZCE,15880,15825,15890,8160,647393950,228074,228026,16630,15040,15835,15875,0,15875,0,0,0,2017-04-19,32547000,15875,15,0,0,0,0,0,0,0,0,15885,71,0,0,0,0,0,0,0,0
312,2017-04-19,09:02:27,0,CF709,XZCE,15875,15825,15890,8164,647711450,228076,228026,16630,15040,15835,15875,0,15875,0,0,0,2017-04-19,32547000,15880,1,0,0,0,0,0,0,0,0,15885,74,0,0,0,0,0,0,0,0
313,2017-04-19,09:02:28,0,CF709,XZCE,15880,15825,15890,8168,648029050,228080,228026,16630,15040,15835,15875,0,15875,0,0,0,2017-04-19,32548000,15880,17,0,0,0,0,0,0,0,0,15885,74,0,0,0,0,0,0,0,0
314,2017-04-19,09:02:28,0,CF709,XZCE,15880,15825,15890,8170,648187850,228082,228026,16630,15040,15835,15875,0,15875,0,0,0,2017-04-19,32548000,15880,16,0,0,0,0,0,0,0,0,15885,74,0,0,0,0,0,0,0,0
315,2017-04-19,09:02:29,0,CF709,XZCE,15880,15825,15890,8180,648981850,228092,228026,16630,15040,15835,15875,0,15875,0,0,0,2017-04-19,32549000,15880,34,0,0,0,0,0,0,0,0,15885,74,0,0,0,0,0,0,0,0
316,2017-04-19,09:02:30,0,CF709,XZCE,15885,15825,15890,8184,649299550,228094,228026,16630,15040,15835,15875,0,15875,0,0,0,2017-04-19,32550000,15880,33,0,0,0,0,0,0,0,0,15885,73,0,0,0,0,0,0,0,0
317,2017-04-19,09:02:30,0,CF709,XZCE,15885,15825,15890,8186,649458400,228096,228026,16630,15040,15835,15875,0,15875,0,0,0,2017-04-19,32550000,15880,33,0,0,0,0,0,0,0,0,15885,64,0,0,0,0,0,0,0,0
318,2017-04-19,09:02:31,0,CF709,XZCE,15880,15825,15890,8190,649776000,228100,228026,16630,15040,15835,15875,0,15875,0,0,0,2017-04-19,32551000,15880,31,0,0,0,0,0,0,0,0,15885,63,0,0,0,0,0,0,0,0
319,2017-04-19,09:02:31,0,CF709,XZCE,15880,15825,15890,8198,650411200,228106,228026,16630,15040,15835,15875,0,15875,0,0,0,2017-04-19,32551000,15880,27,0,0,0,0,0,0,0,0,15885,63,0,0,0,0,0,0,0,0
320,2017-04-19,09:02:32,0,CF709,XZCE,15880,15825,15890,8200,650570000,228108,228026,16630,15040,15835,15875,0,15875,0,0,0,2017-04-19,32552000,15880,26,0,0,0,0,0,0,0,0,15885,74,0,0,0,0,0,0,0,0
321,2017-04-19,09:02:32,0,CF709,XZCE,15880,15825,15890,8224,652475600,228130,228026,16630,15040,15835,15875,0,15875,0,0,0,2017-04-19,32552000,15880,14,0,0,0,0,0,0,0,0,15885,74,0,0,0,0,0,0,0,0
322,2017-04-19,09:02:33,0,CF709,XZCE,15880,15825,15890,8254,654857600,228134,228026,16630,15040,15835,15875,0,15875,0,0,0,2017-04-19,32553000,15875,16,0,0,0,0,0,0,0,0,15885,75,0,0,0,0,0,0,0,0
323,2017-04-19,09:02:33,0,CF709,XZCE,15885,15825,15890,8258,655175300,228136,228026,16630,15040,15835,15875,0,15875,0,0,0,2017-04-19,32553000,15875,16,0,0,0,0,0,0,0,0,15885,75,0,0,0,0,0,0,0,0
324,2017-04-19,09:02:34,0,CF709,XZCE,15885,15825,15890,8258,655175300,228136,228026,16630,15040,15835,15875,0,15875,0,0,0,2017-04-19,32554000,15875,51,0,0,0,0,0,0,0,0,15880,2,0,0,0,0,0,0,0,0
325,2017-04-19,09:02:34,0,CF709,XZCE,15885,15825,15890,8274,656446100,228152,228026,16630,15040,15835,15875,0,15875,0,0,0,2017-04-19,32554000,15880,2,0,0,0,0,0,0,0,0,15885,70,0,0,0,0,0,0,0,0
326,2017-04-19,09:02:35,0,CF709,XZCE,15885,15825,15890,8302,658670000,228176,228026,16630,15040,15835,15875,0,15875,0,0,0,2017-04-19,32555000,15880,16,0,0,0,0,0,0,0,0,15885,58,0,0,0,0,0,0,0,0
327,2017-04-19,09:02:35,0,CF709,XZCE,15880,15825,15890,8304,658828800,228178,228026,16630,15040,15835,15875,0,15875,0,0,0,2017-04-19,32555000,15880,15,0,0,0,0,0,0,0,0,15885,68,0,0,0,0,0,0,0,0
328,2017-04-19,09:02:36,0,CF709,XZCE,15885,15825,15890,8308,659146500,228178,228026,16630,15040,15835,15875,0,15875,0,0,0,2017-04-19,32556000,15880,24,0,0,0,0,0,0,0,0,15885,67,0,0,0,0,0,0,0,0
329,2017-04-19,09:02:36,0,CF709,XZCE,15885,15825,15890,8308,659146500,228178,228026,16630,15040,15835,15875,0,15875,0,0,0,2017-04-19,32556000,15880,24,0,0,0,0,0,0,0,0,15885,68,0,0,0,0,0,0,0,0
330,2017-04-19,09:02:37,0,CF709,XZCE,15880,15825,15890,8310,659305300,228178,228026,16630,15040,15835,15875,0,15875,0,0,0,2017-04-19,32557000,15880,27,0,0,0,0,0,0,0,0,15885,68,0,0,0,0,0,0,0,0
331,2017-04-19,09:02:37,0,CF709,XZCE,15880,15825,15890,8314,659622900,228182,228026,16630,15040,15835,15875,0,15875,0,0,0,2017-04-19,32557000,15880,29,0,0,0,0,0,0,0,0,15885,68,0,0,0,0,0,0,0,0
332,2017-04-19,09:02:37,0,CF709,XZCE,15880,15825,15890,8314,659622900,228182,228026,16630,15040,15835,15875,0,15875,0,0,0,2017-04-19,32557000,15880,29,0,0,0,0,0,0,0,0,15885,69,0,0,0,0,0,0,0,0
333,2017-04-19,09:02:38,0,CF709,XZCE,15885,15825,15890,8316,659781750,228180,228026,16630,15040,15835,15875,0,15875,0,0,0,2017-04-19,32558000,15880,29,0,0,0,0,0,0,0,0,15885,68,0,0,0,0,0,0,0,0
334,2017-04-19,09:02:38,0,CF709,XZCE,15885,15825,15890,8316,659781750,228180,228026,16630,15040,15835,15875,0,15875,0,0,0,2017-04-19,32558000,15880,19,0,0,0,0,0,0,0,0,15885,70,0,0,0,0,0,0,0,0
335,2017-04-19,09:02:39,0,CF709,XZCE,15880,15825,15890,8378,664704550,228158,228026,16630,15040,15835,15875,0,15875,0,0,0,2017-04-19,32559000,15880,20,0,0,0,0,0,0,0,0,15885,71,0,0,0,0,0,0,0,0
336,2017-04-19,09:02:39,0,CF709,XZCE,15885,15825,15890,8418,667881550,228190,228026,16630,15040,15835,15875,0,15875,0,0,0,2017-04-19,32559000,15880,20,0,0,0,0,0,0,0,0,15885,51,0,0,0,0,0,0,0,0
337,2017-04-19,09:02:40,0,CF709,XZCE,15885,15825,15890,8522,676141750,228258,228026,16630,15040,15835,15875,0,15875,0,0,0,2017-04-19,32560000,15885,48,0,0,0,0,0,0,0,0,15890,118,0,0,0,0,0,0,0,0
338,2017-04-19,09:02:41,0,CF709,XZCE,15885,15825,15890,8524,676300600,228260,228026,16630,15040,15835,15875,0,15875,0,0,0,2017-04-19,32561000,15885,48,0,0,0,0,0,0,0,0,15890,119,0,0,0,0,0,0,0,0
339,2017-04-19,09:02:41,0,CF709,XZCE,15885,15825,15890,8530,676777150,228262,228026,16630,15040,15835,15875,0,15875,0,0,0,2017-04-19,32561000,15885,46,0,0,0,0,0,0,0,0,15890,118,0,0,0,0,0,0,0,0
340,2017-04-19,09:02:42,0,CF709,XZCE,15885,15825,15890,8536,677253700,228262,228026,16630,15040,15835,15875,0,15875,0,0,0,2017-04-19,32562000,15885,44,0,0,0,0,0,0,0,0,15890,118,0,0,0,0,0,0,0,0
341,2017-04-19,09:02:42,0,CF709,XZCE,15885,15825,15890,8554,678683350,228262,228026,16630,15040,15835,15875,0,15875,0,0,0,2017-04-19,32562000,15885,36,0,0,0,0,0,0,0,0,15890,117,0,0,0,0,0,0,0,0
342,2017-04-19,09:02:43,0,CF709,XZCE,15885,15825,15890,8558,679001050,228264,228026,16630,15040,15835,15875,0,15875,0,0,0,2017-04-19,32563000,15885,34,0,0,0,0,0,0,0,0,15890,117,0,0,0,0,0,0,0,0
343,2017-04-19,09:02:43,0,CF709,XZCE,15885,15825,15890,8570,679954150,228274,228026,16630,15040,15835,15875,0,15875,0,0,0,2017-04-19,32563000,15885,28,0,0,0,0,0,0,0,0,15890,119,0,0,0,0,0,0,0,0
344,2017-04-19,09:02:43,0,CF709,XZCE,15890,15825,15890,8572,680113050,228276,228026,16630,15040,15835,15875,0,15875,0,0,0,2017-04-19,32563000,15885,28,0,0,0,0,0,0,0,0,15890,117,0,0,0,0,0,0,0,0
345,2017-04-19,09:02:44,0,CF709,XZCE,15885,15825,15890,8578,680589600,228280,228026,16630,15040,15835,15875,0,15875,0,0,0,2017-04-19,32564000,15885,25,0,0,0,0,0,0,0,0,15890,117,0,0,0,0,0,0,0,0
346,2017-04-19,09:02:45,0,CF709,XZCE,15885,15825,15890,8620,683925450,228300,228026,16630,15040,15835,15875,0,15875,0,0,0,2017-04-19,32565000,15885,15,0,0,0,0,0,0,0,0,15890,109,0,0,0,0,0,0,0,0
347,2017-04-19,09:02:45,0,CF709,XZCE,15885,15825,15890,8624,684243150,228304,228026,16630,15040,15835,15875,0,15875,0,0,0,2017-04-19,32565000,15885,13,0,0,0,0,0,0,0,0,15890,109,0,0,0,0,0,0,0,0
348,2017-04-19,09:02:46,0,CF709,XZCE,15890,15825,15890,8636,685196550,228314,228026,16630,15040,15835,15875,0,15875,0,0,0,2017-04-19,32566000,15885,9,0,0,0,0,0,0,0,0,15890,107,0,0,0,0,0,0,0,0
349,2017-04-19,09:02:46,0,CF709,XZCE,15890,15825,15890,8638,685355450,228316,228026,16630,15040,15835,15875,0,15875,0,0,0,2017-04-19,32566000,15885,9,0,0,0,0,0,0,0,0,15890,106,0,0,0,0,0,0,0,0
350,2017-04-19,09:02:47,0,CF709,XZCE,15885,15825,15890,8658,686943950,228330,228026,16630,15040,15835,15875,0,15875,0,0,0,2017-04-19,32567000,15880,41,0,0,0,0,0,0,0,0,15885,8,0,0,0,0,0,0,0,0
351,2017-04-19,09:02:47,0,CF709,XZCE,15885,15825,15890,8658,686943950,228330,228026,16630,15040,15835,15875,0,15875,0,0,0,2017-04-19,32567000,15880,51,0,0,0,0,0,0,0,0,15885,12,0,0,0,0,0,0,0,0
352,2017-04-19,09:02:48,0,CF709,XZCE,15885,15825,15890,8660,687102800,228330,228026,16630,15040,15835,15875,0,15875,0,0,0,2017-04-19,32568000,15880,51,0,0,0,0,0,0,0,0,15885,11,0,0,0,0,0,0,0,0
353,2017-04-19,09:02:49,0,CF709,XZCE,15885,15825,15890,8668,687738200,228338,228026,16630,15040,15835,15875,0,15875,0,0,0,2017-04-19,32569000,15880,51,0,0,0,0,0,0,0,0,15885,7,0,0,0,0,0,0,0,0
354,2017-04-19,09:02:49,0,CF709,XZCE,15885,15825,15890,8672,688055900,228342,228026,16630,15040,15835,15875,0,15875,0,0,0,2017-04-19,32569000,15880,51,0,0,0,0,0,0,0,0,15885,5,0,0,0,0,0,0,0,0
355,2017-04-19,09:02:50,0,CF709,XZCE,15885,15825,15890,8676,688373600,228344,228026,16630,15040,15835,15875,0,15875,0,0,0,2017-04-19,32570000,15880,52,0,0,0,0,0,0,0,0,15885,5,0,0,0,0,0,0,0,0
356,2017-04-19,09:02:50,0,CF709,XZCE,15885,15825,15890,8676,688373600,228344,228026,16630,15040,15835,15875,0,15875,0,0,0,2017-04-19,32570000,15880,52,0,0,0,0,0,0,0,0,15885,10,0,0,0,0,0,0,0,0
357,2017-04-19,09:02:51,0,CF709,XZCE,15880,15825,15890,8680,688691200,228344,228026,16630,15040,15835,15875,0,15875,0,0,0,2017-04-19,32571000,15880,51,0,0,0,0,0,0,0,0,15885,9,0,0,0,0,0,0,0,0
358,2017-04-19,09:02:51,0,CF709,XZCE,15885,15825,15890,8690,689485450,228336,228026,16630,15040,15835,15875,0,15875,0,0,0,2017-04-19,32571000,15880,41,0,0,0,0,0,0,0,0,15885,11,0,0,0,0,0,0,0,0
359,2017-04-19,09:02:52,0,CF709,XZCE,15885,15825,15890,8690,689485450,228336,228026,16630,15040,15835,15875,0,15875,0,0,0,2017-04-19,32572000,15880,41,0,0,0,0,0,0,0,0,15885,21,0,0,0,0,0,0,0,0
360,2017-04-19,09:02:52,0,CF709,XZCE,15880,15825,15890,8698,690120650,228336,228026,16630,15040,15835,15875,0,15875,0,0,0,2017-04-19,32572000,15880,21,0,0,0,0,0,0,0,0,15885,21,0,0,0,0,0,0,0,0
361,2017-04-19,09:02:53,0,CF709,XZCE,15885,15825,15890,8700,690279500,228338,228026,16630,15040,15835,15875,0,15875,0,0,0,2017-04-19,32573000,15880,21,0,0,0,0,0,0,0,0,15885,22,0,0,0,0,0,0,0,0
362,2017-04-19,09:02:53,0,CF709,XZCE,15880,15825,15890,8712,691232300,228342,228026,16630,15040,15835,15875,0,15875,0,0,0,2017-04-19,32573000,15880,20,0,0,0,0,0,0,0,0,15885,30,0,0,0,0,0,0,0,0
363,2017-04-19,09:02:54,0,CF709,XZCE,15880,15825,15890,8752,694408300,228366,228026,16630,15040,15835,15875,0,15875,0,0,0,2017-04-19,32574000,15875,42,0,0,0,0,0,0,0,0,15885,30,0,0,0,0,0,0,0,0
364,2017-04-19,09:02:54,0,CF709,XZCE,15880,15825,15890,8752,694408300,228366,228026,16630,15040,15835,15875,0,15875,0,0,0,2017-04-19,32574000,15875,52,0,0,0,0,0,0,0,0,15880,11,0,0,0,0,0,0,0,0
365,2017-04-19,09:02:55,0,CF709,XZCE,15880,15825,15890,8752,694408300,228366,228026,16630,15040,15835,15875,0,15875,0,0,0,2017-04-19,32575000,15875,52,0,0,0,0,0,0,0,0,15880,16,0,0,0,0,0,0,0,0
366,2017-04-19,09:02:56,0,CF709,XZCE,15880,15825,15890,8752,694408300,228366,228026,16630,15040,15835,15875,0,15875,0,0,0,2017-04-19,32576000,15875,49,0,0,0,0,0,0,0,0,15880,16,0,0,0,0,0,0,0,0
367,2017-04-19,09:02:56,0,CF709,XZCE,15880,15825,15890,8752,694408300,228366,228026,16630,15040,15835,15875,0,15875,0,0,0,2017-04-19,32576000,15875,49,0,0,0,0,0,0,0,0,15880,9,0,0,0,0,0,0,0,0
368,2017-04-19,09:02:56,0,CF709,XZCE,15880,15825,15890,8754,694567100,228364,228026,16630,15040,15835,15875,0,15875,0,0,0,2017-04-19,32576000,15875,49,0,0,0,0,0,0,0,0,15880,8,0,0,0,0,0,0,0,0
369,2017-04-19,09:02:57,0,CF709,XZCE,15880,15825,15890,8754,694567100,228364,228026,16630,15040,15835,15875,0,15875,0,0,0,2017-04-19,32577000,15875,50,0,0,0,0,0,0,0,0,15880,8,0,0,0,0,0,0,0,0
370,2017-04-19,09:02:59,0,CF709,XZCE,15875,15825,15890,8756,694725850,228364,228026,16630,15040,15835,15875,0,15875,0,0,0,2017-04-19,32579000,15875,49,0,0,0,0,0,0,0,0,15880,8,0,0,0,0,0,0,0,0
371,2017-04-19,09:02:59,0,CF709,XZCE,15880,15825,15890,8772,695996250,228350,228026,16630,15040,15835,15875,0,15875,0,0,0,2017-04-19,32579000,15875,61,0,0,0,0,0,0,0,0,15885,37,0,0,0,0,0,0,0,0
372,2017-04-19,09:02:59,0,CF709,XZCE,15880,15825,15890,8774,696155050,228350,228026,16630,15040,15835,15875,0,15875,0,0,0,2017-04-19,32579000,15880,9,0,0,0,0,0,0,0,0,15885,35,0,0,0,0,0,0,0,0
373,2017-04-19,09:03:00,0,CF709,XZCE,15885,15825,15890,8776,696313900,228348,228026,16630,15040,15835,15875,0,15875,0,0,0,2017-04-19,32580000,15880,28,0,0,0,0,0,0,0,0,15885,33,0,0,0,0,0,0,0,0
374,2017-04-19,09:03:01,0,CF709,XZCE,15885,15825,15890,8776,696313900,228348,228026,16630,15040,15835,15875,0,15875,0,0,0,2017-04-19,32581000,15880,32,0,0,0,0,0,0,0,0,15885,28,0,0,0,0,0,0,0,0
375,2017-04-19,09:03:01,0,CF709,XZCE,15880,15825,15890,8784,696949100,228340,228026,16630,15040,15835,15875,0,15875,0,0,0,2017-04-19,32581000,15880,29,0,0,0,0,0,0,0,0,15885,21,0,0,0,0,0,0,0,0
376,2017-04-19,09:03:02,0,CF709,XZCE,15880,15825,15890,8784,696949100,228340,228026,16630,15040,15835,15875,0,15875,0,0,0,2017-04-19,32582000,15880,29,0,0,0,0,0,0,0,0,15885,34,0,0,0,0,0,0,0,0
377,2017-04-19,09:03:02,0,CF709,XZCE,15880,15825,15890,8788,697266700,228340,228026,16630,15040,15835,15875,0,15875,0,0,0,2017-04-19,32582000,15880,29,0,0,0,0,0,0,0,0,15885,34,0,0,0,0,0,0,0,0
378,2017-04-19,09:03:03,0,CF709,XZCE,15880,15825,15890,8790,697425500,228338,228026,16630,15040,15835,15875,0,15875,0,0,0,2017-04-19,32583000,15880,28,0,0,0,0,0,0,0,0,15885,35,0,0,0,0,0,0,0,0
379,2017-04-19,09:03:03,0,CF709,XZCE,15885,15825,15890,8792,697584350,228338,228026,16630,15040,15835,15875,0,15875,0,0,0,2017-04-19,32583000,15880,28,0,0,0,0,0,0,0,0,15885,34,0,0,0,0,0,0,0,0
380,2017-04-19,09:03:04,0,CF709,XZCE,15880,15825,15890,8802,698378350,228330,228026,16630,15040,15835,15875,0,15875,0,0,0,2017-04-19,32584000,15880,33,0,0,0,0,0,0,0,0,15885,35,0,0,0,0,0,0,0,0
381,2017-04-19,09:03:04,0,CF709,XZCE,15880,15825,15890,8802,698378350,228330,228026,16630,15040,15835,15875,0,15875,0,0,0,2017-04-19,32584000,15880,24,0,0,0,0,0,0,0,0,15885,35,0,0,0,0,0,0,0,0
382,2017-04-19,09:03:05,0,CF709,XZCE,15880,15825,15890,8802,698378350,228330,228026,16630,15040,15835,15875,0,15875,0,0,0,2017-04-19,32585000,15880,24,0,0,0,0,0,0,0,0,15885,36,0,0,0,0,0,0,0,0
383,2017-04-19,09:03:05,0,CF709,XZCE,15880,15825,15890,8808,698854750,228324,228026,16630,15040,15835,15875,0,15875,0,0,0,2017-04-19,32585000,15880,21,0,0,0,0,0,0,0,0,15885,38,0,0,0,0,0,0,0,0
384,2017-04-19,09:03:05,0,CF709,XZCE,15880,15825,15890,8808,698854750,228324,228026,16630,15040,15835,15875,0,15875,0,0,0,2017-04-19,32585000,15880,21,0,0,0,0,0,0,0,0,15885,40,0,0,0,0,0,0,0,0
385,2017-04-19,09:03:06,0,CF709,XZCE,15885,15825,15890,8810,699013600,228322,228026,16630,15040,15835,15875,0,15875,0,0,0,2017-04-19,32586000,15880,21,0,0,0,0,0,0,0,0,15885,40,0,0,0,0,0,0,0,0
386,2017-04-19,09:03:07,0,CF709,XZCE,15885,15825,15890,8818,699649000,228328,228026,16630,15040,15835,15875,0,15875,0,0,0,2017-04-19,32587000,15880,17,0,0,0,0,0,0,0,0,15885,38,0,0,0,0,0,0,0,0
387,2017-04-19,09:03:07,0,CF709,XZCE,15880,15825,15890,8838,701237000,228308,228026,16630,15040,15835,15875,0,15875,0,0,0,2017-04-19,32587000,15880,7,0,0,0,0,0,0,0,0,15885,39,0,0,0,0,0,0,0,0
388,2017-04-19,09:03:07,0,CF709,XZCE,15880,15825,15890,8838,701237000,228308,228026,16630,15040,15835,15875,0,15875,0,0,0,2017-04-19,32587000,15880,6,0,0,0,0,0,0,0,0,15885,39,0,0,0,0,0,0,0,0
389,2017-04-19,09:03:08,0,CF709,XZCE,15880,15825,15890,8838,701237000,228308,228026,16630,15040,15835,15875,0,15875,0,0,0,2017-04-19,32588000,15880,6,0,0,0,0,0,0,0,0,15885,44,0,0,0,0,0,0,0,0
390,2017-04-19,09:03:09,0,CF709,XZCE,15880,15825,15890,8850,702189800,228300,228026,16630,15040,15835,15875,0,15875,0,0,0,2017-04-19,32589000,15875,41,0,0,0,0,0,0,0,0,15885,45,0,0,0,0,0,0,0,0
391,2017-04-19,09:03:10,0,CF709,XZCE,15880,15825,15890,8850,702189800,228300,228026,16630,15040,15835,15875,0,15875,0,0,0,2017-04-19,32590000,15875,55,0,0,0,0,0,0,0,0,15885,45,0,0,0,0,0,0,0,0
392,2017-04-19,09:03:11,0,CF709,XZCE,15880,15825,15890,8850,702189800,228300,228026,16630,15040,15835,15875,0,15875,0,0,0,2017-04-19,32591000,15875,58,0,0,0,0,0,0,0,0,15880,1,0,0,0,0,0,0,0,0
393,2017-04-19,09:03:11,0,CF709,XZCE,15880,15825,15890,8852,702348600,228302,228026,16630,15040,15835,15875,0,15875,0,0,0,2017-04-19,32591000,15875,58,0,0,0,0,0,0,0,0,15880,17,0,0,0,0,0,0,0,0
394,2017-04-19,09:03:13,0,CF709,XZCE,15885,15825,15890,9012,715056600,228344,228026,16630,15040,15835,15875,0,15875,0,0,0,2017-04-19,32593000,15885,20,0,0,0,0,0,0,0,0,15890,120,0,0,0,0,0,0,0,0
395,2017-04-19,09:03:13,0,CF709,XZCE,15880,15825,15890,9058,718709000,228342,228026,16630,15040,15835,15875,0,15875,0,0,0,2017-04-19,32593000,15880,6,0,0,0,0,0,0,0,0,15885,17,0,0,0,0,0,0,0,0
396,2017-04-19,09:03:14,0,CF709,XZCE,15880,15825,15890,9058,718709000,228342,228026,16630,15040,15835,15875,0,15875,0,0,0,2017-04-19,32594000,15880,16,0,0,0,0,0,0,0,0,15885,13,0,0,0,0,0,0,0,0
397,2017-04-19,09:03:14,0,CF709,XZCE,15880,15825,15890,9058,718709000,228342,228026,16630,15040,15835,15875,0,15875,0,0,0,2017-04-19,32594000,15880,31,0,0,0,0,0,0,0,0,15885,13,0,0,0,0,0,0,0,0
398,2017-04-19,09:03:15,0,CF709,XZCE,15885,15825,15890,9060,718867850,228342,228026,16630,15040,15835,15875,0,15875,0,0,0,2017-04-19,32595000,15880,49,0,0,0,0,0,0,0,0,15885,7,0,0,0,0,0,0,0,0
399,2017-04-19,09:03:15,0,CF709,XZCE,15885,15825,15890,9060,718867850,228342,228026,16630,15040,15835,15875,0,15875,0,0,0,2017-04-19,32595000,15880,50,0,0,0,0,0,0,0,0,15885,7,0,0,0,0,0,0,0,0
400,2017-04-19,09:03:16,0,CF709,XZCE,15885,15825,15890,9060,718867850,228342,228026,16630,15040,15835,15875,0,15875,0,0,0,2017-04-19,32596000,15880,51,0,0,0,0,0,0,0,0,15885,8,0,0,0,0,0,0,0,0
401,2017-04-19,09:03:16,0,CF709,XZCE,15885,15825,15890,9060,718867850,228342,228026,16630,15040,15835,15875,0,15875,0,0,0,2017-04-19,32596000,15880,52,0,0,0,0,0,0,0,0,15885,8,0,0,0,0,0,0,0,0
402,2017-04-19,09:03:17,0,CF709,XZCE,15880,15825,15890,9072,719820650,228338,228026,16630,15040,15835,15875,0,15875,0,0,0,2017-04-19,32597000,15880,46,0,0,0,0,0,0,0,0,15885,12,0,0,0,0,0,0,0,0
403,2017-04-19,09:03:18,0,CF709,XZCE,15880,15825,15890,9092,721408650,228338,228026,16630,15040,15835,15875,0,15875,0,0,0,2017-04-19,32598000,15880,36,0,0,0,0,0,0,0,0,15885,15,0,0,0,0,0,0,0,0
404,2017-04-19,09:03:19,0,CF709,XZCE,15880,15825,15890,9094,721567450,228338,228026,16630,15040,15835,15875,0,15875,0,0,0,2017-04-19,32599000,15880,35,0,0,0,0,0,0,0,0,15885,16,0,0,0,0,0,0,0,0
405,2017-04-19,09:03:21,0,CF709,XZCE,15880,15825,15890,9104,722361450,228348,228026,16630,15040,15835,15875,0,15875,0,0,0,2017-04-19,32601000,15880,30,0,0,0,0,0,0,0,0,15885,46,0,0,0,0,0,0,0,0
406,2017-04-19,09:03:21,0,CF709,XZCE,15885,15825,15890,9116,723314550,228360,228026,16630,15040,15835,15875,0,15875,0,0,0,2017-04-19,32601000,15880,30,0,0,0,0,0,0,0,0,15885,44,0,0,0,0,0,0,0,0
407,2017-04-19,09:03:22,0,CF709,XZCE,15880,15825,15890,9118,723473350,228362,228026,16630,15040,15835,15875,0,15875,0,0,0,2017-04-19,32602000,15880,29,0,0,0,0,0,0,0,0,15885,45,0,0,0,0,0,0,0,0
408,2017-04-19,09:03:23,0,CF709,XZCE,15880,15825,15890,9118,723473350,228362,228026,16630,15040,15835,15875,0,15875,0,0,0,2017-04-19,32603000,15880,29,0,0,0,0,0,0,0,0,15885,47,0,0,0,0,0,0,0,0
409,2017-04-19,09:03:23,0,CF709,XZCE,15880,15825,15890,9122,723790950,228364,228026,16630,15040,15835,15875,0,15875,0,0,0,2017-04-19,32603000,15880,28,0,0,0,0,0,0,0,0,15885,46,0,0,0,0,0,0,0,0
410,2017-04-19,09:03:24,0,CF709,XZCE,15885,15825,15890,9126,724108650,228366,228026,16630,15040,15835,15875,0,15875,0,0,0,2017-04-19,32604000,15880,28,0,0,0,0,0,0,0,0,15885,48,0,0,0,0,0,0,0,0
411,2017-04-19,09:03:24,0,CF709,XZCE,15885,15825,15890,9126,724108650,228366,228026,16630,15040,15835,15875,0,15875,0,0,0,2017-04-19,32604000,15880,28,0,0,0,0,0,0,0,0,15885,49,0,0,0,0,0,0,0,0
412,2017-04-19,09:03:25,0,CF709,XZCE,15885,15825,15890,9130,724426350,228368,228026,16630,15040,15835,15875,0,15875,0,0,0,2017-04-19,32605000,15880,28,0,0,0,0,0,0,0,0,15885,47,0,0,0,0,0,0,0,0
413,2017-04-19,09:03:25,0,CF709,XZCE,15885,15825,15890,9134,724744050,228368,228026,16630,15040,15835,15875,0,15875,0,0,0,2017-04-19,32605000,15880,28,0,0,0,0,0,0,0,0,15885,45,0,0,0,0,0,0,0,0
414,2017-04-19,09:03:26,0,CF709,XZCE,15885,15825,15890,9134,724744050,228368,228026,16630,15040,15835,15875,0,15875,0,0,0,2017-04-19,32606000,15880,28,0,0,0,0,0,0,0,0,15885,47,0,0,0,0,0,0,0,0
415,2017-04-19,09:03:26,0,CF709,XZCE,15885,15825,15890,9134,724744050,228368,228026,16630,15040,15835,15875,0,15875,0,0,0,2017-04-19,32606000,15880,28,0,0,0,0,0,0,0,0,15885,48,0,0,0,0,0,0,0,0
416,2017-04-19,09:03:27,0,CF709,XZCE,15885,15825,15890,9244,733480800,228434,228026,16630,15040,15835,15875,0,15875,0,0,0,2017-04-19,32607000,15885,45,0,0,0,0,0,0,0,0,15890,119,0,0,0,0,0,0,0,0
417,2017-04-19,09:03:28,0,CF709,XZCE,15885,15825,15890,9248,733798500,228438,228026,16630,15040,15835,15875,0,15875,0,0,0,2017-04-19,32608000,15885,44,0,0,0,0,0,0,0,0,15890,119,0,0,0,0,0,0,0,0
418,2017-04-19,09:03:29,0,CF709,XZCE,15885,15825,15890,9330,740311350,228440,228026,16630,15040,15835,15875,0,15875,0,0,0,2017-04-19,32609000,15885,4,0,0,0,0,0,0,0,0,15890,119,0,0,0,0,0,0,0,0
419,2017-04-19,09:03:29,0,CF709,XZCE,15885,15825,15890,9332,740470200,228442,228026,16630,15040,15835,15875,0,15875,0,0,0,2017-04-19,32609000,15885,3,0,0,0,0,0,0,0,0,15890,119,0,0,0,0,0,0,0,0
420,2017-04-19,09:03:30,0,CF709,XZCE,15885,15825,15890,9332,740470200,228442,228026,16630,15040,15835,15875,0,15875,0,0,0,2017-04-19,32610000,15885,8,0,0,0,0,0,0,0,0,15890,119,0,0,0,0,0,0,0,0
421,2017-04-19,09:03:31,0,CF709,XZCE,15885,15825,15890,9340,741105600,228448,228026,16630,15040,15835,15875,0,15875,0,0,0,2017-04-19,32611000,15885,1,0,0,0,0,0,0,0,0,15890,119,0,0,0,0,0,0,0,0
422,2017-04-19,09:03:31,0,CF709,XZCE,15885,15825,15890,9342,741264450,228450,228026,16630,15040,15835,15875,0,15875,0,0,0,2017-04-19,32611000,15880,35,0,0,0,0,0,0,0,0,15890,121,0,0,0,0,0,0,0,0
423,2017-04-19,09:03:32,0,CF709,XZCE,15885,15825,15890,9342,741264450,228450,228026,16630,15040,15835,15875,0,15875,0,0,0,2017-04-19,32612000,15880,28,0,0,0,0,0,0,0,0,15885,4,0,0,0,0,0,0,0,0
424,2017-04-19,09:03:32,0,CF709,XZCE,15885,15825,15890,9348,741741000,228448,228026,16630,15040,15835,15875,0,15875,0,0,0,2017-04-19,32612000,15880,29,0,0,0,0,0,0,0,0,15885,6,0,0,0,0,0,0,0,0
425,2017-04-19,09:03:33,0,CF709,XZCE,15885,15825,15890,9348,741741000,228448,228026,16630,15040,15835,15875,0,15875,0,0,0,2017-04-19,32613000,15880,26,0,0,0,0,0,0,0,0,15885,9,0,0,0,0,0,0,0,0
426,2017-04-19,09:03:34,0,CF709,XZCE,15885,15825,15890,9348,741741000,228448,228026,16630,15040,15835,15875,0,15875,0,0,0,2017-04-19,32614000,15880,26,0,0,0,0,0,0,0,0,15885,13,0,0,0,0,0,0,0,0
427,2017-04-19,09:03:35,0,CF709,XZCE,15885,15825,15890,9360,742694100,228452,228026,16630,15040,15835,15875,0,15875,0,0,0,2017-04-19,32615000,15880,26,0,0,0,0,0,0,0,0,15885,7,0,0,0,0,0,0,0,0
428,2017-04-19,09:03:35,0,CF709,XZCE,15885,15825,15890,9368,743329500,228452,228026,16630,15040,15835,15875,0,15875,0,0,0,2017-04-19,32615000,15880,30,0,0,0,0,0,0,0,0,15885,7,0,0,0,0,0,0,0,0
429,2017-04-19,09:03:36,0,CF709,XZCE,15885,15825,15890,9368,743329500,228452,228026,16630,15040,15835,15875,0,15875,0,0,0,2017-04-19,32616000,15880,30,0,0,0,0,0,0,0,0,15885,8,0,0,0,0,0,0,0,0
430,2017-04-19,09:03:37,0,CF709,XZCE,15885,15825,15890,9370,743488350,228450,228026,16630,15040,15835,15875,0,15875,0,0,0,2017-04-19,32617000,15880,30,0,0,0,0,0,0,0,0,15885,7,0,0,0,0,0,0,0,0
431,2017-04-19,09:03:38,0,CF709,XZCE,15885,15825,15890,9372,743647200,228450,228026,16630,15040,15835,15875,0,15875,0,0,0,2017-04-19,32618000,15880,31,0,0,0,0,0,0,0,0,15885,6,0,0,0,0,0,0,0,0
432,2017-04-19,09:03:38,0,CF709,XZCE,15885,15825,15890,9372,743647200,228450,228026,16630,15040,15835,15875,0,15875,0,0,0,2017-04-19,32618000,15880,31,0,0,0,0,0,0,0,0,15885,8,0,0,0,0,0,0,0,0
433,2017-04-19,09:03:39,0,CF709,XZCE,15885,15825,15890,9374,743806050,228450,228026,16630,15040,15835,15875,0,15875,0,0,0,2017-04-19,32619000,15880,32,0,0,0,0,0,0,0,0,15885,11,0,0,0,0,0,0,0,0
434,2017-04-19,09:03:40,0,CF709,XZCE,15885,15825,15890,9382,744441450,228450,228026,16630,15040,15835,15875,0,15875,0,0,0,2017-04-19,32620000,15880,32,0,0,0,0,0,0,0,0,15885,14,0,0,0,0,0,0,0,0
435,2017-04-19,09:03:40,0,CF709,XZCE,15885,15825,15890,9386,744759150,228448,228026,16630,15040,15835,15875,0,15875,0,0,0,2017-04-19,32620000,15880,32,0,0,0,0,0,0,0,0,15885,42,0,0,0,0,0,0,0,0
436,2017-04-19,09:03:41,0,CF709,XZCE,15885,15825,15890,9470,751430850,228524,228026,16630,15040,15835,15875,0,15875,0,0,0,2017-04-19,32621000,15885,72,0,0,0,0,0,0,0,0,15890,118,0,0,0,0,0,0,0,0
437,2017-04-19,09:03:42,0,CF709,XZCE,15885,15825,15890,9484,752542800,228524,228026,16630,15040,15835,15875,0,15875,0,0,0,2017-04-19,32622000,15885,65,0,0,0,0,0,0,0,0,15890,117,0,0,0,0,0,0,0,0
438,2017-04-19,09:03:43,0,CF709,XZCE,15885,15825,15890,9486,752701650,228524,228026,16630,15040,15835,15875,0,15875,0,0,0,2017-04-19,32623000,15885,64,0,0,0,0,0,0,0,0,15890,117,0,0,0,0,0,0,0,0
439,2017-04-19,09:03:43,0,CF709,XZCE,15885,15825,15890,9486,752701650,228524,228026,16630,15040,15835,15875,0,15875,0,0,0,2017-04-19,32623000,15885,68,0,0,0,0,0,0,0,0,15890,117,0,0,0,0,0,0,0,0
440,2017-04-19,09:03:44,0,CF709,XZCE,15885,15825,15890,9506,754290150,228524,228026,16630,15040,15835,15875,0,15875,0,0,0,2017-04-19,32624000,15885,58,0,0,0,0,0,0,0,0,15890,118,0,0,0,0,0,0,0,0
441,2017-04-19,09:03:44,0,CF709,XZCE,15890,15825,15890,9516,755084650,228534,228026,16630,15040,15835,15875,0,15875,0,0,0,2017-04-19,32624000,15885,58,0,0,0,0,0,0,0,0,15890,113,0,0,0,0,0,0,0,0
442,2017-04-19,09:03:45,0,CF709,XZCE,15890,15825,15890,9516,755084650,228534,228026,16630,15040,15835,15875,0,15875,0,0,0,2017-04-19,32625000,15885,58,0,0,0,0,0,0,0,0,15890,105,0,0,0,0,0,0,0,0
443,2017-04-19,09:03:46,0,CF709,XZCE,15890,15825,15890,9518,755243550,228536,228026,16630,15040,15835,15875,0,15875,0,0,0,2017-04-19,32626000,15885,58,0,0,0,0,0,0,0,0,15890,105,0,0,0,0,0,0,0,0
444,2017-04-19,09:03:46,0,CF709,XZCE,15885,15825,15890,9520,755402400,228538,228026,16630,15040,15835,15875,0,15875,0,0,0,2017-04-19,32626000,15885,57,0,0,0,0,0,0,0,0,15890,105,0,0,0,0,0,0,0,0
445,2017-04-19,09:03:47,0,CF709,XZCE,15885,15825,15890,9524,755720100,228540,228026,16630,15040,15835,15875,0,15875,0,0,0,2017-04-19,32627000,15885,56,0,0,0,0,0,0,0,0,15890,104,0,0,0,0,0,0,0,0
446,2017-04-19,09:03:47,0,CF709,XZCE,15890,15825,15890,9544,757309100,228540,228026,16630,15040,15835,15875,0,15875,0,0,0,2017-04-19,32627000,15885,56,0,0,0,0,0,0,0,0,15890,94,0,0,0,0,0,0,0,0
447,2017-04-19,09:03:48,0,CF709,XZCE,15890,15825,15890,9582,760328200,228578,228026,16630,15040,15835,15875,0,15875,0,0,0,2017-04-19,32628000,15885,56,0,0,0,0,0,0,0,0,15890,75,0,0,0,0,0,0,0,0
448,2017-04-19,09:03:48,0,CF709,XZCE,15890,15825,15890,9586,760646000,228580,228026,16630,15040,15835,15875,0,15875,0,0,0,2017-04-19,32628000,15885,56,0,0,0,0,0,0,0,0,15890,73,0,0,0,0,0,0,0,0
449,2017-04-19,09:03:49,0,CF709,XZCE,15890,15825,15890,9604,762076100,228588,228026,16630,15040,15835,15875,0,15875,0,0,0,2017-04-19,32629000,15885,56,0,0,0,0,0,0,0,0,15890,65,0,0,0,0,0,0,0,0
450,2017-04-19,09:03:49,0,CF709,XZCE,15890,15825,15890,9638,764777400,228588,228026,16630,15040,15835,15875,0,15875,0,0,0,2017-04-19,32629000,15885,54,0,0,0,0,0,0,0,0,15890,51,0,0,0,0,0,0,0,0
451,2017-04-19,09:03:50,0,CF709,XZCE,15890,15825,15890,9666,767002000,228600,228026,16630,15040,15835,15875,0,15875,0,0,0,2017-04-19,32630000,15885,54,0,0,0,0,0,0,0,0,15890,37,0,0,0,0,0,0,0,0
452,2017-04-19,09:03:50,0,CF709,XZCE,15885,15825,15890,9676,767796250,228602,228026,16630,15040,15835,15875,0,15875,0,0,0,2017-04-19,32630000,15885,53,0,0,0,0,0,0,0,0,15890,34,0,0,0,0,0,0,0,0
453,2017-04-19,09:03:51,0,CF709,XZCE,15890,15825,15890,9680,768114050,228606,228026,16630,15040,15835,15875,0,15875,0,0,0,2017-04-19,32631000,15885,53,0,0,0,0,0,0,0,0,15890,32,0,0,0,0,0,0,0,0
454,2017-04-19,09:03:51,0,CF709,XZCE,15890,15825,15890,9682,768272950,228608,228026,16630,15040,15835,15875,0,15875,0,0,0,2017-04-19,32631000,15885,53,0,0,0,0,0,0,0,0,15890,31,0,0,0,0,0,0,0,0
455,2017-04-19,09:03:52,0,CF709,XZCE,15890,15825,15890,9684,768431850,228608,228026,16630,15040,15835,15875,0,15875,0,0,0,2017-04-19,32632000,15885,53,0,0,0,0,0,0,0,0,15890,30,0,0,0,0,0,0,0,0
456,2017-04-19,09:03:52,0,CF709,XZCE,15890,15825,15890,9694,769226350,228618,228026,16630,15040,15835,15875,0,15875,0,0,0,2017-04-19,32632000,15885,54,0,0,0,0,0,0,0,0,15890,24,0,0,0,0,0,0,0,0
457,2017-04-19,09:03:53,0,CF709,XZCE,15890,15825,15890,9710,770497550,228626,228026,16630,15040,15835,15875,0,15875,0,0,0,2017-04-19,32633000,15885,53,0,0,0,0,0,0,0,0,15890,18,0,0,0,0,0,0,0,0
458,2017-04-19,09:03:54,0,CF709,XZCE,15890,15825,15890,9710,770497550,228626,228026,16630,15040,15835,15875,0,15875,0,0,0,2017-04-19,32634000,15885,54,0,0,0,0,0,0,0,0,15890,18,0,0,0,0,0,0,0,0
459,2017-04-19,09:03:54,0,CF709,XZCE,15890,15825,15890,9714,770815350,228622,228026,16630,15040,15835,15875,0,15875,0,0,0,2017-04-19,32634000,15885,54,0,0,0,0,0,0,0,0,15890,16,0,0,0,0,0,0,0,0
460,2017-04-19,09:03:55,0,CF709,XZCE,15890,15825,15890,9746,773357750,228630,228026,16630,15040,15835,15875,0,15875,0,0,0,2017-04-19,32635000,15885,54,0,0,0,0,0,0,0,0,15895,146,0,0,0,0,0,0,0,0
461,2017-04-19,09:03:55,0,CF709,XZCE,15890,15825,15890,9746,773357750,228630,228026,16630,15040,15835,15875,0,15875,0,0,0,2017-04-19,32635000,15890,6,0,0,0,0,0,0,0,0,15895,146,0,0,0,0,0,0,0,0
462,2017-04-19,09:03:56,0,CF709,XZCE,15890,15825,15890,9752,773834450,228636,228026,16630,15040,15835,15875,0,15875,0,0,0,2017-04-19,32636000,15890,5,0,0,0,0,0,0,0,0,15895,146,0,0,0,0,0,0,0,0
463,2017-04-19,09:03:56,0,CF709,XZCE,15890,15825,15890,9758,774311150,228640,228026,16630,15040,15835,15875,0,15875,0,0,0,2017-04-19,32636000,15885,64,0,0,0,0,0,0,0,0,15895,146,0,0,0,0,0,0,0,0
464,2017-04-19,09:03:57,0,CF709,XZCE,15890,15825,15890,9760,774470050,228642,228026,16630,15040,15835,15875,0,15875,0,0,0,2017-04-19,32637000,15885,65,0,0,0,0,0,0,0,0,15895,146,0,0,0,0,0,0,0,0
465,2017-04-19,09:03:58,0,CF709,XZCE,15890,15825,15895,9766,774946750,228648,228026,16630,15040,15835,15875,0,15875,0,0,0,2017-04-19,32638000,15890,1,0,0,0,0,0,0,0,0,15895,144,0,0,0,0,0,0,0,0
466,2017-04-19,09:03:58,0,CF709,XZCE,15895,15825,15895,9780,776059400,228648,228026,16630,15040,15835,15875,0,15875,0,0,0,2017-04-19,32638000,15890,2,0,0,0,0,0,0,0,0,15895,139,0,0,0,0,0,0,0,0
467,2017-04-19,09:03:59,0,CF709,XZCE,15890,15825,15895,9784,776377200,228652,228026,16630,15040,15835,15875,0,15875,0,0,0,2017-04-19,32639000,15890,3,0,0,0,0,0,0,0,0,15895,138,0,0,0,0,0,0,0,0
468,2017-04-19,09:03:59,0,CF709,XZCE,15895,15825,15895,9796,777330900,228654,228026,16630,15040,15835,15875,0,15875,0,0,0,2017-04-19,32639000,15890,2,0,0,0,0,0,0,0,0,15895,133,0,0,0,0,0,0,0,0
469,2017-04-19,09:04:00,0,CF709,XZCE,15890,15825,15895,9806,778125400,228658,228026,16630,15040,15835,15875,0,15875,0,0,0,2017-04-19,32640000,15885,70,0,0,0,0,0,0,0,0,15890,5,0,0,0,0,0,0,0,0
470,2017-04-19,09:04:00,0,CF709,XZCE,15890,15825,15895,9818,779078800,228660,228026,16630,15040,15835,15875,0,15875,0,0,0,2017-04-19,32640000,15885,70,0,0,0,0,0,0,0,0,15890,5,0,0,0,0,0,0,0,0
471,2017-04-19,09:04:01,0,CF709,XZCE,15890,15825,15895,9830,780032200,228662,228026,16630,15040,15835,15875,0,15875,0,0,0,2017-04-19,32641000,15885,59,0,0,0,0,0,0,0,0,15890,8,0,0,0,0,0,0,0,0
472,2017-04-19,09:04:01,0,CF709,XZCE,15890,15825,15895,9830,780032200,228662,228026,16630,15040,15835,15875,0,15875,0,0,0,2017-04-19,32641000,15885,59,0,0,0,0,0,0,0,0,15890,10,0,0,0,0,0,0,0,0
473,2017-04-19,09:04:02,0,CF709,XZCE,15890,15825,15895,9832,780191100,228664,228026,16630,15040,15835,15875,0,15875,0,0,0,2017-04-19,32642000,15885,59,0,0,0,0,0,0,0,0,15890,35,0,0,0,0,0,0,0,0
474,2017-04-19,09:04:02,0,CF709,XZCE,15890,15825,15895,9834,780350000,228666,228026,16630,15040,15835,15875,0,15875,0,0,0,2017-04-19,32642000,15885,59,0,0,0,0,0,0,0,0,15890,35,0,0,0,0,0,0,0,0
475,2017-04-19,09:04:03,0,CF709,XZCE,15890,15825,15895,9838,780667800,228670,228026,16630,15040,15835,15875,0,15875,0,0,0,2017-04-19,32643000,15885,59,0,0,0,0,0,0,0,0,15890,33,0,0,0,0,0,0,0,0
476,2017-04-19,09:04:03,0,CF709,XZCE,15890,15825,15895,9840,780826700,228672,228026,16630,15040,15835,15875,0,15875,0,0,0,2017-04-19,32643000,15885,59,0,0,0,0,0,0,0,0,15890,36,0,0,0,0,0,0,0,0
477,2017-04-19,09:04:04,0,CF709,XZCE,15885,15825,15895,9860,782415200,228684,228026,16630,15040,15835,15875,0,15875,0,0,0,2017-04-19,32644000,15885,58,0,0,0,0,0,0,0,0,15890,31,0,0,0,0,0,0,0,0
478,2017-04-19,09:04:04,0,CF709,XZCE,15890,15825,15895,9864,782733000,228682,228026,16630,15040,15835,15875,0,15875,0,0,0,2017-04-19,32644000,15885,58,0,0,0,0,0,0,0,0,15890,31,0,0,0,0,0,0,0,0
479,2017-04-19,09:04:05,0,CF709,XZCE,15890,15825,15895,9864,782733000,228682,228026,16630,15040,15835,15875,0,15875,0,0,0,2017-04-19,32645000,15885,58,0,0,0,0,0,0,0,0,15890,33,0,0,0,0,0,0,0,0
480,2017-04-19,09:04:05,0,CF709,XZCE,15885,15825,15895,9868,783050700,228686,228026,16630,15040,15835,15875,0,15875,0,0,0,2017-04-19,32645000,15885,56,0,0,0,0,0,0,0,0,15890,33,0,0,0,0,0,0,0,0
481,2017-04-19,09:04:06,0,CF709,XZCE,15890,15825,15895,9870,783209600,228684,228026,16630,15040,15835,15875,0,15875,0,0,0,2017-04-19,32646000,15885,58,0,0,0,0,0,0,0,0,15890,35,0,0,0,0,0,0,0,0
482,2017-04-19,09:04:07,0,CF709,XZCE,15885,15825,15895,9880,784003850,228692,228026,16630,15040,15835,15875,0,15875,0,0,0,2017-04-19,32647000,15885,54,0,0,0,0,0,0,0,0,15890,36,0,0,0,0,0,0,0,0
483,2017-04-19,09:04:07,0,CF709,XZCE,15885,15825,15895,9986,792422900,228736,228026,16630,15040,15835,15875,0,15875,0,0,0,2017-04-19,32647000,15880,17,0,0,0,0,0,0,0,0,15885,1,0,0,0,0,0,0,0,0
484,2017-04-19,09:04:08,0,CF709,XZCE,15880,15825,15895,10012,794487300,228756,228026,16630,15040,15835,15875,0,15875,0,0,0,2017-04-19,32648000,15880,6,0,0,0,0,0,0,0,0,15885,26,0,0,0,0,0,0,0,0
485,2017-04-19,09:04:08,0,CF709,XZCE,15880,15825,15895,10024,795440100,228768,228026,16630,15040,15835,15875,0,15875,0,0,0,2017-04-19,32648000,15875,21,0,0,0,0,0,0,0,0,15880,11,0,0,0,0,0,0,0,0
486,2017-04-19,09:04:09,0,CF709,XZCE,15880,15825,15895,10024,795440100,228768,228026,16630,15040,15835,15875,0,15875,0,0,0,2017-04-19,32649000,15875,31,0,0,0,0,0,0,0,0,15880,26,0,0,0,0,0,0,0,0
487,2017-04-19,09:04:09,0,CF709,XZCE,15880,15825,15895,10026,795598900,228770,228026,16630,15040,15835,15875,0,15875,0,0,0,2017-04-19,32649000,15875,21,0,0,0,0,0,0,0,0,15880,29,0,0,0,0,0,0,0,0
488,2017-04-19,09:04:10,0,CF709,XZCE,15880,15825,15895,10026,795598900,228770,228026,16630,15040,15835,15875,0,15875,0,0,0,2017-04-19,32650000,15875,21,0,0,0,0,0,0,0,0,15880,38,0,0,0,0,0,0,0,0
489,2017-04-19,09:04:10,0,CF709,XZCE,15880,15825,15895,10038,796551700,228782,228026,16630,15040,15835,15875,0,15875,0,0,0,2017-04-19,32650000,15875,21,0,0,0,0,0,0,0,0,15880,32,0,0,0,0,0,0,0,0
490,2017-04-19,09:04:12,0,CF709,XZCE,15880,15825,15895,10042,796869300,228782,228026,16630,15040,15835,15875,0,15875,0,0,0,2017-04-19,32652000,15875,22,0,0,0,0,0,0,0,0,15880,32,0,0,0,0,0,0,0,0
491,2017-04-19,09:04:13,0,CF709,XZCE,15875,15825,15895,10044,797028050,228782,228026,16630,15040,15835,15875,0,15875,0,0,0,2017-04-19,32653000,15875,21,0,0,0,0,0,0,0,0,15880,32,0,0,0,0,0,0,0,0
492,2017-04-19,09:04:14,0,CF709,XZCE,15875,15825,15895,10086,800361800,228804,228026,16630,15040,15835,15875,0,15875,0,0,0,2017-04-19,32654000,15870,22,0,0,0,0,0,0,0,0,15875,46,0,0,0,0,0,0,0,0
493,2017-04-19,09:04:14,0,CF709,XZCE,15870,15825,15895,10140,804646700,228794,228026,16630,15040,15835,15875,0,15875,0,0,0,2017-04-19,32654000,15865,69,0,0,0,0,0,0,0,0,15870,3,0,0,0,0,0,0,0,0
494,2017-04-19,09:04:15,0,CF709,XZCE,15865,15825,15895,10152,805598600,228796,228026,16630,15040,15835,15875,0,15875,0,0,0,2017-04-19,32655000,15865,62,0,0,0,0,0,0,0,0,15870,21,0,0,0,0,0,0,0,0
495,2017-04-19,09:04:15,0,CF709,XZCE,15865,15825,15895,10152,805598600,228796,228026,16630,15040,15835,15875,0,15875,0,0,0,2017-04-19,32655000,15865,62,0,0,0,0,0,0,0,0,15870,22,0,0,0,0,0,0,0,0
496,2017-04-19,09:04:16,0,CF709,XZCE,15870,15825,15895,10154,805757300,228796,228026,16630,15040,15835,15875,0,15875,0,0,0,2017-04-19,32656000,15865,62,0,0,0,0,0,0,0,0,15870,30,0,0,0,0,0,0,0,0
497,2017-04-19,09:04:16,0,CF709,XZCE,15870,15825,15895,10234,812105300,228782,228026,16630,15040,15835,15875,0,15875,0,0,0,2017-04-19,32656000,15865,33,0,0,0,0,0,0,0,0,15870,30,0,0,0,0,0,0,0,0
498,2017-04-19,09:04:17,0,CF709,XZCE,15865,15825,15895,10278,815595600,228778,228026,16630,15040,15835,15875,0,15875,0,0,0,2017-04-19,32657000,15865,12,0,0,0,0,0,0,0,0,15870,30,0,0,0,0,0,0,0,0
499,2017-04-19,09:04:17,0,CF709,XZCE,15865,15825,15895,10304,817658050,228776,228026,16630,15040,15835,15875,0,15875,0,0,0,2017-04-19,32657000,15865,1,0,0,0,0,0,0,0,0,15870,24,0,0,0,0,0,0,0,0
500,2017-04-19,09:04:18,0,CF709,XZCE,15865,15825,15895,10318,818768600,228772,228026,16630,15040,15835,15875,0,15875,0,0,0,2017-04-19,32658000,15860,163,0,0,0,0,0,0,0,0,15865,35,0,0,0,0,0,0,0,0
501,2017-04-19,09:04:18,0,CF709,XZCE,15865,15825,15895,10320,818927250,228772,228026,16630,15040,15835,15875,0,15875,0,0,0,2017-04-19,32658000,15860,163,0,0,0,0,0,0,0,0,15865,37,0,0,0,0,0,0,0,0
502,2017-04-19,09:04:19,0,CF709,XZCE,15865,15825,15895,10334,820037800,228772,228026,16630,15040,15835,15875,0,15875,0,0,0,2017-04-19,32659000,15860,162,0,0,0,0,0,0,0,0,15865,31,0,0,0,0,0,0,0,0
503,2017-04-19,09:04:19,0,CF709,XZCE,15860,15825,15895,10342,820672200,228770,228026,16630,15040,15835,15875,0,15875,0,0,0,2017-04-19,32659000,15860,160,0,0,0,0,0,0,0,0,15865,31,0,0,0,0,0,0,0,0
504,2017-04-19,09:04:20,0,CF709,XZCE,15860,15825,15895,10344,820830800,228770,228026,16630,15040,15835,15875,0,15875,0,0,0,2017-04-19,32660000,15860,159,0,0,0,0,0,0,0,0,15865,32,0,0,0,0,0,0,0,0
505,2017-04-19,09:04:20,0,CF709,XZCE,15860,15825,15895,10350,821306600,228770,228026,16630,15040,15835,15875,0,15875,0,0,0,2017-04-19,32660000,15860,156,0,0,0,0,0,0,0,0,15865,33,0,0,0,0,0,0,0,0
506,2017-04-19,09:04:20,0,CF709,XZCE,15860,15825,15895,10352,821465200,228772,228026,16630,15040,15835,15875,0,15875,0,0,0,2017-04-19,32660000,15860,155,0,0,0,0,0,0,0,0,15865,33,0,0,0,0,0,0,0,0
507,2017-04-19,09:04:21,0,CF709,XZCE,15860,15825,15895,10356,821782400,228770,228026,16630,15040,15835,15875,0,15875,0,0,0,2017-04-19,32661000,15860,158,0,0,0,0,0,0,0,0,15865,33,0,0,0,0,0,0,0,0
508,2017-04-19,09:04:22,0,CF709,XZCE,15865,15825,15895,10362,822258350,228768,228026,16630,15040,15835,15875,0,15875,0,0,0,2017-04-19,32662000,15860,159,0,0,0,0,0,0,0,0,15865,27,0,0,0,0,0,0,0,0
509,2017-04-19,09:04:22,0,CF709,XZCE,15865,15825,15895,10370,822892950,228770,228026,16630,15040,15835,15875,0,15875,0,0,0,2017-04-19,32662000,15860,158,0,0,0,0,0,0,0,0,15865,25,0,0,0,0,0,0,0,0
510,2017-04-19,09:04:23,0,CF709,XZCE,15865,15825,15895,10370,822892950,228770,228026,16630,15040,15835,15875,0,15875,0,0,0,2017-04-19,32663000,15860,159,0,0,0,0,0,0,0,0,15865,25,0,0,0,0,0,0,0,0
511,2017-04-19,09:04:23,0,CF709,XZCE,15860,15825,15895,10372,823051550,228772,228026,16630,15040,15835,15875,0,15875,0,0,0,2017-04-19,32663000,15860,158,0,0,0,0,0,0,0,0,15865,25,0,0,0,0,0,0,0,0
512,2017-04-19,09:04:24,0,CF709,XZCE,15860,15825,15895,10372,823051550,228772,228026,16630,15040,15835,15875,0,15875,0,0,0,2017-04-19,32664000,15860,158,0,0,0,0,0,0,0,0,15865,26,0,0,0,0,0,0,0,0
513,2017-04-19,09:04:25,0,CF709,XZCE,15865,15825,15895,10374,823210200,228772,228026,16630,15040,15835,15875,0,15875,0,0,0,2017-04-19,32665000,15860,160,0,0,0,0,0,0,0,0,15865,26,0,0,0,0,0,0,0,0
514,2017-04-19,09:04:25,0,CF709,XZCE,15870,15825,15895,10500,833208300,228760,228026,16630,15040,15835,15875,0,15875,0,0,0,2017-04-19,32665000,15865,12,0,0,0,0,0,0,0,0,15875,2,0,0,0,0,0,0,0,0
515,2017-04-19,09:04:26,0,CF709,XZCE,15865,15825,15895,10524,835112100,228764,228026,16630,15040,15835,15875,0,15875,0,0,0,2017-04-19,32666000,15865,21,0,0,0,0,0,0,0,0,15875,18,0,0,0,0,0,0,0,0
516,2017-04-19,09:04:27,0,CF709,XZCE,15865,15825,15895,10528,835429400,228766,228026,16630,15040,15835,15875,0,15875,0,0,0,2017-04-19,32667000,15865,20,0,0,0,0,0,0,0,0,15875,17,0,0,0,0,0,0,0,0
517,2017-04-19,09:04:27,0,CF709,XZCE,15865,15825,15895,10528,835429400,228766,228026,16630,15040,15835,15875,0,15875,0,0,0,2017-04-19,32667000,15865,21,0,0,0,0,0,0,0,0,15875,22,0,0,0,0,0,0,0,0
518,2017-04-19,09:04:28,0,CF709,XZCE,15865,15825,15895,10528,835429400,228766,228026,16630,15040,15835,15875,0,15875,0,0,0,2017-04-19,32668000,15865,25,0,0,0,0,0,0,0,0,15875,22,0,0,0,0,0,0,0,0
519,2017-04-19,09:04:28,0,CF709,XZCE,15865,15825,15895,10536,836064000,228764,228026,16630,15040,15835,15875,0,15875,0,0,0,2017-04-19,32668000,15865,21,0,0,0,0,0,0,0,0,15870,2,0,0,0,0,0,0,0,0
520,2017-04-19,09:04:29,0,CF709,XZCE,15865,15825,15895,10540,836381300,228764,228026,16630,15040,15835,15875,0,15875,0,0,0,2017-04-19,32669000,15865,19,0,0,0,0,0,0,0,0,15870,2,0,0,0,0,0,0,0,0
521,2017-04-19,09:04:29,0,CF709,XZCE,15865,15825,15895,10542,836539950,228764,228026,16630,15040,15835,15875,0,15875,0,0,0,2017-04-19,32669000,15865,18,0,0,0,0,0,0,0,0,15870,4,0,0,0,0,0,0,0,0
522,2017-04-19,09:04:30,0,CF709,XZCE,15865,15825,15895,10544,836698600,228764,228026,16630,15040,15835,15875,0,15875,0,0,0,2017-04-19,32670000,15865,17,0,0,0,0,0,0,0,0,15870,10,0,0,0,0,0,0,0,0
523,2017-04-19,09:04:30,0,CF709,XZCE,15865,15825,15895,10556,837650500,228764,228026,16630,15040,15835,15875,0,15875,0,0,0,2017-04-19,32670000,15865,11,0,0,0,0,0,0,0,0,15870,19,0,0,0,0,0,0,0,0
