,dataDate,dataTime,dataMillisec,instrumentID,exchangeCD,lastPrice,lowPrice,highPrice,volume,value,openInterest,preOpenInterest,upperLimitPrice,lowerLimitPrice,preSettlementPrice,prevClosePrice,settlementPrice,openPrice,closePrice,preDelta,currDelta,clearingDay,milliSecOffset,bidPrice1,bidVolume1,bidPrice2,bidVolume2,bidPrice3,bidVolume3,bidPrice4,bidVolume4,bidPrice5,bidVolume5,askPrice1,askVolume1,askPrice2,askVolume2,askPrice3,askVolume3,askPrice4,askVolume4,askPrice5,askVolume5
0,2017-04-19,08:59:00,311,cs1709,XDCE,1993,1993,1993,1404,27981720,810528,810518,2107,1907,2007,1997,0,1993,0,0,0,2017-04-19,32340311,1993,33,0,0,0,0,0,0,0,0,1994,26,0,0,0,0,0,0,0,0
1,2017-04-19,09:00:00,362,cs1709,XDCE,1993,1992,1993,1534,30572180,810544,810518,2107,1907,2007,1997,0,1993,0,0,0,2017-04-19,32400362,1993,9,0,0,0,0,0,0,0,0,1994,51,0,0,0,0,0,0,0,0
2,2017-04-19,09:00:00,860,cs1709,XDCE,1993,1992,1994,2176,43362940,810446,810518,2107,1907,2007,1997,0,1993,0,0,0,2017-04-19,32400860,1992,201,0,0,0,0,0,0,0,0,1993,307,0,0,0,0,0,0,0,0
3,2017-04-19,09:00:01,362,cs1709,XDCE,1992,1991,1994,3492,69586300,810458,810518,2107,1907,2007,1997,0,1993,0,0,0,2017-04-19,32401362,1991,374,0,0,0,0,0,0,0,0,1992,50,0,0,0,0,0,0,0,0
4,2017-04-19,09:00:01,860,cs1709,XDCE,1992,1991,1994,3772,75163520,810486,810518,2107,1907,2007,1997,0,1993,0,0,0,2017-04-19,32401860,1991,325,0,0,0,0,0,0,0,0,1993,312,0,0,0,0,0,0,0,0
5,2017-04-19,09:00:02,362,cs1709,XDCE,1992,1991,1994,4168,83051240,810318,810518,2107,1907,2007,1997,0,1993,0,0,0,2017-04-19,32402362,1991,362,0,0,0,0,0,0,0,0,1992,107,0,0,0,0,0,0,0,0
6,2017-04-19,09:00:02,856,cs1709,XDCE,1991,1991,1994,4230,84285840,810330,810518,2107,1907,2007,1997,0,1993,0,0,0,2017-04-19,32402856,1991,297,0,0,0,0,0,0,0,0,1992,130,0,0,0,0,0,0,0,0
7,2017-04-19,09:00:03,354,cs1709,XDCE,1992,1990,1994,5106,101728580,810604,810518,2107,1907,2007,1997,0,1993,0,0,0,2017-04-19,32403354,1990,517,0,0,0,0,0,0,0,0,1992,100,0,0,0,0,0,0,0,0
8,2017-04-19,09:00:03,854,cs1709,XDCE,1990,1990,1994,5282,105231660,810550,810518,2107,1907,2007,1997,0,1993,0,0,0,2017-04-19,32403854,1990,447,0,0,0,0,0,0,0,0,1991,24,0,0,0,0,0,0,0,0
9,2017-04-19,09:00:04,363,cs1709,XDCE,1990,1990,1994,6404,127561680,810936,810518,2107,1907,2007,1997,0,1993,0,0,0,2017-04-19,32404363,1989,195,0,0,0,0,0,0,0,0,1990,94,0,0,0,0,0,0,0,0
10,2017-04-19,09:00:04,862,cs1709,XDCE,1988,1988,1994,6886,137147760,811134,810518,2107,1907,2007,1997,0,1993,0,0,0,2017-04-19,32404862,1988,95,0,0,0,0,0,0,0,0,1989,40,0,0,0,0,0,0,0,0
11,2017-04-19,09:00:05,360,cs1709,XDCE,1987,1985,1994,7668,152683080,810972,810518,2107,1907,2007,1997,0,1993,0,0,0,2017-04-19,32405360,1986,35,0,0,0,0,0,0,0,0,1988,53,0,0,0,0,0,0,0,0
12,2017-04-19,09:00:05,860,cs1709,XDCE,1985,1985,1994,7950,158283540,810998,810518,2107,1907,2007,1997,0,1993,0,0,0,2017-04-19,32405860,1985,75,0,0,0,0,0,0,0,0,1986,76,0,0,0,0,0,0,0,0
13,2017-04-19,09:00:06,360,cs1709,XDCE,1986,1984,1994,8748,174132080,810946,810518,2107,1907,2007,1997,0,1993,0,0,0,2017-04-19,32406360,1986,56,0,0,0,0,0,0,0,0,1987,12,0,0,0,0,0,0,0,0
14,2017-04-19,09:00:06,852,cs1709,XDCE,1986,1984,1994,8982,178780560,810978,810518,2107,1907,2007,1997,0,1993,0,0,0,2017-04-19,32406852,1985,59,0,0,0,0,0,0,0,0,1987,15,0,0,0,0,0,0,0,0
15,2017-04-19,09:00:07,362,cs1709,XDCE,1987,1984,1994,9066,180449160,810960,810518,2107,1907,2007,1997,0,1993,0,0,0,2017-04-19,32407362,1986,22,0,0,0,0,0,0,0,0,1987,17,0,0,0,0,0,0,0,0
16,2017-04-19,09:00:07,861,cs1709,XDCE,1986,1984,1994,9214,183389500,810926,810518,2107,1907,2007,1997,0,1993,0,0,0,2017-04-19,32407861,1986,36,0,0,0,0,0,0,0,0,1987,1,0,0,0,0,0,0,0,0
17,2017-04-19,09:00:08,357,cs1709,XDCE,1987,1984,1994,9312,185336760,810952,810518,2107,1907,2007,1997,0,1993,0,0,0,2017-04-19,32408357,1987,57,0,0,0,0,0,0,0,0,1988,85,0,0,0,0,0,0,0,0
18,2017-04-19,09:00:08,857,cs1709,XDCE,1987,1984,1994,9354,186171320,810952,810518,2107,1907,2007,1997,0,1993,0,0,0,2017-04-19,32408857,1987,59,0,0,0,0,0,0,0,0,1988,51,0,0,0,0,0,0,0,0
19,2017-04-19,09:00:09,359,cs1709,XDCE,1987,1984,1994,9402,187125120,810928,810518,2107,1907,2007,1997,0,1993,0,0,0,2017-04-19,32409359,1987,71,0,0,0,0,0,0,0,0,1988,45,0,0,0,0,0,0,0,0
20,2017-04-19,09:00:09,854,cs1709,XDCE,1987,1984,1994,9442,187920160,810940,810518,2107,1907,2007,1997,0,1993,0,0,0,2017-04-19,32409854,1987,65,0,0,0,0,0,0,0,0,1988,33,0,0,0,0,0,0,0,0
21,2017-04-19,09:00:10,361,cs1709,XDCE,1988,1984,1994,9510,189272000,810914,810518,2107,1907,2007,1997,0,1993,0,0,0,2017-04-19,32410361,1988,58,0,0,0,0,0,0,0,0,1989,58,0,0,0,0,0,0,0,0
22,2017-04-19,09:00:10,854,cs1709,XDCE,1985,1984,1994,10314,205245760,811438,810518,2107,1907,2007,1997,0,1993,0,0,0,2017-04-19,32410854,1985,39,0,0,0,0,0,0,0,0,1986,336,0,0,0,0,0,0,0,0
23,2017-04-19,09:00:11,349,cs1709,XDCE,1986,1984,1994,10762,214142860,811460,810518,2107,1907,2007,1997,0,1993,0,0,0,2017-04-19,32411349,1985,44,0,0,0,0,0,0,0,0,1986,132,0,0,0,0,0,0,0,0
24,2017-04-19,09:00:11,856,cs1709,XDCE,1987,1984,1994,11044,219743340,811420,810518,2107,1907,2007,1997,0,1993,0,0,0,2017-04-19,32411856,1986,12,0,0,0,0,0,0,0,0,1987,93,0,0,0,0,0,0,0,0
25,2017-04-19,09:00:12,354,cs1709,XDCE,1986,1984,1994,11212,223080520,811316,810518,2107,1907,2007,1997,0,1993,0,0,0,2017-04-19,32412354,1985,89,0,0,0,0,0,0,0,0,1987,62,0,0,0,0,0,0,0,0
26,2017-04-19,09:00:12,848,cs1709,XDCE,1987,1984,1994,11222,223279140,811318,810518,2107,1907,2007,1997,0,1993,0,0,0,2017-04-19,32412848,1986,46,0,0,0,0,0,0,0,0,1987,61,0,0,0,0,0,0,0,0
27,2017-04-19,09:00:13,360,cs1709,XDCE,1987,1984,1994,11380,226417140,811352,810518,2107,1907,2007,1997,0,1993,0,0,0,2017-04-19,32413360,1986,5,0,0,0,0,0,0,0,0,1987,55,0,0,0,0,0,0,0,0
28,2017-04-19,09:00:13,860,cs1709,XDCE,1985,1984,1994,11822,235191940,811108,810518,2107,1907,2007,1997,0,1993,0,0,0,2017-04-19,32413860,1984,143,0,0,0,0,0,0,0,0,1986,94,0,0,0,0,0,0,0,0
29,2017-04-19,09:00:14,348,cs1709,XDCE,1986,1984,1994,11844,235628860,811090,810518,2107,1907,2007,1997,0,1993,0,0,0,2017-04-19,32414348,1985,10,0,0,0,0,0,0,0,0,1986,167,0,0,0,0,0,0,0,0
30,2017-04-19,09:00:14,849,cs1709,XDCE,1985,1984,1994,11890,236542140,811104,810518,2107,1907,2007,1997,0,1993,0,0,0,2017-04-19,32414849,1984,151,0,0,0,0,0,0,0,0,1985,1,0,0,0,0,0,0,0,0
31,2017-04-19,09:00:15,356,cs1709,XDCE,1986,1984,1994,12334,245360600,810978,810518,2107,1907,2007,1997,0,1993,0,0,0,2017-04-19,32415356,1986,22,0,0,0,0,0,0,0,0,1987,70,0,0,0,0,0,0,0,0
32,2017-04-19,09:00:15,852,cs1709,XDCE,1986,1984,1994,12558,249808880,810972,810518,2107,1907,2007,1997,0,1993,0,0,0,2017-04-19,32415852,1986,307,0,0,0,0,0,0,0,0,1987,81,0,0,0,0,0,0,0,0
33,2017-04-19,09:00:16,358,cs1709,XDCE,1987,1984,1994,12580,250245940,810962,810518,2107,1907,2007,1997,0,1993,0,0,0,2017-04-19,32416358,1986,336,0,0,0,0,0,0,0,0,1987,59,0,0,0,0,0,0,0,0
34,2017-04-19,09:00:16,857,cs1709,XDCE,1987,1984,1994,12716,252948100,810962,810518,2107,1907,2007,1997,0,1993,0,0,0,2017-04-19,32416857,1987,76,0,0,0,0,0,0,0,0,1988,45,0,0,0,0,0,0,0,0
35,2017-04-19,09:00:17,355,cs1709,XDCE,1987,1984,1994,12822,255054340,810978,810518,2107,1907,2007,1997,0,1993,0,0,0,2017-04-19,32417355,1987,36,0,0,0,0,0,0,0,0,1988,52,0,0,0,0,0,0,0,0
36,2017-04-19,09:00:17,853,cs1709,XDCE,1989,1984,1994,13086,260302680,810794,810518,2107,1907,2007,1997,0,1993,0,0,0,2017-04-19,32417853,1988,215,0,0,0,0,0,0,0,0,1989,53,0,0,0,0,0,0,0,0
37,2017-04-19,09:00:18,357,cs1709,XDCE,1990,1984,1994,13206,262689680,810720,810518,2107,1907,2007,1997,0,1993,0,0,0,2017-04-19,32418357,1989,155,0,0,0,0,0,0,0,0,1990,308,0,0,0,0,0,0,0,0
38,2017-04-19,09:00:18,861,cs1709,XDCE,1989,1984,1994,13280,264161840,810676,810518,2107,1907,2007,1997,0,1993,0,0,0,2017-04-19,32418861,1989,14,0,0,0,0,0,0,0,0,1990,283,0,0,0,0,0,0,0,0
39,2017-04-19,09:00:19,362,cs1709,XDCE,1989,1984,1994,13628,271084380,810422,810518,2107,1907,2007,1997,0,1993,0,0,0,2017-04-19,32419362,1988,1,0,0,0,0,0,0,0,0,1989,56,0,0,0,0,0,0,0,0
40,2017-04-19,09:00:19,850,cs1709,XDCE,1991,1984,1994,14276,283979280,810186,810518,2107,1907,2007,1997,0,1993,0,0,0,2017-04-19,32419850,1991,48,0,0,0,0,0,0,0,0,1992,66,0,0,0,0,0,0,0,0
41,2017-04-19,09:00:20,359,cs1709,XDCE,1993,1984,1994,14438,287206920,810138,810518,2107,1907,2007,1997,0,1993,0,0,0,2017-04-19,32420359,1992,35,0,0,0,0,0,0,0,0,1993,136,0,0,0,0,0,0,0,0
42,2017-04-19,09:00:20,855,cs1709,XDCE,1993,1984,1994,14530,289040120,810130,810518,2107,1907,2007,1997,0,1993,0,0,0,2017-04-19,32420855,1992,39,0,0,0,0,0,0,0,0,1993,105,0,0,0,0,0,0,0,0
43,2017-04-19,09:00:21,354,cs1709,XDCE,1992,1984,1994,14642,291270860,810106,810518,2107,1907,2007,1997,0,1993,0,0,0,2017-04-19,32421354,1991,21,0,0,0,0,0,0,0,0,1992,58,0,0,0,0,0,0,0,0
44,2017-04-19,09:00:21,847,cs1709,XDCE,1991,1984,1994,14654,291509860,810110,810518,2107,1907,2007,1997,0,1993,0,0,0,2017-04-19,32421847,1991,22,0,0,0,0,0,0,0,0,1992,80,0,0,0,0,0,0,0,0
45,2017-04-19,09:00:22,350,cs1709,XDCE,1991,1984,1994,14722,292863780,810074,810518,2107,1907,2007,1997,0,1993,0,0,0,2017-04-19,32422350,1990,692,0,0,0,0,0,0,0,0,1991,173,0,0,0,0,0,0,0,0
46,2017-04-19,09:00:22,860,cs1709,XDCE,1991,1984,1994,14772,293858880,810074,810518,2107,1907,2007,1997,0,1993,0,0,0,2017-04-19,32422860,1990,651,0,0,0,0,0,0,0,0,1991,202,0,0,0,0,0,0,0,0
47,2017-04-19,09:00:23,360,cs1709,XDCE,1991,1984,1994,14814,294694740,810056,810518,2107,1907,2007,1997,0,1993,0,0,0,2017-04-19,32423360,1990,639,0,0,0,0,0,0,0,0,1991,198,0,0,0,0,0,0,0,0
48,2017-04-19,09:00:23,858,cs1709,XDCE,1990,1984,1994,14992,298237180,809906,810518,2107,1907,2007,1997,0,1993,0,0,0,2017-04-19,32423858,1990,562,0,0,0,0,0,0,0,0,1991,196,0,0,0,0,0,0,0,0
49,2017-04-19,09:00:24,352,cs1709,XDCE,1991,1984,1994,15416,306678720,809486,810518,2107,1907,2007,1997,0,1993,0,0,0,2017-04-19,32424352,1991,4,0,0,0,0,0,0,0,0,1992,140,0,0,0,0,0,0,0,0
50,2017-04-19,09:00:24,859,cs1709,XDCE,1992,1984,1994,15686,312056640,809326,810518,2107,1907,2007,1997,0,1993,0,0,0,2017-04-19,32424859,1992,6,0,0,0,0,0,0,0,0,1993,165,0,0,0,0,0,0,0,0
51,2017-04-19,09:00:25,324,cs1709,XDCE,1991,1984,1994,15758,313490280,809366,810518,2107,1907,2007,1997,0,1993,0,0,0,2017-04-19,32425324,1991,55,0,0,0,0,0,0,0,0,1992,51,0,0,0,0,0,0,0,0
52,2017-04-19,09:00:25,852,cs1709,XDCE,1991,1984,1994,15774,313808840,809378,810518,2107,1907,2007,1997,0,1993,0,0,0,2017-04-19,32425852,1991,75,0,0,0,0,0,0,0,0,1992,75,0,0,0,0,0,0,0,0
53,2017-04-19,09:00:26,348,cs1709,XDCE,1991,1984,1994,16000,318308580,809320,810518,2107,1907,2007,1997,0,1993,0,0,0,2017-04-19,32426348,1990,561,0,0,0,0,0,0,0,0,1992,95,0,0,0,0,0,0,0,0
54,2017-04-19,09:00:26,805,cs1709,XDCE,1992,1984,1994,16036,319025400,809314,810518,2107,1907,2007,1997,0,1993,0,0,0,2017-04-19,32426805,1991,2,0,0,0,0,0,0,0,0,1992,104,0,0,0,0,0,0,0,0
55,2017-04-19,09:00:27,355,cs1709,XDCE,1992,1984,1994,16250,323288240,809156,810518,2107,1907,2007,1997,0,1993,0,0,0,2017-04-19,32427355,1992,95,0,0,0,0,0,0,0,0,1993,69,0,0,0,0,0,0,0,0
56,2017-04-19,09:00:27,855,cs1709,XDCE,1991,1984,1994,16460,327471240,809000,810518,2107,1907,2007,1997,0,1993,0,0,0,2017-04-19,32427855,1991,39,0,0,0,0,0,0,0,0,1992,41,0,0,0,0,0,0,0,0
57,2017-04-19,09:00:28,362,cs1709,XDCE,1991,1984,1994,16460,327471240,809000,810518,2107,1907,2007,1997,0,1993,0,0,0,2017-04-19,32428362,1991,48,0,0,0,0,0,0,0,0,1992,50,0,0,0,0,0,0,0,0
58,2017-04-19,09:00:28,853,cs1709,XDCE,1992,1984,1994,16666,331572720,809190,810518,2107,1907,2007,1997,0,1993,0,0,0,2017-04-19,32428853,1991,73,0,0,0,0,0,0,0,0,1992,68,0,0,0,0,0,0,0,0
59,2017-04-19,09:00:29,348,cs1709,XDCE,1992,1984,1994,16694,332130420,809180,810518,2107,1907,2007,1997,0,1993,0,0,0,2017-04-19,32429348,1991,70,0,0,0,0,0,0,0,0,1992,53,0,0,0,0,0,0,0,0
60,2017-04-19,09:00:29,859,cs1709,XDCE,1992,1984,1994,16816,334560660,809230,810518,2107,1907,2007,1997,0,1993,0,0,0,2017-04-19,32429859,1992,41,0,0,0,0,0,0,0,0,1993,67,0,0,0,0,0,0,0,0
61,2017-04-19,09:00:30,336,cs1709,XDCE,1992,1984,1994,16840,335038780,809250,810518,2107,1907,2007,1997,0,1993,0,0,0,2017-04-19,32430336,1992,31,0,0,0,0,0,0,0,0,1993,65,0,0,0,0,0,0,0,0
62,2017-04-19,09:00:30,852,cs1709,XDCE,1992,1984,1994,16912,336473020,809320,810518,2107,1907,2007,1997,0,1993,0,0,0,2017-04-19,32430852,1991,38,0,0,0,0,0,0,0,0,1993,73,0,0,0,0,0,0,0,0
63,2017-04-19,09:00:31,348,cs1709,XDCE,1991,1984,1994,16918,336592480,809320,810518,2107,1907,2007,1997,0,1993,0,0,0,2017-04-19,32431348,1991,60,0,0,0,0,0,0,0,0,1992,56,0,0,0,0,0,0,0,0
64,2017-04-19,09:00:31,858,cs1709,XDCE,1991,1984,1994,16978,337787120,809284,810518,2107,1907,2007,1997,0,1993,0,0,0,2017-04-19,32431858,1991,42,0,0,0,0,0,0,0,0,1992,62,0,0,0,0,0,0,0,0
65,2017-04-19,09:00:32,353,cs1709,XDCE,1991,1984,1994,17008,338384640,809282,810518,2107,1907,2007,1997,0,1993,0,0,0,2017-04-19,32432353,1991,38,0,0,0,0,0,0,0,0,1992,58,0,0,0,0,0,0,0,0
66,2017-04-19,09:00:32,832,cs1709,XDCE,1992,1984,1994,17058,339380340,809316,810518,2107,1907,2007,1997,0,1993,0,0,0,2017-04-19,32432832,1991,23,0,0,0,0,0,0,0,0,1992,46,0,0,0,0,0,0,0,0
67,2017-04-19,09:00:33,353,cs1709,XDCE,1992,1984,1994,17218,342567820,809274,810518,2107,1907,2007,1997,0,1993,0,0,0,2017-04-19,32433353,1992,9,0,0,0,0,0,0,0,0,1993,75,0,0,0,0,0,0,0,0
68,2017-04-19,09:00:33,861,cs1709,XDCE,1992,1984,1994,17404,346271920,809348,810518,2107,1907,2007,1997,0,1993,0,0,0,2017-04-19,32433861,1992,178,0,0,0,0,0,0,0,0,1993,59,0,0,0,0,0,0,0,0
69,2017-04-19,09:00:34,348,cs1709,XDCE,1992,1984,1994,17420,346590640,809346,810518,2107,1907,2007,1997,0,1993,0,0,0,2017-04-19,32434348,1992,171,0,0,0,0,0,0,0,0,1993,58,0,0,0,0,0,0,0,0
70,2017-04-19,09:00:34,848,cs1709,XDCE,1992,1984,1994,17434,346869580,809344,810518,2107,1907,2007,1997,0,1993,0,0,0,2017-04-19,32434848,1992,167,0,0,0,0,0,0,0,0,1993,54,0,0,0,0,0,0,0,0
71,2017-04-19,09:00:35,357,cs1709,XDCE,1992,1984,1994,17454,347268120,809336,810518,2107,1907,2007,1997,0,1993,0,0,0,2017-04-19,32435357,1992,164,0,0,0,0,0,0,0,0,1993,56,0,0,0,0,0,0,0,0
72,2017-04-19,09:00:35,849,cs1709,XDCE,1993,1984,1994,17480,347786060,809336,810518,2107,1907,2007,1997,0,1993,0,0,0,2017-04-19,32435849,1992,152,0,0,0,0,0,0,0,0,1993,59,0,0,0,0,0,0,0,0
73,2017-04-19,09:00:36,354,cs1709,XDCE,1992,1984,1994,17594,350056940,809336,810518,2107,1907,2007,1997,0,1993,0,0,0,2017-04-19,32436354,1992,96,0,0,0,0,0,0,0,0,1993,69,0,0,0,0,0,0,0,0
74,2017-04-19,09:00:36,803,cs1709,XDCE,1992,1984,1994,17604,350256140,809334,810518,2107,1907,2007,1997,0,1993,0,0,0,2017-04-19,32436803,1992,91,0,0,0,0,0,0,0,0,1993,69,0,0,0,0,0,0,0,0
75,2017-04-19,09:00:37,347,cs1709,XDCE,1992,1984,1994,17624,350654640,809332,810518,2107,1907,2007,1997,0,1993,0,0,0,2017-04-19,32437347,1992,86,0,0,0,0,0,0,0,0,1993,69,0,0,0,0,0,0,0,0
76,2017-04-19,09:00:37,860,cs1709,XDCE,1992,1984,1994,17670,351570960,809330,810518,2107,1907,2007,1997,0,1993,0,0,0,2017-04-19,32437860,1992,63,0,0,0,0,0,0,0,0,1993,89,0,0,0,0,0,0,0,0
77,2017-04-19,09:00:38,357,cs1709,XDCE,1992,1984,1994,17828,354718640,809330,810518,2107,1907,2007,1997,0,1993,0,0,0,2017-04-19,32438357,1991,191,0,0,0,0,0,0,0,0,1992,146,0,0,0,0,0,0,0,0
78,2017-04-19,09:00:38,858,cs1709,XDCE,1992,1984,1994,18206,362248400,809484,810518,2107,1907,2007,1997,0,1993,0,0,0,2017-04-19,32438858,1991,193,0,0,0,0,0,0,0,0,1993,79,0,0,0,0,0,0,0,0
79,2017-04-19,09:00:39,349,cs1709,XDCE,1993,1984,1994,18210,362328100,809486,810518,2107,1907,2007,1997,0,1993,0,0,0,2017-04-19,32439349,1991,133,0,0,0,0,0,0,0,0,1992,1,0,0,0,0,0,0,0,0
80,2017-04-19,09:00:39,846,cs1709,XDCE,1991,1984,1994,18240,362925420,809502,810518,2107,1907,2007,1997,0,1993,0,0,0,2017-04-19,32439846,1991,119,0,0,0,0,0,0,0,0,1992,10,0,0,0,0,0,0,0,0
81,2017-04-19,09:00:40,358,cs1709,XDCE,1992,1984,1994,18254,363204280,809506,810518,2107,1907,2007,1997,0,1993,0,0,0,2017-04-19,32440358,1992,26,0,0,0,0,0,0,0,0,1993,82,0,0,0,0,0,0,0,0
82,2017-04-19,09:00:40,859,cs1709,XDCE,1992,1984,1994,18366,365435320,809546,810518,2107,1907,2007,1997,0,1993,0,0,0,2017-04-19,32440859,1992,5,0,0,0,0,0,0,0,0,1993,98,0,0,0,0,0,0,0,0
83,2017-04-19,09:00:41,358,cs1709,XDCE,1992,1984,1994,18618,370453740,809544,810518,2107,1907,2007,1997,0,1993,0,0,0,2017-04-19,32441358,1991,43,0,0,0,0,0,0,0,0,1992,2,0,0,0,0,0,0,0,0
84,2017-04-19,09:00:41,849,cs1709,XDCE,1992,1984,1994,18644,370971460,809556,810518,2107,1907,2007,1997,0,1993,0,0,0,2017-04-19,32441849,1991,33,0,0,0,0,0,0,0,0,1992,34,0,0,0,0,0,0,0,0
85,2017-04-19,09:00:42,347,cs1709,XDCE,1992,1984,1994,18660,371290040,809554,810518,2107,1907,2007,1997,0,1993,0,0,0,2017-04-19,32442347,1991,63,0,0,0,0,0,0,0,0,1992,33,0,0,0,0,0,0,0,0
86,2017-04-19,09:00:42,850,cs1709,XDCE,1991,1984,1994,18692,371927360,809554,810518,2107,1907,2007,1997,0,1993,0,0,0,2017-04-19,32442850,1991,30,0,0,0,0,0,0,0,0,1992,336,0,0,0,0,0,0,0,0
87,2017-04-19,09:00:43,348,cs1709,XDCE,1991,1984,1994,18754,373161780,809522,810518,2107,1907,2007,1997,0,1993,0,0,0,2017-04-19,32443348,1991,10,0,0,0,0,0,0,0,0,1992,345,0,0,0,0,0,0,0,0
88,2017-04-19,09:00:43,848,cs1709,XDCE,1992,1984,1994,18778,373639660,809522,810518,2107,1907,2007,1997,0,1993,0,0,0,2017-04-19,32443848,1990,321,0,0,0,0,0,0,0,0,1991,111,0,0,0,0,0,0,0,0
89,2017-04-19,09:00:44,355,cs1709,XDCE,1992,1984,1994,18778,373639660,809522,810518,2107,1907,2007,1997,0,1993,0,0,0,2017-04-19,32444355,1990,310,0,0,0,0,0,0,0,0,1991,315,0,0,0,0,0,0,0,0
90,2017-04-19,09:00:44,856,cs1709,XDCE,1991,1984,1994,19092,379889700,809488,810518,2107,1907,2007,1997,0,1993,0,0,0,2017-04-19,32444856,1990,167,0,0,0,0,0,0,0,0,1991,329,0,0,0,0,0,0,0,0
91,2017-04-19,09:00:45,354,cs1709,XDCE,1990,1984,1994,19840,394778900,809264,810518,2107,1907,2007,1997,0,1993,0,0,0,2017-04-19,32445354,1989,97,0,0,0,0,0,0,0,0,1990,79,0,0,0,0,0,0,0,0
92,2017-04-19,09:00:45,838,cs1709,XDCE,1990,1984,1994,19844,394858500,809264,810518,2107,1907,2007,1997,0,1993,0,0,0,2017-04-19,32445838,1989,106,0,0,0,0,0,0,0,0,1990,116,0,0,0,0,0,0,0,0
93,2017-04-19,09:00:46,361,cs1709,XDCE,1990,1984,1994,20064,399236500,809462,810518,2107,1907,2007,1997,0,1993,0,0,0,2017-04-19,32446361,1989,124,0,0,0,0,0,0,0,0,1990,8,0,0,0,0,0,0,0,0
94,2017-04-19,09:00:46,848,cs1709,XDCE,1990,1984,1994,20164,401226960,809528,810518,2107,1907,2007,1997,0,1993,0,0,0,2017-04-19,32446848,1990,2,0,0,0,0,0,0,0,0,1991,118,0,0,0,0,0,0,0,0
95,2017-04-19,09:00:47,360,cs1709,XDCE,1990,1984,1994,20168,401306560,809532,810518,2107,1907,2007,1997,0,1993,0,0,0,2017-04-19,32447360,1990,20,0,0,0,0,0,0,0,0,1991,118,0,0,0,0,0,0,0,0
96,2017-04-19,09:00:47,847,cs1709,XDCE,1990,1984,1994,20210,402142760,809572,810518,2107,1907,2007,1997,0,1993,0,0,0,2017-04-19,32447847,1990,20,0,0,0,0,0,0,0,0,1991,98,0,0,0,0,0,0,0,0
97,2017-04-19,09:00:48,314,cs1709,XDCE,1990,1984,1994,20210,402142760,809572,810518,2107,1907,2007,1997,0,1993,0,0,0,2017-04-19,32448314,1990,21,0,0,0,0,0,0,0,0,1991,100,0,0,0,0,0,0,0,0
98,2017-04-19,09:00:49,352,cs1709,XDCE,1990,1984,1994,20220,402341760,809582,810518,2107,1907,2007,1997,0,1993,0,0,0,2017-04-19,32449352,1990,17,0,0,0,0,0,0,0,0,1991,100,0,0,0,0,0,0,0,0
99,2017-04-19,09:00:49,822,cs1709,XDCE,1990,1984,1994,20230,402540760,809590,810518,2107,1907,2007,1997,0,1993,0,0,0,2017-04-19,32449822,1990,15,0,0,0,0,0,0,0,0,1991,106,0,0,0,0,0,0,0,0
100,2017-04-19,09:00:50,355,cs1709,XDCE,1991,1984,1994,20276,403456560,809598,810518,2107,1907,2007,1997,0,1993,0,0,0,2017-04-19,32450355,1990,14,0,0,0,0,0,0,0,0,1991,85,0,0,0,0,0,0,0,0
101,2017-04-19,09:00:50,849,cs1709,XDCE,1991,1984,1994,20276,403456560,809598,810518,2107,1907,2007,1997,0,1993,0,0,0,2017-04-19,32450849,1990,19,0,0,0,0,0,0,0,0,1991,95,0,0,0,0,0,0,0,0
102,2017-04-19,09:00:51,353,cs1709,XDCE,1991,1984,1994,20346,404849560,809612,810518,2107,1907,2007,1997,0,1993,0,0,0,2017-04-19,32451353,1990,56,0,0,0,0,0,0,0,0,1991,117,0,0,0,0,0,0,0,0
103,2017-04-19,09:00:51,850,cs1709,XDCE,1991,1984,1994,20348,404889380,809610,810518,2107,1907,2007,1997,0,1993,0,0,0,2017-04-19,32451850,1990,57,0,0,0,0,0,0,0,0,1991,116,0,0,0,0,0,0,0,0
104,2017-04-19,09:00:52,350,cs1709,XDCE,1991,1984,1994,20348,404889380,809610,810518,2107,1907,2007,1997,0,1993,0,0,0,2017-04-19,32452350,1990,64,0,0,0,0,0,0,0,0,1991,116,0,0,0,0,0,0,0,0
105,2017-04-19,09:00:52,850,cs1709,XDCE,1990,1984,1994,20350,404929180,809610,810518,2107,1907,2007,1997,0,1993,0,0,0,2017-04-19,32452850,1990,73,0,0,0,0,0,0,0,0,1991,122,0,0,0,0,0,0,0,0
106,2017-04-19,09:00:53,362,cs1709,XDCE,1990,1984,1994,20400,405924200,809650,810518,2107,1907,2007,1997,0,1993,0,0,0,2017-04-19,32453362,1990,49,0,0,0,0,0,0,0,0,1991,126,0,0,0,0,0,0,0,0
107,2017-04-19,09:00:53,853,cs1709,XDCE,1991,1984,1994,20424,406402020,809642,810518,2107,1907,2007,1997,0,1993,0,0,0,2017-04-19,32453853,1990,262,0,0,0,0,0,0,0,0,1991,105,0,0,0,0,0,0,0,0
108,2017-04-19,09:00:54,353,cs1709,XDCE,1991,1984,1994,20662,411140520,809618,810518,2107,1907,2007,1997,0,1993,0,0,0,2017-04-19,32454353,1991,462,0,0,0,0,0,0,0,0,1992,116,0,0,0,0,0,0,0,0
109,2017-04-19,09:00:54,855,cs1709,XDCE,1992,1984,1994,20874,415363540,809520,810518,2107,1907,2007,1997,0,1993,0,0,0,2017-04-19,32454855,1992,1,0,0,0,0,0,0,0,0,1993,167,0,0,0,0,0,0,0,0
110,2017-04-19,09:00:55,360,cs1709,XDCE,1992,1984,1994,20884,415562740,809522,810518,2107,1907,2007,1997,0,1993,0,0,0,2017-04-19,32455360,1992,7,0,0,0,0,0,0,0,0,1993,149,0,0,0,0,0,0,0,0
111,2017-04-19,09:00:55,858,cs1709,XDCE,1991,1984,1994,20926,416399140,809528,810518,2107,1907,2007,1997,0,1993,0,0,0,2017-04-19,32455858,1992,2,0,0,0,0,0,0,0,0,1993,159,0,0,0,0,0,0,0,0
112,2017-04-19,09:00:56,354,cs1709,XDCE,1992,1984,1994,21040,418669980,809446,810518,2107,1907,2007,1997,0,1993,0,0,0,2017-04-19,32456354,1992,66,0,0,0,0,0,0,0,0,1993,158,0,0,0,0,0,0,0,0
113,2017-04-19,09:00:56,855,cs1709,XDCE,1993,1984,1994,21102,419905640,809404,810518,2107,1907,2007,1997,0,1993,0,0,0,2017-04-19,32456855,1992,14,0,0,0,0,0,0,0,0,1993,127,0,0,0,0,0,0,0,0
114,2017-04-19,09:00:57,219,cs1709,XDCE,1992,1984,1994,21116,420184520,809402,810518,2107,1907,2007,1997,0,1993,0,0,0,2017-04-19,32457219,1992,11,0,0,0,0,0,0,0,0,1993,135,0,0,0,0,0,0,0,0
115,2017-04-19,09:00:57,844,cs1709,XDCE,1992,1984,1994,21116,420184520,809402,810518,2107,1907,2007,1997,0,1993,0,0,0,2017-04-19,32457844,1992,38,0,0,0,0,0,0,0,0,1993,140,0,0,0,0,0,0,0,0
116,2017-04-19,09:00:58,349,cs1709,XDCE,1992,1984,1994,21258,423013140,809356,810518,2107,1907,2007,1997,0,1993,0,0,0,2017-04-19,32458349,1992,7,0,0,0,0,0,0,0,0,1993,149,0,0,0,0,0,0,0,0
117,2017-04-19,09:00:58,862,cs1709,XDCE,1992,1984,1994,21262,423092820,809352,810518,2107,1907,2007,1997,0,1993,0,0,0,2017-04-19,32458862,1992,7,0,0,0,0,0,0,0,0,1993,159,0,0,0,0,0,0,0,0
118,2017-04-19,09:00:59,359,cs1709,XDCE,1992,1984,1994,21292,423690460,809332,810518,2107,1907,2007,1997,0,1993,0,0,0,2017-04-19,32459359,1992,2,0,0,0,0,0,0,0,0,1993,157,0,0,0,0,0,0,0,0
119,2017-04-19,09:00:59,853,cs1709,XDCE,1992,1984,1994,21294,423730300,809334,810518,2107,1907,2007,1997,0,1993,0,0,0,2017-04-19,32459853,1992,3,0,0,0,0,0,0,0,0,1993,158,0,0,0,0,0,0,0,0
120,2017-04-19,09:01:00,361,cs1709,XDCE,1992,1984,1994,21332,424487260,809358,810518,2107,1907,2007,1997,0,1993,0,0,0,2017-04-19,32460361,1991,491,0,0,0,0,0,0,0,0,1993,158,0,0,0,0,0,0,0,0
121,2017-04-19,09:01:00,856,cs1709,XDCE,1992,1984,1994,21350,424845820,809354,810518,2107,1907,2007,1997,0,1993,0,0,0,2017-04-19,32460856,1992,62,0,0,0,0,0,0,0,0,1993,169,0,0,0,0,0,0,0,0
122,2017-04-19,09:01:01,349,cs1709,XDCE,1992,1984,1994,21410,426041520,809334,810518,2107,1907,2007,1997,0,1993,0,0,0,2017-04-19,32461349,1992,13,0,0,0,0,0,0,0,0,1993,143,0,0,0,0,0,0,0,0
123,2017-04-19,09:01:01,850,cs1709,XDCE,1991,1984,1994,21440,426639120,809350,810518,2107,1907,2007,1997,0,1993,0,0,0,2017-04-19,32461850,1992,2,0,0,0,0,0,0,0,0,1993,142,0,0,0,0,0,0,0,0
124,2017-04-19,09:01:02,349,cs1709,XDCE,1991,1984,1994,21598,429785660,809288,810518,2107,1907,2007,1997,0,1993,0,0,0,2017-04-19,32462349,1992,122,0,0,0,0,0,0,0,0,1993,128,0,0,0,0,0,0,0,0
125,2017-04-19,09:01:02,847,cs1709,XDCE,1993,1984,1994,21618,430184200,809286,810518,2107,1907,2007,1997,0,1993,0,0,0,2017-04-19,32462847,1992,121,0,0,0,0,0,0,0,0,1993,121,0,0,0,0,0,0,0,0
126,2017-04-19,09:01:03,358,cs1709,XDCE,1992,1984,1994,21710,432017580,809278,810518,2107,1907,2007,1997,0,1993,0,0,0,2017-04-19,32463358,1992,120,0,0,0,0,0,0,0,0,1993,89,0,0,0,0,0,0,0,0
127,2017-04-19,09:01:03,854,cs1709,XDCE,1992,1984,1994,21744,432695100,809266,810518,2107,1907,2007,1997,0,1993,0,0,0,2017-04-19,32463854,1992,124,0,0,0,0,0,0,0,0,1993,75,0,0,0,0,0,0,0,0
128,2017-04-19,09:01:04,359,cs1709,XDCE,1992,1984,1994,21750,432814640,809270,810518,2107,1907,2007,1997,0,1993,0,0,0,2017-04-19,32464359,1992,122,0,0,0,0,0,0,0,0,1993,89,0,0,0,0,0,0,0,0
129,2017-04-19,09:01:04,860,cs1709,XDCE,1992,1984,1994,21996,437715000,809268,810518,2107,1907,2007,1997,0,1993,0,0,0,2017-04-19,32464860,1991,439,0,0,0,0,0,0,0,0,1993,74,0,0,0,0,0,0,0,0
130,2017-04-19,09:01:05,349,cs1709,XDCE,1992,1984,1994,22038,438551640,809268,810518,2107,1907,2007,1997,0,1993,0,0,0,2017-04-19,32465349,1991,440,0,0,0,0,0,0,0,0,1992,287,0,0,0,0,0,0,0,0
131,2017-04-19,09:01:05,848,cs1709,XDCE,1992,1984,1994,22046,438711000,809262,810518,2107,1907,2007,1997,0,1993,0,0,0,2017-04-19,32465848,1991,440,0,0,0,0,0,0,0,0,1992,284,0,0,0,0,0,0,0,0
132,2017-04-19,09:01:06,356,cs1709,XDCE,1992,1984,1994,22078,439348300,809246,810518,2107,1907,2007,1997,0,1993,0,0,0,2017-04-19,32466356,1991,433,0,0,0,0,0,0,0,0,1992,276,0,0,0,0,0,0,0,0
133,2017-04-19,09:01:06,847,cs1709,XDCE,1992,1984,1994,22198,441738700,809154,810518,2107,1907,2007,1997,0,1993,0,0,0,2017-04-19,32466847,1991,433,0,0,0,0,0,0,0,0,1992,217,0,0,0,0,0,0,0,0
134,2017-04-19,09:01:07,336,cs1709,XDCE,1992,1984,1994,22202,441818360,809152,810518,2107,1907,2007,1997,0,1993,0,0,0,2017-04-19,32467336,1991,432,0,0,0,0,0,0,0,0,1992,221,0,0,0,0,0,0,0,0
135,2017-04-19,09:01:07,835,cs1709,XDCE,1991,1984,1994,22222,442216560,809152,810518,2107,1907,2007,1997,0,1993,0,0,0,2017-04-19,32467835,1991,422,0,0,0,0,0,0,0,0,1992,222,0,0,0,0,0,0,0,0
136,2017-04-19,09:01:08,360,cs1709,XDCE,1993,1984,1994,22800,453731440,808942,810518,2107,1907,2007,1997,0,1993,0,0,0,2017-04-19,32468360,1992,21,0,0,0,0,0,0,0,0,1993,17,0,0,0,0,0,0,0,0
137,2017-04-19,09:01:08,848,cs1709,XDCE,1992,1984,1994,22862,454966960,808976,810518,2107,1907,2007,1997,0,1993,0,0,0,2017-04-19,32468848,1992,101,0,0,0,0,0,0,0,0,1993,23,0,0,0,0,0,0,0,0
138,2017-04-19,09:01:09,361,cs1709,XDCE,1993,1984,1994,22974,457199120,808926,810518,2107,1907,2007,1997,0,1993,0,0,0,2017-04-19,32469361,1993,21,0,0,0,0,0,0,0,0,1994,444,0,0,0,0,0,0,0,0
139,2017-04-19,09:01:09,853,cs1709,XDCE,1993,1984,1994,23070,459112680,808906,810518,2107,1907,2007,1997,0,1993,0,0,0,2017-04-19,32469853,1992,170,0,0,0,0,0,0,0,0,1994,535,0,0,0,0,0,0,0,0
140,2017-04-19,09:01:10,348,cs1709,XDCE,1993,1984,1994,23078,459272060,808900,810518,2107,1907,2007,1997,0,1993,0,0,0,2017-04-19,32470348,1992,179,0,0,0,0,0,0,0,0,1994,330,0,0,0,0,0,0,0,0
141,2017-04-19,09:01:10,860,cs1709,XDCE,1993,1984,1994,23078,459272060,808900,810518,2107,1907,2007,1997,0,1993,0,0,0,2017-04-19,32470860,1992,181,0,0,0,0,0,0,0,0,1993,1,0,0,0,0,0,0,0,0
142,2017-04-19,09:01:11,352,cs1709,XDCE,1993,1984,1994,23100,459710440,808890,810518,2107,1907,2007,1997,0,1993,0,0,0,2017-04-19,32471352,1992,370,0,0,0,0,0,0,0,0,1994,279,0,0,0,0,0,0,0,0
143,2017-04-19,09:01:11,854,cs1709,XDCE,1993,1984,1994,23102,459750300,808890,810518,2107,1907,2007,1997,0,1993,0,0,0,2017-04-19,32471854,1993,24,0,0,0,0,0,0,0,0,1994,321,0,0,0,0,0,0,0,0
144,2017-04-19,09:01:12,353,cs1709,XDCE,1993,1984,1994,23352,464732960,808890,810518,2107,1907,2007,1997,0,1993,0,0,0,2017-04-19,32472353,1992,367,0,0,0,0,0,0,0,0,1993,86,0,0,0,0,0,0,0,0
145,2017-04-19,09:01:12,858,cs1709,XDCE,1992,1984,1994,23390,465490160,808872,810518,2107,1907,2007,1997,0,1993,0,0,0,2017-04-19,32472858,1992,359,0,0,0,0,0,0,0,0,1993,106,0,0,0,0,0,0,0,0
146,2017-04-19,09:01:13,298,cs1709,XDCE,1992,1984,1994,23392,465530000,808870,810518,2107,1907,2007,1997,0,1993,0,0,0,2017-04-19,32473298,1992,358,0,0,0,0,0,0,0,0,1993,110,0,0,0,0,0,0,0,0
147,2017-04-19,09:01:13,862,cs1709,XDCE,1992,1984,1994,23392,465530000,808870,810518,2107,1907,2007,1997,0,1993,0,0,0,2017-04-19,32473862,1992,359,0,0,0,0,0,0,0,0,1993,114,0,0,0,0,0,0,0,0
148,2017-04-19,09:01:14,347,cs1709,XDCE,1993,1984,1994,23420,466087940,808856,810518,2107,1907,2007,1997,0,1993,0,0,0,2017-04-19,32474347,1992,355,0,0,0,0,0,0,0,0,1993,106,0,0,0,0,0,0,0,0
149,2017-04-19,09:01:14,848,cs1709,XDCE,1992,1984,1994,23446,466605880,808844,810518,2107,1907,2007,1997,0,1993,0,0,0,2017-04-19,32474848,1992,350,0,0,0,0,0,0,0,0,1993,112,0,0,0,0,0,0,0,0
150,2017-04-19,09:01:15,348,cs1709,XDCE,1993,1984,1994,23534,468359620,808770,810518,2107,1907,2007,1997,0,1993,0,0,0,2017-04-19,32475348,1992,335,0,0,0,0,0,0,0,0,1993,322,0,0,0,0,0,0,0,0
151,2017-04-19,09:01:15,860,cs1709,XDCE,1992,1984,1994,23538,468439300,808772,810518,2107,1907,2007,1997,0,1993,0,0,0,2017-04-19,32475860,1992,342,0,0,0,0,0,0,0,0,1993,308,0,0,0,0,0,0,0,0
152,2017-04-19,09:01:16,351,cs1709,XDCE,1992,1984,1994,23548,468638500,808772,810518,2107,1907,2007,1997,0,1993,0,0,0,2017-04-19,32476351,1992,319,0,0,0,0,0,0,0,0,1993,190,0,0,0,0,0,0,0,0
153,2017-04-19,09:01:16,848,cs1709,XDCE,1993,1984,1994,23562,468917420,808780,810518,2107,1907,2007,1997,0,1993,0,0,0,2017-04-19,32476848,1992,324,0,0,0,0,0,0,0,0,1993,98,0,0,0,0,0,0,0,0
154,2017-04-19,09:01:17,347,cs1709,XDCE,1993,1984,1994,23620,470073340,808770,810518,2107,1907,2007,1997,0,1993,0,0,0,2017-04-19,32477347,1992,323,0,0,0,0,0,0,0,0,1993,71,0,0,0,0,0,0,0,0
155,2017-04-19,09:01:17,861,cs1709,XDCE,1992,1984,1994,23820,474057340,808736,810518,2107,1907,2007,1997,0,1993,0,0,0,2017-04-19,32477861,1992,224,0,0,0,0,0,0,0,0,1993,81,0,0,0,0,0,0,0,0
156,2017-04-19,09:01:18,350,cs1709,XDCE,1993,1984,1994,23882,475292480,808722,810518,2107,1907,2007,1997,0,1993,0,0,0,2017-04-19,32478350,1992,199,0,0,0,0,0,0,0,0,1993,86,0,0,0,0,0,0,0,0
157,2017-04-19,09:01:18,860,cs1709,XDCE,1993,1984,1994,23884,475332340,808722,810518,2107,1907,2007,1997,0,1993,0,0,0,2017-04-19,32478860,1992,201,0,0,0,0,0,0,0,0,1993,92,0,0,0,0,0,0,0,0
158,2017-04-19,09:01:19,357,cs1709,XDCE,1993,1984,1994,23892,475491720,808724,810518,2107,1907,2007,1997,0,1993,0,0,0,2017-04-19,32479357,1992,199,0,0,0,0,0,0,0,0,1993,191,0,0,0,0,0,0,0,0
159,2017-04-19,09:01:19,860,cs1709,XDCE,1993,1984,1994,23892,475491720,808724,810518,2107,1907,2007,1997,0,1993,0,0,0,2017-04-19,32479860,1992,188,0,0,0,0,0,0,0,0,1993,230,0,0,0,0,0,0,0,0
160,2017-04-19,09:01:20,359,cs1709,XDCE,1992,1984,1994,24276,483141100,808406,810518,2107,1907,2007,1997,0,1993,0,0,0,2017-04-19,32480359,1991,435,0,0,0,0,0,0,0,0,1993,453,0,0,0,0,0,0,0,0
161,2017-04-19,09:01:20,849,cs1709,XDCE,1992,1984,1994,24280,483220780,808406,810518,2107,1907,2007,1997,0,1993,0,0,0,2017-04-19,32480849,1991,429,0,0,0,0,0,0,0,0,1992,279,0,0,0,0,0,0,0,0
162,2017-04-19,09:01:21,350,cs1709,XDCE,1992,1984,1994,24348,484575280,808400,810518,2107,1907,2007,1997,0,1993,0,0,0,2017-04-19,32481350,1991,416,0,0,0,0,0,0,0,0,1992,276,0,0,0,0,0,0,0,0
163,2017-04-19,09:01:21,792,cs1709,XDCE,1992,1984,1994,24348,484575280,808400,810518,2107,1907,2007,1997,0,1993,0,0,0,2017-04-19,32481792,1991,416,0,0,0,0,0,0,0,0,1992,289,0,0,0,0,0,0,0,0
164,2017-04-19,09:01:22,348,cs1709,XDCE,1992,1984,1994,24352,484654960,808404,810518,2107,1907,2007,1997,0,1993,0,0,0,2017-04-19,32482348,1991,426,0,0,0,0,0,0,0,0,1992,292,0,0,0,0,0,0,0,0
165,2017-04-19,09:01:22,833,cs1709,XDCE,1992,1984,1994,24354,484694800,808406,810518,2107,1907,2007,1997,0,1993,0,0,0,2017-04-19,32482833,1991,426,0,0,0,0,0,0,0,0,1992,291,0,0,0,0,0,0,0,0
166,2017-04-19,09:01:23,358,cs1709,XDCE,1992,1984,1994,24370,485013520,808414,810518,2107,1907,2007,1997,0,1993,0,0,0,2017-04-19,32483358,1991,428,0,0,0,0,0,0,0,0,1992,288,0,0,0,0,0,0,0,0
167,2017-04-19,09:01:23,860,cs1709,XDCE,1992,1984,1994,24968,496925660,808624,810518,2107,1907,2007,1997,0,1993,0,0,0,2017-04-19,32483860,1991,428,0,0,0,0,0,0,0,0,1993,427,0,0,0,0,0,0,0,0
168,2017-04-19,09:01:24,348,cs1709,XDCE,1992,1984,1994,24998,497523260,808608,810518,2107,1907,2007,1997,0,1993,0,0,0,2017-04-19,32484348,1992,6,0,0,0,0,0,0,0,0,1993,432,0,0,0,0,0,0,0,0
169,2017-04-19,09:01:24,848,cs1709,XDCE,1992,1984,1994,25034,498240240,808618,810518,2107,1907,2007,1997,0,1993,0,0,0,2017-04-19,32484848,1991,421,0,0,0,0,0,0,0,0,1993,367,0,0,0,0,0,0,0,0
170,2017-04-19,09:01:25,355,cs1709,XDCE,1991,1984,1994,25888,515243380,808654,810518,2107,1907,2007,1997,0,1993,0,0,0,2017-04-19,32485355,1990,213,0,0,0,0,0,0,0,0,1991,78,0,0,0,0,0,0,0,0
171,2017-04-19,09:01:25,860,cs1709,XDCE,1992,1984,1994,26274,522928680,808430,810518,2107,1907,2007,1997,0,1993,0,0,0,2017-04-19,32485860,1991,77,0,0,0,0,0,0,0,0,1992,63,0,0,0,0,0,0,0,0
172,2017-04-19,09:01:26,357,cs1709,XDCE,1991,1984,1994,26450,526432840,808396,810518,2107,1907,2007,1997,0,1993,0,0,0,2017-04-19,32486357,1990,149,0,0,0,0,0,0,0,0,1991,33,0,0,0,0,0,0,0,0
173,2017-04-19,09:01:26,855,cs1709,XDCE,1991,1984,1994,26538,528184920,808320,810518,2107,1907,2007,1997,0,1993,0,0,0,2017-04-19,32486855,1991,56,0,0,0,0,0,0,0,0,1992,147,0,0,0,0,0,0,0,0
174,2017-04-19,09:01:27,362,cs1709,XDCE,1992,1984,1994,26600,529419960,808286,810518,2107,1907,2007,1997,0,1993,0,0,0,2017-04-19,32487362,1991,75,0,0,0,0,0,0,0,0,1992,87,0,0,0,0,0,0,0,0
175,2017-04-19,09:01:27,847,cs1709,XDCE,1991,1984,1994,26612,529658880,808286,810518,2107,1907,2007,1997,0,1993,0,0,0,2017-04-19,32487847,1991,69,0,0,0,0,0,0,0,0,1992,77,0,0,0,0,0,0,0,0
176,2017-04-19,09:01:28,342,cs1709,XDCE,1991,1984,1994,26614,529698700,808286,810518,2107,1907,2007,1997,0,1993,0,0,0,2017-04-19,32488342,1991,68,0,0,0,0,0,0,0,0,1992,104,0,0,0,0,0,0,0,0
177,2017-04-19,09:01:28,856,cs1709,XDCE,1992,1984,1994,26822,533842060,808244,810518,2107,1907,2007,1997,0,1993,0,0,0,2017-04-19,32488856,1992,97,0,0,0,0,0,0,0,0,1993,289,0,0,0,0,0,0,0,0
178,2017-04-19,09:01:29,355,cs1709,XDCE,1992,1984,1994,26824,533881900,808244,810518,2107,1907,2007,1997,0,1993,0,0,0,2017-04-19,32489355,1992,117,0,0,0,0,0,0,0,0,1993,288,0,0,0,0,0,0,0,0
179,2017-04-19,09:01:29,853,cs1709,XDCE,1992,1984,1994,27058,538543180,808254,810518,2107,1907,2007,1997,0,1993,0,0,0,2017-04-19,32489853,1991,108,0,0,0,0,0,0,0,0,1992,83,0,0,0,0,0,0,0,0
180,2017-04-19,09:01:30,356,cs1709,XDCE,1991,1984,1994,27062,538622820,808250,810518,2107,1907,2007,1997,0,1993,0,0,0,2017-04-19,32490356,1991,96,0,0,0,0,0,0,0,0,1992,101,0,0,0,0,0,0,0,0
181,2017-04-19,09:01:30,839,cs1709,XDCE,1991,1984,1994,27062,538622820,808250,810518,2107,1907,2007,1997,0,1993,0,0,0,2017-04-19,32490839,1991,92,0,0,0,0,0,0,0,0,1992,118,0,0,0,0,0,0,0,0
182,2017-04-19,09:01:31,347,cs1709,XDCE,1992,1984,1994,27064,538662660,808248,810518,2107,1907,2007,1997,0,1993,0,0,0,2017-04-19,32491347,1991,94,0,0,0,0,0,0,0,0,1992,115,0,0,0,0,0,0,0,0
183,2017-04-19,09:01:31,848,cs1709,XDCE,1991,1984,1994,27088,539140500,808248,810518,2107,1907,2007,1997,0,1993,0,0,0,2017-04-19,32491848,1991,82,0,0,0,0,0,0,0,0,1992,121,0,0,0,0,0,0,0,0
184,2017-04-19,09:01:32,356,cs1709,XDCE,1992,1984,1994,27342,544200160,808058,810518,2107,1907,2007,1997,0,1993,0,0,0,2017-04-19,32492356,1992,79,0,0,0,0,0,0,0,0,1993,322,0,0,0,0,0,0,0,0
185,2017-04-19,09:01:32,846,cs1709,XDCE,1992,1984,1994,27362,544598560,808038,810518,2107,1907,2007,1997,0,1993,0,0,0,2017-04-19,32492846,1992,111,0,0,0,0,0,0,0,0,1993,321,0,0,0,0,0,0,0,0
186,2017-04-19,09:01:33,353,cs1709,XDCE,1992,1984,1994,27456,546471660,807962,810518,2107,1907,2007,1997,0,1993,0,0,0,2017-04-19,32493353,1992,128,0,0,0,0,0,0,0,0,1993,301,0,0,0,0,0,0,0,0
187,2017-04-19,09:01:33,862,cs1709,XDCE,1992,1984,1994,27468,546710700,807950,810518,2107,1907,2007,1997,0,1993,0,0,0,2017-04-19,32493862,1992,126,0,0,0,0,0,0,0,0,1993,307,0,0,0,0,0,0,0,0
188,2017-04-19,09:01:34,245,cs1709,XDCE,1992,1984,1994,27470,546750540,807948,810518,2107,1907,2007,1997,0,1993,0,0,0,2017-04-19,32494245,1992,126,0,0,0,0,0,0,0,0,1993,310,0,0,0,0,0,0,0,0
189,2017-04-19,09:01:34,857,cs1709,XDCE,1992,1984,1994,27472,546790380,807948,810518,2107,1907,2007,1997,0,1993,0,0,0,2017-04-19,32494857,1992,125,0,0,0,0,0,0,0,0,1993,275,0,0,0,0,0,0,0,0
190,2017-04-19,09:01:35,360,cs1709,XDCE,1992,1984,1994,27480,546949740,807948,810518,2107,1907,2007,1997,0,1993,0,0,0,2017-04-19,32495360,1992,136,0,0,0,0,0,0,0,0,1993,281,0,0,0,0,0,0,0,0
191,2017-04-19,09:01:35,847,cs1709,XDCE,1992,1984,1994,27490,547148940,807948,810518,2107,1907,2007,1997,0,1993,0,0,0,2017-04-19,32495847,1992,123,0,0,0,0,0,0,0,0,1993,286,0,0,0,0,0,0,0,0
192,2017-04-19,09:01:36,320,cs1709,XDCE,1992,1984,1994,27530,547945740,807948,810518,2107,1907,2007,1997,0,1993,0,0,0,2017-04-19,32496320,1992,105,0,0,0,0,0,0,0,0,1993,296,0,0,0,0,0,0,0,0
193,2017-04-19,09:01:36,859,cs1709,XDCE,1992,1984,1994,27604,549419820,807916,810518,2107,1907,2007,1997,0,1993,0,0,0,2017-04-19,32496859,1992,68,0,0,0,0,0,0,0,0,1993,295,0,0,0,0,0,0,0,0
194,2017-04-19,09:01:37,354,cs1709,XDCE,1992,1984,1994,27604,549419820,807916,810518,2107,1907,2007,1997,0,1993,0,0,0,2017-04-19,32497354,1992,77,0,0,0,0,0,0,0,0,1993,310,0,0,0,0,0,0,0,0
195,2017-04-19,09:01:37,849,cs1709,XDCE,1993,1984,1994,27664,550615500,807900,810518,2107,1907,2007,1997,0,1993,0,0,0,2017-04-19,32497849,1992,71,0,0,0,0,0,0,0,0,1993,298,0,0,0,0,0,0,0,0
196,2017-04-19,09:01:38,349,cs1709,XDCE,1993,1984,1994,27726,551850560,807876,810518,2107,1907,2007,1997,0,1993,0,0,0,2017-04-19,32498349,1992,42,0,0,0,0,0,0,0,0,1993,297,0,0,0,0,0,0,0,0
197,2017-04-19,09:01:38,847,cs1709,XDCE,1993,1984,1994,27756,552448460,807876,810518,2107,1907,2007,1997,0,1993,0,0,0,2017-04-19,32498847,1992,106,0,0,0,0,0,0,0,0,1993,274,0,0,0,0,0,0,0,0
198,2017-04-19,09:01:39,357,cs1709,XDCE,1992,1984,1994,27968,556671500,808060,810518,2107,1907,2007,1997,0,1993,0,0,0,2017-04-19,32499357,1992,1,0,0,0,0,0,0,0,0,1993,287,0,0,0,0,0,0,0,0
199,2017-04-19,09:01:39,848,cs1709,XDCE,1993,1984,1994,28046,558225960,808006,810518,2107,1907,2007,1997,0,1993,0,0,0,2017-04-19,32499848,1992,24,0,0,0,0,0,0,0,0,1993,253,0,0,0,0,0,0,0,0
200,2017-04-19,09:01:40,349,cs1709,XDCE,1992,1984,1994,28052,558345480,808010,810518,2107,1907,2007,1997,0,1993,0,0,0,2017-04-19,32500349,1992,38,0,0,0,0,0,0,0,0,1993,253,0,0,0,0,0,0,0,0
201,2017-04-19,09:01:40,858,cs1709,XDCE,1993,1984,1994,28054,558385340,808008,810518,2107,1907,2007,1997,0,1993,0,0,0,2017-04-19,32500858,1992,142,0,0,0,0,0,0,0,0,1993,245,0,0,0,0,0,0,0,0
202,2017-04-19,09:01:41,353,cs1709,XDCE,1992,1984,1994,28788,573012620,807696,810518,2107,1907,2007,1997,0,1993,0,0,0,2017-04-19,32501353,1992,112,0,0,0,0,0,0,0,0,1994,139,0,0,0,0,0,0,0,0
203,2017-04-19,09:01:41,858,cs1709,XDCE,1993,1984,1994,28800,573251840,807698,810518,2107,1907,2007,1997,0,1993,0,0,0,2017-04-19,32501858,1993,11,0,0,0,0,0,0,0,0,1994,141,0,0,0,0,0,0,0,0
204,2017-04-19,09:01:42,357,cs1709,XDCE,1993,1984,1994,28842,574089040,807710,810518,2107,1907,2007,1997,0,1993,0,0,0,2017-04-19,32502357,1993,6,0,0,0,0,0,0,0,0,1994,133,0,0,0,0,0,0,0,0
205,2017-04-19,09:01:42,858,cs1709,XDCE,1992,1984,1994,29156,580344140,807908,810518,2107,1907,2007,1997,0,1993,0,0,0,2017-04-19,32502858,1991,289,0,0,0,0,0,0,0,0,1993,203,0,0,0,0,0,0,0,0
206,2017-04-19,09:01:43,269,cs1709,XDCE,1992,1984,1994,29156,580344140,807908,810518,2107,1907,2007,1997,0,1993,0,0,0,2017-04-19,32503269,1992,10,0,0,0,0,0,0,0,0,1993,242,0,0,0,0,0,0,0,0
207,2017-04-19,09:01:43,862,cs1709,XDCE,1992,1984,1994,29162,580463660,807914,810518,2107,1907,2007,1997,0,1993,0,0,0,2017-04-19,32503862,1992,7,0,0,0,0,0,0,0,0,1993,254,0,0,0,0,0,0,0,0
208,2017-04-19,09:01:44,351,cs1709,XDCE,1992,1984,1994,29162,580463660,807914,810518,2107,1907,2007,1997,0,1993,0,0,0,2017-04-19,32504351,1992,80,0,0,0,0,0,0,0,0,1993,254,0,0,0,0,0,0,0,0
209,2017-04-19,09:01:44,764,cs1709,XDCE,1993,1984,1994,29168,580583200,807920,810518,2107,1907,2007,1997,0,1993,0,0,0,2017-04-19,32504764,1992,79,0,0,0,0,0,0,0,0,1993,241,0,0,0,0,0,0,0,0
210,2017-04-19,09:01:45,341,cs1709,XDCE,1992,1984,1994,29170,580623040,807920,810518,2107,1907,2007,1997,0,1993,0,0,0,2017-04-19,32505341,1992,78,0,0,0,0,0,0,0,0,1993,251,0,0,0,0,0,0,0,0
211,2017-04-19,09:01:45,848,cs1709,XDCE,1992,1984,1994,29174,580702740,807922,810518,2107,1907,2007,1997,0,1993,0,0,0,2017-04-19,32505848,1992,77,0,0,0,0,0,0,0,0,1993,257,0,0,0,0,0,0,0,0
212,2017-04-19,09:01:46,360,cs1709,XDCE,1992,1984,1994,29176,580742580,807922,810518,2107,1907,2007,1997,0,1993,0,0,0,2017-04-19,32506360,1992,76,0,0,0,0,0,0,0,0,1993,262,0,0,0,0,0,0,0,0
213,2017-04-19,09:01:46,716,cs1709,XDCE,1992,1984,1994,29176,580742580,807922,810518,2107,1907,2007,1997,0,1993,0,0,0,2017-04-19,32506716,1992,76,0,0,0,0,0,0,0,0,1993,274,0,0,0,0,0,0,0,0
214,2017-04-19,09:01:47,348,cs1709,XDCE,1993,1984,1994,29178,580782440,807922,810518,2107,1907,2007,1997,0,1993,0,0,0,2017-04-19,32507348,1992,137,0,0,0,0,0,0,0,0,1993,283,0,0,0,0,0,0,0,0
215,2017-04-19,09:01:47,847,cs1709,XDCE,1993,1984,1994,29460,586399900,807812,810518,2107,1907,2007,1997,0,1993,0,0,0,2017-04-19,32507847,1991,295,0,0,0,0,0,0,0,0,1993,282,0,0,0,0,0,0,0,0
216,2017-04-19,09:01:48,360,cs1709,XDCE,1993,1984,1994,29460,586399900,807812,810518,2107,1907,2007,1997,0,1993,0,0,0,2017-04-19,32508360,1991,295,0,0,0,0,0,0,0,0,1992,14,0,0,0,0,0,0,0,0
217,2017-04-19,09:01:48,847,cs1709,XDCE,1993,1984,1994,29460,586399900,807812,810518,2107,1907,2007,1997,0,1993,0,0,0,2017-04-19,32508847,1991,285,0,0,0,0,0,0,0,0,1992,35,0,0,0,0,0,0,0,0
218,2017-04-19,09:01:49,348,cs1709,XDCE,1991,1984,1994,29462,586439720,807812,810518,2107,1907,2007,1997,0,1993,0,0,0,2017-04-19,32509348,1991,285,0,0,0,0,0,0,0,0,1992,139,0,0,0,0,0,0,0,0
219,2017-04-19,09:01:49,852,cs1709,XDCE,1992,1984,1994,29758,592335800,807920,810518,2107,1907,2007,1997,0,1993,0,0,0,2017-04-19,32509852,1992,60,0,0,0,0,0,0,0,0,1993,253,0,0,0,0,0,0,0,0
220,2017-04-19,09:01:50,351,cs1709,XDCE,1993,1984,1994,29760,592375660,807922,810518,2107,1907,2007,1997,0,1993,0,0,0,2017-04-19,32510351,1992,59,0,0,0,0,0,0,0,0,1993,252,0,0,0,0,0,0,0,0
221,2017-04-19,09:01:50,786,cs1709,XDCE,1992,1984,1994,29878,594726220,808012,810518,2107,1907,2007,1997,0,1993,0,0,0,2017-04-19,32510786,1991,217,0,0,0,0,0,0,0,0,1992,64,0,0,0,0,0,0,0,0
222,2017-04-19,09:01:51,352,cs1709,XDCE,1992,1984,1994,29878,594726220,808012,810518,2107,1907,2007,1997,0,1993,0,0,0,2017-04-19,32511352,1991,202,0,0,0,0,0,0,0,0,1992,64,0,0,0,0,0,0,0,0
223,2017-04-19,09:01:51,854,cs1709,XDCE,1992,1984,1994,29878,594726220,808012,810518,2107,1907,2007,1997,0,1993,0,0,0,2017-04-19,32511854,1991,202,0,0,0,0,0,0,0,0,1992,82,0,0,0,0,0,0,0,0
224,2017-04-19,09:01:52,361,cs1709,XDCE,1992,1984,1994,29878,594726220,808012,810518,2107,1907,2007,1997,0,1993,0,0,0,2017-04-19,32512361,1991,202,0,0,0,0,0,0,0,0,1992,87,0,0,0,0,0,0,0,0
225,2017-04-19,09:01:52,859,cs1709,XDCE,1992,1984,1994,29894,595044940,808004,810518,2107,1907,2007,1997,0,1993,0,0,0,2017-04-19,32512859,1991,203,0,0,0,0,0,0,0,0,1992,79,0,0,0,0,0,0,0,0
226,2017-04-19,09:01:53,356,cs1709,XDCE,1992,1984,1994,29894,595044940,808004,810518,2107,1907,2007,1997,0,1993,0,0,0,2017-04-19,32513356,1991,203,0,0,0,0,0,0,0,0,1992,80,0,0,0,0,0,0,0,0
227,2017-04-19,09:01:53,859,cs1709,XDCE,1992,1984,1994,29904,595244140,807994,810518,2107,1907,2007,1997,0,1993,0,0,0,2017-04-19,32513859,1991,211,0,0,0,0,0,0,0,0,1992,85,0,0,0,0,0,0,0,0
228,2017-04-19,09:01:54,348,cs1709,XDCE,1992,1984,1994,29958,596319560,807978,810518,2107,1907,2007,1997,0,1993,0,0,0,2017-04-19,32514348,1991,276,0,0,0,0,0,0,0,0,1992,71,0,0,0,0,0,0,0,0
229,2017-04-19,09:01:54,854,cs1709,XDCE,1992,1984,1994,30100,599148200,808078,810518,2107,1907,2007,1997,0,1993,0,0,0,2017-04-19,32514854,1992,50,0,0,0,0,0,0,0,0,1993,347,0,0,0,0,0,0,0,0
230,2017-04-19,09:01:55,340,cs1709,XDCE,1992,1984,1994,30120,599546600,808098,810518,2107,1907,2007,1997,0,1993,0,0,0,2017-04-19,32515340,1992,93,0,0,0,0,0,0,0,0,1993,347,0,0,0,0,0,0,0,0
231,2017-04-19,09:01:55,847,cs1709,XDCE,1992,1984,1994,30122,599586440,808098,810518,2107,1907,2007,1997,0,1993,0,0,0,2017-04-19,32515847,1992,228,0,0,0,0,0,0,0,0,1993,346,0,0,0,0,0,0,0,0
232,2017-04-19,09:01:56,325,cs1709,XDCE,1993,1984,1994,30126,599666160,808098,810518,2107,1907,2007,1997,0,1993,0,0,0,2017-04-19,32516325,1992,230,0,0,0,0,0,0,0,0,1993,345,0,0,0,0,0,0,0,0
233,2017-04-19,09:01:56,858,cs1709,XDCE,1993,1984,1994,30126,599666160,808098,810518,2107,1907,2007,1997,0,1993,0,0,0,2017-04-19,32516858,1992,223,0,0,0,0,0,0,0,0,1993,345,0,0,0,0,0,0,0,0
234,2017-04-19,09:01:57,347,cs1709,XDCE,1993,1984,1994,30126,599666160,808098,810518,2107,1907,2007,1997,0,1993,0,0,0,2017-04-19,32517347,1992,223,0,0,0,0,0,0,0,0,1993,352,0,0,0,0,0,0,0,0
235,2017-04-19,09:01:57,853,cs1709,XDCE,1993,1984,1994,30126,599666160,808098,810518,2107,1907,2007,1997,0,1993,0,0,0,2017-04-19,32517853,1992,223,0,0,0,0,0,0,0,0,1993,367,0,0,0,0,0,0,0,0
236,2017-04-19,09:01:58,338,cs1709,XDCE,1993,1984,1994,30126,599666160,808098,810518,2107,1907,2007,1997,0,1993,0,0,0,2017-04-19,32518338,1992,223,0,0,0,0,0,0,0,0,1993,366,0,0,0,0,0,0,0,0
237,2017-04-19,09:01:58,847,cs1709,XDCE,1993,1984,1994,30128,599706020,808100,810518,2107,1907,2007,1997,0,1993,0,0,0,2017-04-19,32518847,1992,223,0,0,0,0,0,0,0,0,1993,366,0,0,0,0,0,0,0,0
238,2017-04-19,09:01:59,309,cs1709,XDCE,1993,1984,1994,30128,599706020,808100,810518,2107,1907,2007,1997,0,1993,0,0,0,2017-04-19,32519309,1992,223,0,0,0,0,0,0,0,0,1993,367,0,0,0,0,0,0,0,0
239,2017-04-19,09:01:59,849,cs1709,XDCE,1992,1984,1994,30140,599945100,808108,810518,2107,1907,2007,1997,0,1993,0,0,0,2017-04-19,32519849,1992,219,0,0,0,0,0,0,0,0,1993,365,0,0,0,0,0,0,0,0
240,2017-04-19,09:02:00,347,cs1709,XDCE,1992,1984,1994,30144,600024780,808112,810518,2107,1907,2007,1997,0,1993,0,0,0,2017-04-19,32520347,1992,217,0,0,0,0,0,0,0,0,1993,366,0,0,0,0,0,0,0,0
241,2017-04-19,09:02:00,859,cs1709,XDCE,1992,1984,1994,30188,600901380,808142,810518,2107,1907,2007,1997,0,1993,0,0,0,2017-04-19,32520859,1992,181,0,0,0,0,0,0,0,0,1993,370,0,0,0,0,0,0,0,0
242,2017-04-19,09:02:01,325,cs1709,XDCE,1992,1984,1994,30198,601100580,808146,810518,2107,1907,2007,1997,0,1993,0,0,0,2017-04-19,32521325,1992,179,0,0,0,0,0,0,0,0,1993,370,0,0,0,0,0,0,0,0
243,2017-04-19,09:02:02,273,cs1709,XDCE,1992,1984,1994,30268,602495320,808194,810518,2107,1907,2007,1997,0,1993,0,0,0,2017-04-19,32522273,1992,161,0,0,0,0,0,0,0,0,1993,353,0,0,0,0,0,0,0,0
244,2017-04-19,09:02:02,860,cs1709,XDCE,1993,1984,1994,30274,602614860,808198,810518,2107,1907,2007,1997,0,1993,0,0,0,2017-04-19,32522860,1992,179,0,0,0,0,0,0,0,0,1993,354,0,0,0,0,0,0,0,0
245,2017-04-19,09:02:03,347,cs1709,XDCE,1993,1984,1994,30274,602614860,808198,810518,2107,1907,2007,1997,0,1993,0,0,0,2017-04-19,32523347,1992,180,0,0,0,0,0,0,0,0,1993,354,0,0,0,0,0,0,0,0
246,2017-04-19,09:02:03,848,cs1709,XDCE,1993,1984,1994,30274,602614860,808198,810518,2107,1907,2007,1997,0,1993,0,0,0,2017-04-19,32523848,1992,180,0,0,0,0,0,0,0,0,1993,355,0,0,0,0,0,0,0,0
247,2017-04-19,09:02:04,847,cs1709,XDCE,1993,1984,1994,30274,602614860,808198,810518,2107,1907,2007,1997,0,1993,0,0,0,2017-04-19,32524847,1992,181,0,0,0,0,0,0,0,0,1993,380,0,0,0,0,0,0,0,0
248,2017-04-19,09:02:05,357,cs1709,XDCE,1992,1984,1994,30292,602973460,808202,810518,2107,1907,2007,1997,0,1993,0,0,0,2017-04-19,32525357,1992,174,0,0,0,0,0,0,0,0,1993,367,0,0,0,0,0,0,0,0
249,2017-04-19,09:02:05,854,cs1709,XDCE,1993,1984,1994,30296,603053180,808206,810518,2107,1907,2007,1997,0,1993,0,0,0,2017-04-19,32525854,1992,174,0,0,0,0,0,0,0,0,1993,365,0,0,0,0,0,0,0,0
250,2017-04-19,09:02:06,338,cs1709,XDCE,1993,1984,1994,30296,603053180,808206,810518,2107,1907,2007,1997,0,1993,0,0,0,2017-04-19,32526338,1992,177,0,0,0,0,0,0,0,0,1993,365,0,0,0,0,0,0,0,0
251,2017-04-19,09:02:06,847,cs1709,XDCE,1993,1984,1994,30296,603053180,808206,810518,2107,1907,2007,1997,0,1993,0,0,0,2017-04-19,32526847,1992,181,0,0,0,0,0,0,0,0,1993,365,0,0,0,0,0,0,0,0
252,2017-04-19,09:02:07,271,cs1709,XDCE,1992,1984,1994,30298,603093020,808208,810518,2107,1907,2007,1997,0,1993,0,0,0,2017-04-19,32527271,1992,180,0,0,0,0,0,0,0,0,1993,365,0,0,0,0,0,0,0,0
253,2017-04-19,09:02:07,840,cs1709,XDCE,1992,1984,1994,30298,603093020,808208,810518,2107,1907,2007,1997,0,1993,0,0,0,2017-04-19,32527840,1992,180,0,0,0,0,0,0,0,0,1993,366,0,0,0,0,0,0,0,0
254,2017-04-19,09:02:08,303,cs1709,XDCE,1992,1984,1994,30304,603212540,808208,810518,2107,1907,2007,1997,0,1993,0,0,0,2017-04-19,32528303,1992,186,0,0,0,0,0,0,0,0,1993,364,0,0,0,0,0,0,0,0
255,2017-04-19,09:02:08,842,cs1709,XDCE,1993,1984,1994,30328,603690700,808232,810518,2107,1907,2007,1997,0,1993,0,0,0,2017-04-19,32528842,1992,178,0,0,0,0,0,0,0,0,1993,360,0,0,0,0,0,0,0,0
256,2017-04-19,09:02:09,331,cs1709,XDCE,1993,1984,1994,30332,603770420,808232,810518,2107,1907,2007,1997,0,1993,0,0,0,2017-04-19,32529331,1992,181,0,0,0,0,0,0,0,0,1993,358,0,0,0,0,0,0,0,0
257,2017-04-19,09:02:09,849,cs1709,XDCE,1993,1984,1994,30342,603969720,808238,810518,2107,1907,2007,1997,0,1993,0,0,0,2017-04-19,32529849,1992,181,0,0,0,0,0,0,0,0,1993,353,0,0,0,0,0,0,0,0
258,2017-04-19,09:02:10,848,cs1709,XDCE,1992,1984,1994,30354,604208860,808242,810518,2107,1907,2007,1997,0,1993,0,0,0,2017-04-19,32530848,1992,181,0,0,0,0,0,0,0,0,1993,352,0,0,0,0,0,0,0,0
259,2017-04-19,09:02:11,354,cs1709,XDCE,1993,1984,1994,30372,604567520,808248,810518,2107,1907,2007,1997,0,1993,0,0,0,2017-04-19,32531354,1992,177,0,0,0,0,0,0,0,0,1993,331,0,0,0,0,0,0,0,0
260,2017-04-19,09:02:11,830,cs1709,XDCE,1993,1984,1994,30372,604567520,808248,810518,2107,1907,2007,1997,0,1993,0,0,0,2017-04-19,32531830,1992,177,0,0,0,0,0,0,0,0,1993,349,0,0,0,0,0,0,0,0
261,2017-04-19,09:02:12,349,cs1709,XDCE,1993,1984,1994,30372,604567520,808248,810518,2107,1907,2007,1997,0,1993,0,0,0,2017-04-19,32532349,1992,185,0,0,0,0,0,0,0,0,1993,349,0,0,0,0,0,0,0,0
262,2017-04-19,09:02:12,754,cs1709,XDCE,1993,1984,1994,30374,604607380,808248,810518,2107,1907,2007,1997,0,1993,0,0,0,2017-04-19,32532754,1992,185,0,0,0,0,0,0,0,0,1993,349,0,0,0,0,0,0,0,0
263,2017-04-19,09:02:13,354,cs1709,XDCE,1993,1984,1994,30374,604607380,808248,810518,2107,1907,2007,1997,0,1993,0,0,0,2017-04-19,32533354,1992,185,0,0,0,0,0,0,0,0,1993,365,0,0,0,0,0,0,0,0
264,2017-04-19,09:02:13,846,cs1709,XDCE,1993,1984,1994,30390,604926260,808264,810518,2107,1907,2007,1997,0,1993,0,0,0,2017-04-19,32533846,1992,185,0,0,0,0,0,0,0,0,1993,357,0,0,0,0,0,0,0,0
265,2017-04-19,09:02:14,362,cs1709,XDCE,1992,1984,1994,30392,604966100,808264,810518,2107,1907,2007,1997,0,1993,0,0,0,2017-04-19,32534362,1992,185,0,0,0,0,0,0,0,0,1993,357,0,0,0,0,0,0,0,0
266,2017-04-19,09:02:14,823,cs1709,XDCE,1992,1984,1994,30440,605922540,808312,810518,2107,1907,2007,1997,0,1993,0,0,0,2017-04-19,32534823,1992,175,0,0,0,0,0,0,0,0,1993,343,0,0,0,0,0,0,0,0
267,2017-04-19,09:02:15,817,cs1709,XDCE,1992,1984,1994,30502,607157600,808290,810518,2107,1907,2007,1997,0,1993,0,0,0,2017-04-19,32535817,1992,145,0,0,0,0,0,0,0,0,1993,342,0,0,0,0,0,0,0,0
268,2017-04-19,09:02:16,352,cs1709,XDCE,1992,1984,1994,30790,612894560,808092,810518,2107,1907,2007,1997,0,1993,0,0,0,2017-04-19,32536352,1991,368,0,0,0,0,0,0,0,0,1993,352,0,0,0,0,0,0,0,0
269,2017-04-19,09:02:16,856,cs1709,XDCE,1992,1984,1994,30800,613093740,808092,810518,2107,1907,2007,1997,0,1993,0,0,0,2017-04-19,32536856,1991,367,0,0,0,0,0,0,0,0,1992,158,0,0,0,0,0,0,0,0
270,2017-04-19,09:02:17,182,cs1709,XDCE,1992,1984,1994,30848,614049900,808140,810518,2107,1907,2007,1997,0,1993,0,0,0,2017-04-19,32537182,1991,367,0,0,0,0,0,0,0,0,1992,136,0,0,0,0,0,0,0,0
271,2017-04-19,09:02:17,850,cs1709,XDCE,1992,1984,1994,30850,614089740,808142,810518,2107,1907,2007,1997,0,1993,0,0,0,2017-04-19,32537850,1991,367,0,0,0,0,0,0,0,0,1992,138,0,0,0,0,0,0,0,0
272,2017-04-19,09:02:18,328,cs1709,XDCE,1992,1984,1994,30850,614089740,808142,810518,2107,1907,2007,1997,0,1993,0,0,0,2017-04-19,32538328,1991,367,0,0,0,0,0,0,0,0,1992,140,0,0,0,0,0,0,0,0
273,2017-04-19,09:02:18,848,cs1709,XDCE,1992,1984,1994,31132,619707180,808380,810518,2107,1907,2007,1997,0,1993,0,0,0,2017-04-19,32538848,1992,6,0,0,0,0,0,0,0,0,1993,349,0,0,0,0,0,0,0,0
274,2017-04-19,09:02:19,348,cs1709,XDCE,1992,1984,1994,31160,620264940,808376,810518,2107,1907,2007,1997,0,1993,0,0,0,2017-04-19,32539348,1992,11,0,0,0,0,0,0,0,0,1993,349,0,0,0,0,0,0,0,0
275,2017-04-19,09:02:19,847,cs1709,XDCE,1992,1984,1994,31160,620264940,808376,810518,2107,1907,2007,1997,0,1993,0,0,0,2017-04-19,32539847,1992,15,0,0,0,0,0,0,0,0,1993,351,0,0,0,0,0,0,0,0
276,2017-04-19,09:02:20,334,cs1709,XDCE,1992,1984,1994,31160,620264940,808376,810518,2107,1907,2007,1997,0,1993,0,0,0,2017-04-19,32540334,1992,25,0,0,0,0,0,0,0,0,1993,351,0,0,0,0,0,0,0,0
277,2017-04-19,09:02:20,854,cs1709,XDCE,1992,1984,1994,31180,620663360,808378,810518,2107,1907,2007,1997,0,1993,0,0,0,2017-04-19,32540854,1992,25,0,0,0,0,0,0,0,0,1993,350,0,0,0,0,0,0,0,0
278,2017-04-19,09:02:21,355,cs1709,XDCE,1992,1984,1994,31180,620663360,808378,810518,2107,1907,2007,1997,0,1993,0,0,0,2017-04-19,32541355,1992,25,0,0,0,0,0,0,0,0,1993,354,0,0,0,0,0,0,0,0
279,2017-04-19,09:02:21,860,cs1709,XDCE,1992,1984,1994,31186,620782880,808382,810518,2107,1907,2007,1997,0,1993,0,0,0,2017-04-19,32541860,1992,125,0,0,0,0,0,0,0,0,1993,354,0,0,0,0,0,0,0,0
280,2017-04-19,09:02:22,846,cs1709,XDCE,1992,1984,1994,31188,620822720,808382,810518,2107,1907,2007,1997,0,1993,0,0,0,2017-04-19,32542846,1992,124,0,0,0,0,0,0,0,0,1993,355,0,0,0,0,0,0,0,0
281,2017-04-19,09:02:23,348,cs1709,XDCE,1992,1984,1994,31190,620862560,808380,810518,2107,1907,2007,1997,0,1993,0,0,0,2017-04-19,32543348,1992,123,0,0,0,0,0,0,0,0,1993,357,0,0,0,0,0,0,0,0
282,2017-04-19,09:02:23,837,cs1709,XDCE,1993,1984,1994,31212,621301020,808402,810518,2107,1907,2007,1997,0,1993,0,0,0,2017-04-19,32543837,1992,121,0,0,0,0,0,0,0,0,1993,346,0,0,0,0,0,0,0,0
283,2017-04-19,09:02:24,856,cs1709,XDCE,1993,1984,1994,31212,621301020,808402,810518,2107,1907,2007,1997,0,1993,0,0,0,2017-04-19,32544856,1992,122,0,0,0,0,0,0,0,0,1993,346,0,0,0,0,0,0,0,0
284,2017-04-19,09:02:25,347,cs1709,XDCE,1992,1984,1994,31224,621540060,808396,810518,2107,1907,2007,1997,0,1993,0,0,0,2017-04-19,32545347,1992,116,0,0,0,0,0,0,0,0,1993,346,0,0,0,0,0,0,0,0
285,2017-04-19,09:02:25,850,cs1709,XDCE,1993,1984,1994,31234,621739360,808406,810518,2107,1907,2007,1997,0,1993,0,0,0,2017-04-19,32545850,1992,118,0,0,0,0,0,0,0,0,1993,339,0,0,0,0,0,0,0,0
286,2017-04-19,09:02:26,361,cs1709,XDCE,1993,1984,1994,31234,621739360,808406,810518,2107,1907,2007,1997,0,1993,0,0,0,2017-04-19,32546361,1992,218,0,0,0,0,0,0,0,0,1993,339,0,0,0,0,0,0,0,0
287,2017-04-19,09:02:26,851,cs1709,XDCE,1992,1984,1994,31250,622058080,808408,810518,2107,1907,2007,1997,0,1993,0,0,0,2017-04-19,32546851,1992,210,0,0,0,0,0,0,0,0,1993,329,0,0,0,0,0,0,0,0
288,2017-04-19,09:02:27,348,cs1709,XDCE,1992,1984,1994,31496,626958420,808190,810518,2107,1907,2007,1997,0,1993,0,0,0,2017-04-19,32547348,1992,90,0,0,0,0,0,0,0,0,1993,338,0,0,0,0,0,0,0,0
289,2017-04-19,09:02:27,847,cs1709,XDCE,1993,1984,1994,31500,627038140,808194,810518,2107,1907,2007,1997,0,1993,0,0,0,2017-04-19,32547847,1992,91,0,0,0,0,0,0,0,0,1993,336,0,0,0,0,0,0,0,0
290,2017-04-19,09:02:28,353,cs1709,XDCE,1993,1984,1994,31522,627476600,808194,810518,2107,1907,2007,1997,0,1993,0,0,0,2017-04-19,32548353,1992,91,0,0,0,0,0,0,0,0,1993,325,0,0,0,0,0,0,0,0
291,2017-04-19,09:02:28,656,cs1709,XDCE,1992,1984,1994,31528,627596120,808194,810518,2107,1907,2007,1997,0,1993,0,0,0,2017-04-19,32548656,1992,88,0,0,0,0,0,0,0,0,1993,325,0,0,0,0,0,0,0,0
292,2017-04-19,09:02:29,351,cs1709,XDCE,1992,1984,1994,31530,627635960,808192,810518,2107,1907,2007,1997,0,1993,0,0,0,2017-04-19,32549351,1992,97,0,0,0,0,0,0,0,0,1993,325,0,0,0,0,0,0,0,0
293,2017-04-19,09:02:29,861,cs1709,XDCE,1993,1984,1994,31532,627675820,808192,810518,2107,1907,2007,1997,0,1993,0,0,0,2017-04-19,32549861,1992,107,0,0,0,0,0,0,0,0,1993,324,0,0,0,0,0,0,0,0
294,2017-04-19,09:02:30,356,cs1709,XDCE,1992,1984,1994,31538,627795340,808186,810518,2107,1907,2007,1997,0,1993,0,0,0,2017-04-19,32550356,1992,128,0,0,0,0,0,0,0,0,1993,324,0,0,0,0,0,0,0,0
295,2017-04-19,09:02:30,596,cs1709,XDCE,1992,1984,1994,31538,627795340,808186,810518,2107,1907,2007,1997,0,1993,0,0,0,2017-04-19,32550596,1992,128,0,0,0,0,0,0,0,0,1993,327,0,0,0,0,0,0,0,0
296,2017-04-19,09:02:31,347,cs1709,XDCE,1992,1984,1994,31546,627954700,808184,810518,2107,1907,2007,1997,0,1993,0,0,0,2017-04-19,32551347,1992,125,0,0,0,0,0,0,0,0,1993,327,0,0,0,0,0,0,0,0
297,2017-04-19,09:02:31,545,cs1709,XDCE,1992,1984,1994,31626,629548300,808184,810518,2107,1907,2007,1997,0,1993,0,0,0,2017-04-19,32551545,1992,85,0,0,0,0,0,0,0,0,1993,327,0,0,0,0,0,0,0,0
298,2017-04-19,09:02:32,359,cs1709,XDCE,1992,1984,1994,31840,633811460,808068,810518,2107,1907,2007,1997,0,1993,0,0,0,2017-04-19,32552359,1991,307,0,0,0,0,0,0,0,0,1992,62,0,0,0,0,0,0,0,0
299,2017-04-19,09:02:32,856,cs1709,XDCE,1992,1984,1994,31840,633811460,808068,810518,2107,1907,2007,1997,0,1993,0,0,0,2017-04-19,32552856,1991,308,0,0,0,0,0,0,0,0,1992,158,0,0,0,0,0,0,0,0
300,2017-04-19,09:02:33,359,cs1709,XDCE,1992,1984,1994,31842,633851300,808066,810518,2107,1907,2007,1997,0,1993,0,0,0,2017-04-19,32553359,1991,308,0,0,0,0,0,0,0,0,1992,179,0,0,0,0,0,0,0,0
301,2017-04-19,09:02:33,855,cs1709,XDCE,1991,1984,1994,31844,633891120,808066,810518,2107,1907,2007,1997,0,1993,0,0,0,2017-04-19,32553855,1991,200,0,0,0,0,0,0,0,0,1992,182,0,0,0,0,0,0,0,0
302,2017-04-19,09:02:34,354,cs1709,XDCE,1992,1984,1994,31846,633930960,808064,810518,2107,1907,2007,1997,0,1993,0,0,0,2017-04-19,32554354,1991,200,0,0,0,0,0,0,0,0,1992,203,0,0,0,0,0,0,0,0
303,2017-04-19,09:02:34,839,cs1709,XDCE,1992,1984,1994,31902,635046040,808094,810518,2107,1907,2007,1997,0,1993,0,0,0,2017-04-19,32554839,1991,153,0,0,0,0,0,0,0,0,1992,220,0,0,0,0,0,0,0,0
304,2017-04-19,09:02:35,309,cs1709,XDCE,1991,1984,1994,31966,636320480,808088,810518,2107,1907,2007,1997,0,1993,0,0,0,2017-04-19,32555309,1991,131,0,0,0,0,0,0,0,0,1992,182,0,0,0,0,0,0,0,0
305,2017-04-19,09:02:35,851,cs1709,XDCE,1991,1984,1994,32568,648308360,808108,810518,2107,1907,2007,1997,0,1993,0,0,0,2017-04-19,32555851,1990,182,0,0,0,0,0,0,0,0,1991,73,0,0,0,0,0,0,0,0
306,2017-04-19,09:02:36,349,cs1709,XDCE,1991,1984,1994,32780,652529280,808200,810518,2107,1907,2007,1997,0,1993,0,0,0,2017-04-19,32556349,1990,182,0,0,0,0,0,0,0,0,1992,302,0,0,0,0,0,0,0,0
307,2017-04-19,09:02:36,860,cs1709,XDCE,1991,1984,1994,32790,652728380,808200,810518,2107,1907,2007,1997,0,1993,0,0,0,2017-04-19,32556860,1991,96,0,0,0,0,0,0,0,0,1992,302,0,0,0,0,0,0,0,0
308,2017-04-19,09:02:37,263,cs1709,XDCE,1991,1984,1994,32800,652927500,808198,810518,2107,1907,2007,1997,0,1993,0,0,0,2017-04-19,32557263,1991,93,0,0,0,0,0,0,0,0,1992,296,0,0,0,0,0,0,0,0
309,2017-04-19,09:02:37,853,cs1709,XDCE,1992,1984,1994,32808,653086840,808192,810518,2107,1907,2007,1997,0,1993,0,0,0,2017-04-19,32557853,1991,94,0,0,0,0,0,0,0,0,1992,293,0,0,0,0,0,0,0,0
310,2017-04-19,09:02:38,334,cs1709,XDCE,1992,1984,1994,32808,653086840,808192,810518,2107,1907,2007,1997,0,1993,0,0,0,2017-04-19,32558334,1991,95,0,0,0,0,0,0,0,0,1992,304,0,0,0,0,0,0,0,0
311,2017-04-19,09:02:38,726,cs1709,XDCE,1992,1984,1994,32808,653086840,808192,810518,2107,1907,2007,1997,0,1993,0,0,0,2017-04-19,32558726,1991,95,0,0,0,0,0,0,0,0,1992,307,0,0,0,0,0,0,0,0
312,2017-04-19,09:02:39,845,cs1709,XDCE,1991,1984,1994,32810,653126660,808192,810518,2107,1907,2007,1997,0,1993,0,0,0,2017-04-19,32559845,1991,94,0,0,0,0,0,0,0,0,1992,307,0,0,0,0,0,0,0,0
313,2017-04-19,09:02:40,232,cs1709,XDCE,1992,1984,1994,32816,653246140,808188,810518,2107,1907,2007,1997,0,1993,0,0,0,2017-04-19,32560232,1991,92,0,0,0,0,0,0,0,0,1992,307,0,0,0,0,0,0,0,0
314,2017-04-19,09:02:40,849,cs1709,XDCE,1991,1984,1994,32822,653365600,808188,810518,2107,1907,2007,1997,0,1993,0,0,0,2017-04-19,32560849,1991,89,0,0,0,0,0,0,0,0,1992,309,0,0,0,0,0,0,0,0
315,2017-04-19,09:02:41,348,cs1709,XDCE,1991,1984,1994,33006,657029080,808114,810518,2107,1907,2007,1997,0,1993,0,0,0,2017-04-19,32561348,1990,190,0,0,0,0,0,0,0,0,1992,313,0,0,0,0,0,0,0,0
316,2017-04-19,09:02:41,850,cs1709,XDCE,1991,1984,1994,33006,657029080,808114,810518,2107,1907,2007,1997,0,1993,0,0,0,2017-04-19,32561850,1990,190,0,0,0,0,0,0,0,0,1991,28,0,0,0,0,0,0,0,0
317,2017-04-19,09:02:42,298,cs1709,XDCE,1990,1984,1994,33016,657228080,808114,810518,2107,1907,2007,1997,0,1993,0,0,0,2017-04-19,32562298,1990,185,0,0,0,0,0,0,0,0,1991,82,0,0,0,0,0,0,0,0
318,2017-04-19,09:02:42,847,cs1709,XDCE,1990,1984,1994,33032,657546580,808118,810518,2107,1907,2007,1997,0,1993,0,0,0,2017-04-19,32562847,1990,182,0,0,0,0,0,0,0,0,1991,108,0,0,0,0,0,0,0,0
319,2017-04-19,09:02:43,279,cs1709,XDCE,1990,1984,1994,33044,657785380,808130,810518,2107,1907,2007,1997,0,1993,0,0,0,2017-04-19,32563279,1990,176,0,0,0,0,0,0,0,0,1991,108,0,0,0,0,0,0,0,0
320,2017-04-19,09:02:43,861,cs1709,XDCE,1990,1984,1994,33076,658422380,808142,810518,2107,1907,2007,1997,0,1993,0,0,0,2017-04-19,32563861,1990,170,0,0,0,0,0,0,0,0,1991,100,0,0,0,0,0,0,0,0
321,2017-04-19,09:02:44,265,cs1709,XDCE,1990,1984,1994,33076,658422380,808142,810518,2107,1907,2007,1997,0,1993,0,0,0,2017-04-19,32564265,1990,180,0,0,0,0,0,0,0,0,1991,101,0,0,0,0,0,0,0,0
322,2017-04-19,09:02:44,755,cs1709,XDCE,1990,1984,1994,33080,658501980,808144,810518,2107,1907,2007,1997,0,1993,0,0,0,2017-04-19,32564755,1990,182,0,0,0,0,0,0,0,0,1991,101,0,0,0,0,0,0,0,0
323,2017-04-19,09:02:45,345,cs1709,XDCE,1990,1984,1994,33082,658541780,808146,810518,2107,1907,2007,1997,0,1993,0,0,0,2017-04-19,32565345,1990,188,0,0,0,0,0,0,0,0,1991,102,0,0,0,0,0,0,0,0
324,2017-04-19,09:02:45,848,cs1709,XDCE,1990,1984,1994,33118,659258340,808164,810518,2107,1907,2007,1997,0,1993,0,0,0,2017-04-19,32565848,1990,181,0,0,0,0,0,0,0,0,1991,102,0,0,0,0,0,0,0,0
325,2017-04-19,09:02:46,282,cs1709,XDCE,1990,1984,1994,33120,659298140,808166,810518,2107,1907,2007,1997,0,1993,0,0,0,2017-04-19,32566282,1990,180,0,0,0,0,0,0,0,0,1991,102,0,0,0,0,0,0,0,0
326,2017-04-19,09:02:46,857,cs1709,XDCE,1991,1984,1994,33124,659377780,808170,810518,2107,1907,2007,1997,0,1993,0,0,0,2017-04-19,32566857,1990,181,0,0,0,0,0,0,0,0,1991,100,0,0,0,0,0,0,0,0
327,2017-04-19,09:02:47,271,cs1709,XDCE,1990,1984,1994,33130,659497220,808176,810518,2107,1907,2007,1997,0,1993,0,0,0,2017-04-19,32567271,1990,191,0,0,0,0,0,0,0,0,1991,104,0,0,0,0,0,0,0,0
328,2017-04-19,09:02:47,822,cs1709,XDCE,1990,1984,1994,33130,659497220,808176,810518,2107,1907,2007,1997,0,1993,0,0,0,2017-04-19,32567822,1990,192,0,0,0,0,0,0,0,0,1991,104,0,0,0,0,0,0,0,0
329,2017-04-19,09:02:48,347,cs1709,XDCE,1991,1984,1994,33136,659616680,808172,810518,2107,1907,2007,1997,0,1993,0,0,0,2017-04-19,32568347,1990,193,0,0,0,0,0,0,0,0,1991,101,0,0,0,0,0,0,0,0
330,2017-04-19,09:02:48,825,cs1709,XDCE,1990,1984,1994,33140,659696280,808174,810518,2107,1907,2007,1997,0,1993,0,0,0,2017-04-19,32568825,1990,192,0,0,0,0,0,0,0,0,1991,101,0,0,0,0,0,0,0,0
331,2017-04-19,09:02:49,323,cs1709,XDCE,1990,1984,1994,33142,659736080,808176,810518,2107,1907,2007,1997,0,1993,0,0,0,2017-04-19,32569323,1990,196,0,0,0,0,0,0,0,0,1991,101,0,0,0,0,0,0,0,0
332,2017-04-19,09:02:49,861,cs1709,XDCE,1991,1984,1994,33154,659974980,808168,810518,2107,1907,2007,1997,0,1993,0,0,0,2017-04-19,32569861,1990,195,0,0,0,0,0,0,0,0,1991,94,0,0,0,0,0,0,0,0
333,2017-04-19,09:02:50,347,cs1709,XDCE,1991,1984,1994,33168,660253620,808178,810518,2107,1907,2007,1997,0,1993,0,0,0,2017-04-19,32570347,1990,190,0,0,0,0,0,0,0,0,1991,104,0,0,0,0,0,0,0,0
334,2017-04-19,09:02:51,212,cs1709,XDCE,1991,1984,1994,33168,660253620,808178,810518,2107,1907,2007,1997,0,1993,0,0,0,2017-04-19,32571212,1990,192,0,0,0,0,0,0,0,0,1991,104,0,0,0,0,0,0,0,0
335,2017-04-19,09:02:51,855,cs1709,XDCE,1991,1984,1994,33168,660253620,808178,810518,2107,1907,2007,1997,0,1993,0,0,0,2017-04-19,32571855,1990,191,0,0,0,0,0,0,0,0,1991,104,0,0,0,0,0,0,0,0
336,2017-04-19,09:02:52,355,cs1709,XDCE,1990,1984,1994,33170,660293420,808180,810518,2107,1907,2007,1997,0,1993,0,0,0,2017-04-19,32572355,1990,177,0,0,0,0,0,0,0,0,1991,268,0,0,0,0,0,0,0,0
337,2017-04-19,09:02:52,851,cs1709,XDCE,1991,1984,1994,33470,666266420,808096,810518,2107,1907,2007,1997,0,1993,0,0,0,2017-04-19,32572851,1990,185,0,0,0,0,0,0,0,0,1991,138,0,0,0,0,0,0,0,0
338,2017-04-19,09:02:53,354,cs1709,XDCE,1990,1984,1994,33838,673589620,808114,810518,2107,1907,2007,1997,0,1993,0,0,0,2017-04-19,32573354,1989,180,0,0,0,0,0,0,0,0,1991,142,0,0,0,0,0,0,0,0
339,2017-04-19,09:02:53,857,cs1709,XDCE,1989,1984,1994,33980,676414600,807984,810518,2107,1907,2007,1997,0,1993,0,0,0,2017-04-19,32573857,1989,149,0,0,0,0,0,0,0,0,1990,41,0,0,0,0,0,0,0,0
340,2017-04-19,09:02:54,357,cs1709,XDCE,1990,1984,1994,34106,678922300,808012,810518,2107,1907,2007,1997,0,1993,0,0,0,2017-04-19,32574357,1990,4,0,0,0,0,0,0,0,0,1991,147,0,0,0,0,0,0,0,0
341,2017-04-19,09:02:54,712,cs1709,XDCE,1990,1984,1994,34114,679081500,808018,810518,2107,1907,2007,1997,0,1993,0,0,0,2017-04-19,32574712,1990,5,0,0,0,0,0,0,0,0,1991,148,0,0,0,0,0,0,0,0
342,2017-04-19,09:02:55,300,cs1709,XDCE,1990,1984,1994,34120,679200900,808024,810518,2107,1907,2007,1997,0,1993,0,0,0,2017-04-19,32575300,1990,42,0,0,0,0,0,0,0,0,1991,153,0,0,0,0,0,0,0,0
343,2017-04-19,09:02:55,804,cs1709,XDCE,1990,1984,1994,34138,679559100,808028,810518,2107,1907,2007,1997,0,1993,0,0,0,2017-04-19,32575804,1990,55,0,0,0,0,0,0,0,0,1991,154,0,0,0,0,0,0,0,0
344,2017-04-19,09:02:56,354,cs1709,XDCE,1990,1984,1994,34154,679877500,808040,810518,2107,1907,2007,1997,0,1993,0,0,0,2017-04-19,32576354,1990,67,0,0,0,0,0,0,0,0,1991,165,0,0,0,0,0,0,0,0
345,2017-04-19,09:02:56,824,cs1709,XDCE,1990,1984,1994,34156,679917300,808038,810518,2107,1907,2007,1997,0,1993,0,0,0,2017-04-19,32576824,1990,67,0,0,0,0,0,0,0,0,1991,165,0,0,0,0,0,0,0,0
346,2017-04-19,09:02:57,356,cs1709,XDCE,1990,1984,1994,34158,679957100,808036,810518,2107,1907,2007,1997,0,1993,0,0,0,2017-04-19,32577356,1990,66,0,0,0,0,0,0,0,0,1991,164,0,0,0,0,0,0,0,0
347,2017-04-19,09:02:58,347,cs1709,XDCE,1989,1984,1994,34294,682663480,808082,810518,2107,1907,2007,1997,0,1993,0,0,0,2017-04-19,32578347,1989,152,0,0,0,0,0,0,0,0,1990,67,0,0,0,0,0,0,0,0
348,2017-04-19,09:02:58,858,cs1709,XDCE,1990,1984,1994,34492,686603680,808190,810518,2107,1907,2007,1997,0,1993,0,0,0,2017-04-19,32578858,1990,54,0,0,0,0,0,0,0,0,1991,166,0,0,0,0,0,0,0,0
349,2017-04-19,09:02:59,355,cs1709,XDCE,1990,1984,1994,34646,689669480,808228,810518,2107,1907,2007,1997,0,1993,0,0,0,2017-04-19,32579355,1990,75,0,0,0,0,0,0,0,0,1991,107,0,0,0,0,0,0,0,0
350,2017-04-19,09:02:59,854,cs1709,XDCE,1991,1984,1994,34660,689948220,808238,810518,2107,1907,2007,1997,0,1993,0,0,0,2017-04-19,32579854,1991,54,0,0,0,0,0,0,0,0,1992,266,0,0,0,0,0,0,0,0
351,2017-04-19,09:03:00,351,cs1709,XDCE,1991,1984,1994,34668,690107500,808246,810518,2107,1907,2007,1997,0,1993,0,0,0,2017-04-19,32580351,1991,60,0,0,0,0,0,0,0,0,1992,270,0,0,0,0,0,0,0,0
352,2017-04-19,09:03:00,860,cs1709,XDCE,1991,1984,1994,34678,690306600,808256,810518,2107,1907,2007,1997,0,1993,0,0,0,2017-04-19,32580860,1991,75,0,0,0,0,0,0,0,0,1992,269,0,0,0,0,0,0,0,0
353,2017-04-19,09:03:01,348,cs1709,XDCE,1991,1984,1994,34688,690505700,808262,810518,2107,1907,2007,1997,0,1993,0,0,0,2017-04-19,32581348,1991,84,0,0,0,0,0,0,0,0,1992,268,0,0,0,0,0,0,0,0
354,2017-04-19,09:03:01,852,cs1709,XDCE,1991,1984,1994,34690,690545520,808264,810518,2107,1907,2007,1997,0,1993,0,0,0,2017-04-19,32581852,1991,83,0,0,0,0,0,0,0,0,1992,270,0,0,0,0,0,0,0,0
355,2017-04-19,09:03:02,348,cs1709,XDCE,1991,1984,1994,34870,694129320,808214,810518,2107,1907,2007,1997,0,1993,0,0,0,2017-04-19,32582348,1990,272,0,0,0,0,0,0,0,0,1991,17,0,0,0,0,0,0,0,0
356,2017-04-19,09:03:02,782,cs1709,XDCE,1991,1984,1994,34870,694129320,808214,810518,2107,1907,2007,1997,0,1993,0,0,0,2017-04-19,32582782,1990,273,0,0,0,0,0,0,0,0,1991,131,0,0,0,0,0,0,0,0
357,2017-04-19,09:03:03,355,cs1709,XDCE,1990,1984,1994,34872,694169120,808214,810518,2107,1907,2007,1997,0,1993,0,0,0,2017-04-19,32583355,1990,272,0,0,0,0,0,0,0,0,1991,170,0,0,0,0,0,0,0,0
358,2017-04-19,09:03:03,742,cs1709,XDCE,1991,1984,1994,34892,694567320,808212,810518,2107,1907,2007,1997,0,1993,0,0,0,2017-04-19,32583742,1990,272,0,0,0,0,0,0,0,0,1991,160,0,0,0,0,0,0,0,0
359,2017-04-19,09:03:05,356,cs1709,XDCE,1990,1984,1994,34922,695164400,808212,810518,2107,1907,2007,1997,0,1993,0,0,0,2017-04-19,32585356,1990,261,0,0,0,0,0,0,0,0,1991,156,0,0,0,0,0,0,0,0
360,2017-04-19,09:03:05,685,cs1709,XDCE,1990,1984,1994,34924,695204200,808212,810518,2107,1907,2007,1997,0,1993,0,0,0,2017-04-19,32585685,1990,261,0,0,0,0,0,0,0,0,1991,156,0,0,0,0,0,0,0,0
361,2017-04-19,09:03:06,347,cs1709,XDCE,1990,1984,1994,34952,695761500,808198,810518,2107,1907,2007,1997,0,1993,0,0,0,2017-04-19,32586347,1990,252,0,0,0,0,0,0,0,0,1991,152,0,0,0,0,0,0,0,0
362,2017-04-19,09:03:06,854,cs1709,XDCE,1990,1984,1994,34958,695880940,808202,810518,2107,1907,2007,1997,0,1993,0,0,0,2017-04-19,32586854,1990,252,0,0,0,0,0,0,0,0,1991,151,0,0,0,0,0,0,0,0
363,2017-04-19,09:03:07,355,cs1709,XDCE,1991,1984,1994,34964,696000400,808202,810518,2107,1907,2007,1997,0,1993,0,0,0,2017-04-19,32587355,1990,252,0,0,0,0,0,0,0,0,1991,149,0,0,0,0,0,0,0,0
364,2017-04-19,09:03:07,831,cs1709,XDCE,1991,1984,1994,34964,696000400,808202,810518,2107,1907,2007,1997,0,1993,0,0,0,2017-04-19,32587831,1990,252,0,0,0,0,0,0,0,0,1991,150,0,0,0,0,0,0,0,0
365,2017-04-19,09:03:08,348,cs1709,XDCE,1991,1984,1994,35264,701973400,808174,810518,2107,1907,2007,1997,0,1993,0,0,0,2017-04-19,32588348,1991,100,0,0,0,0,0,0,0,0,1992,288,0,0,0,0,0,0,0,0
366,2017-04-19,09:03:08,845,cs1709,XDCE,1991,1984,1994,35266,702013220,808174,810518,2107,1907,2007,1997,0,1993,0,0,0,2017-04-19,32588845,1991,111,0,0,0,0,0,0,0,0,1992,285,0,0,0,0,0,0,0,0
367,2017-04-19,09:03:09,346,cs1709,XDCE,1991,1984,1994,35314,702968900,808166,810518,2107,1907,2007,1997,0,1993,0,0,0,2017-04-19,32589346,1991,87,0,0,0,0,0,0,0,0,1992,265,0,0,0,0,0,0,0,0
368,2017-04-19,09:03:09,831,cs1709,XDCE,1991,1984,1994,35316,703008720,808164,810518,2107,1907,2007,1997,0,1993,0,0,0,2017-04-19,32589831,1991,86,0,0,0,0,0,0,0,0,1992,265,0,0,0,0,0,0,0,0
369,2017-04-19,09:03:10,356,cs1709,XDCE,1991,1984,1994,35316,703008720,808164,810518,2107,1907,2007,1997,0,1993,0,0,0,2017-04-19,32590356,1991,76,0,0,0,0,0,0,0,0,1992,265,0,0,0,0,0,0,0,0
370,2017-04-19,09:03:11,361,cs1709,XDCE,1991,1984,1994,35366,704004220,808164,810518,2107,1907,2007,1997,0,1993,0,0,0,2017-04-19,32591361,1991,5,0,0,0,0,0,0,0,0,1992,265,0,0,0,0,0,0,0,0
371,2017-04-19,09:03:11,858,cs1709,XDCE,1991,1984,1994,35380,704282960,808164,810518,2107,1907,2007,1997,0,1993,0,0,0,2017-04-19,32591858,1991,24,0,0,0,0,0,0,0,0,1992,268,0,0,0,0,0,0,0,0
372,2017-04-19,09:03:12,350,cs1709,XDCE,1991,1984,1994,35430,705278460,808136,810518,2107,1907,2007,1997,0,1993,0,0,0,2017-04-19,32592350,1990,315,0,0,0,0,0,0,0,0,1991,114,0,0,0,0,0,0,0,0
373,2017-04-19,09:03:12,757,cs1709,XDCE,1991,1984,1994,35430,705278460,808136,810518,2107,1907,2007,1997,0,1993,0,0,0,2017-04-19,32592757,1990,317,0,0,0,0,0,0,0,0,1991,125,0,0,0,0,0,0,0,0
374,2017-04-19,09:03:13,351,cs1709,XDCE,1990,1984,1994,35464,705955060,808148,810518,2107,1907,2007,1997,0,1993,0,0,0,2017-04-19,32593351,1990,305,0,0,0,0,0,0,0,0,1991,135,0,0,0,0,0,0,0,0
375,2017-04-19,09:03:13,858,cs1709,XDCE,1991,1984,1994,35488,706432700,808150,810518,2107,1907,2007,1997,0,1993,0,0,0,2017-04-19,32593858,1990,296,0,0,0,0,0,0,0,0,1991,134,0,0,0,0,0,0,0,0
376,2017-04-19,09:03:14,358,cs1709,XDCE,1990,1984,1994,35500,706671600,808150,810518,2107,1907,2007,1997,0,1993,0,0,0,2017-04-19,32594358,1990,295,0,0,0,0,0,0,0,0,1991,129,0,0,0,0,0,0,0,0
377,2017-04-19,09:03:14,851,cs1709,XDCE,1991,1984,1994,35616,708981080,808244,810518,2107,1907,2007,1997,0,1993,0,0,0,2017-04-19,32594851,1990,312,0,0,0,0,0,0,0,0,1992,248,0,0,0,0,0,0,0,0
378,2017-04-19,09:03:15,348,cs1709,XDCE,1991,1984,1994,35644,709538340,808248,810518,2107,1907,2007,1997,0,1993,0,0,0,2017-04-19,32595348,1990,315,0,0,0,0,0,0,0,0,1991,2,0,0,0,0,0,0,0,0
379,2017-04-19,09:03:15,857,cs1709,XDCE,1991,1984,1994,35710,710852400,808216,810518,2107,1907,2007,1997,0,1993,0,0,0,2017-04-19,32595857,1990,315,0,0,0,0,0,0,0,0,1992,249,0,0,0,0,0,0,0,0
380,2017-04-19,09:03:16,273,cs1709,XDCE,1991,1984,1994,35732,711290420,808200,810518,2107,1907,2007,1997,0,1993,0,0,0,2017-04-19,32596273,1990,325,0,0,0,0,0,0,0,0,1991,23,0,0,0,0,0,0,0,0
381,2017-04-19,09:03:16,847,cs1709,XDCE,1990,1984,1994,35738,711409820,808206,810518,2107,1907,2007,1997,0,1993,0,0,0,2017-04-19,32596847,1990,322,0,0,0,0,0,0,0,0,1991,23,0,0,0,0,0,0,0,0
382,2017-04-19,09:03:17,268,cs1709,XDCE,1991,1984,1994,35758,711808020,808200,810518,2107,1907,2007,1997,0,1993,0,0,0,2017-04-19,32597268,1990,322,0,0,0,0,0,0,0,0,1991,18,0,0,0,0,0,0,0,0
383,2017-04-19,09:03:17,846,cs1709,XDCE,1990,1984,1994,35770,712046820,808212,810518,2107,1907,2007,1997,0,1993,0,0,0,2017-04-19,32597846,1990,317,0,0,0,0,0,0,0,0,1991,18,0,0,0,0,0,0,0,0
384,2017-04-19,09:03:18,354,cs1709,XDCE,1990,1984,1994,35774,712126420,808214,810518,2107,1907,2007,1997,0,1993,0,0,0,2017-04-19,32598354,1990,316,0,0,0,0,0,0,0,0,1991,18,0,0,0,0,0,0,0,0
385,2017-04-19,09:03:18,848,cs1709,XDCE,1991,1984,1994,35814,712922820,808250,810518,2107,1907,2007,1997,0,1993,0,0,0,2017-04-19,32598848,1991,1,0,0,0,0,0,0,0,0,1992,254,0,0,0,0,0,0,0,0
386,2017-04-19,09:03:19,346,cs1709,XDCE,1991,1984,1994,35820,713042280,808252,810518,2107,1907,2007,1997,0,1993,0,0,0,2017-04-19,32599346,1990,318,0,0,0,0,0,0,0,0,1991,7,0,0,0,0,0,0,0,0
387,2017-04-19,09:03:19,812,cs1709,XDCE,1991,1984,1994,35820,713042280,808252,810518,2107,1907,2007,1997,0,1993,0,0,0,2017-04-19,32599812,1990,318,0,0,0,0,0,0,0,0,1991,29,0,0,0,0,0,0,0,0
388,2017-04-19,09:03:20,342,cs1709,XDCE,1991,1984,1994,35918,714993860,808218,810518,2107,1907,2007,1997,0,1993,0,0,0,2017-04-19,32600342,1991,21,0,0,0,0,0,0,0,0,1992,235,0,0,0,0,0,0,0,0
389,2017-04-19,09:03:20,847,cs1709,XDCE,1991,1984,1994,35966,715949540,808192,810518,2107,1907,2007,1997,0,1993,0,0,0,2017-04-19,32600847,1990,318,0,0,0,0,0,0,0,0,1991,48,0,0,0,0,0,0,0,0
390,2017-04-19,09:03:21,327,cs1709,XDCE,1991,1984,1994,35966,715949540,808192,810518,2107,1907,2007,1997,0,1993,0,0,0,2017-04-19,32601327,1990,319,0,0,0,0,0,0,0,0,1991,48,0,0,0,0,0,0,0,0
391,2017-04-19,09:03:22,352,cs1709,XDCE,1992,1984,1994,36182,720251080,808268,810518,2107,1907,2007,1997,0,1993,0,0,0,2017-04-19,32602352,1991,54,0,0,0,0,0,0,0,0,1992,181,0,0,0,0,0,0,0,0
392,2017-04-19,09:03:22,857,cs1709,XDCE,1992,1984,1994,36194,720490120,808276,810518,2107,1907,2007,1997,0,1993,0,0,0,2017-04-19,32602857,1991,108,0,0,0,0,0,0,0,0,1992,164,0,0,0,0,0,0,0,0
393,2017-04-19,09:03:23,331,cs1709,XDCE,1992,1984,1994,36194,720490120,808276,810518,2107,1907,2007,1997,0,1993,0,0,0,2017-04-19,32603331,1991,120,0,0,0,0,0,0,0,0,1992,164,0,0,0,0,0,0,0,0
394,2017-04-19,09:03:23,647,cs1709,XDCE,1992,1984,1994,36208,720769000,808290,810518,2107,1907,2007,1997,0,1993,0,0,0,2017-04-19,32603647,1991,121,0,0,0,0,0,0,0,0,1992,157,0,0,0,0,0,0,0,0
395,2017-04-19,09:03:24,346,cs1709,XDCE,1991,1984,1994,36210,720808820,808292,810518,2107,1907,2007,1997,0,1993,0,0,0,2017-04-19,32604346,1991,136,0,0,0,0,0,0,0,0,1992,148,0,0,0,0,0,0,0,0
396,2017-04-19,09:03:24,767,cs1709,XDCE,1991,1984,1994,36240,721406120,808292,810518,2107,1907,2007,1997,0,1993,0,0,0,2017-04-19,32604767,1991,125,0,0,0,0,0,0,0,0,1992,150,0,0,0,0,0,0,0,0
397,2017-04-19,09:03:25,353,cs1709,XDCE,1992,1984,1994,36244,721485780,808292,810518,2107,1907,2007,1997,0,1993,0,0,0,2017-04-19,32605353,1991,129,0,0,0,0,0,0,0,0,1992,140,0,0,0,0,0,0,0,0
398,2017-04-19,09:03:26,353,cs1709,XDCE,1992,1984,1994,36268,721963840,808316,810518,2107,1907,2007,1997,0,1993,0,0,0,2017-04-19,32606353,1991,128,0,0,0,0,0,0,0,0,1992,129,0,0,0,0,0,0,0,0
399,2017-04-19,09:03:26,855,cs1709,XDCE,1992,1984,1994,36272,722043520,808316,810518,2107,1907,2007,1997,0,1993,0,0,0,2017-04-19,32606855,1991,128,0,0,0,0,0,0,0,0,1992,127,0,0,0,0,0,0,0,0
400,2017-04-19,09:03:27,343,cs1709,XDCE,1992,1984,1994,36274,722083360,808316,810518,2107,1907,2007,1997,0,1993,0,0,0,2017-04-19,32607343,1991,128,0,0,0,0,0,0,0,0,1992,127,0,0,0,0,0,0,0,0
401,2017-04-19,09:03:28,347,cs1709,XDCE,1991,1984,1994,36276,722123180,808318,810518,2107,1907,2007,1997,0,1993,0,0,0,2017-04-19,32608347,1991,137,0,0,0,0,0,0,0,0,1992,137,0,0,0,0,0,0,0,0
402,2017-04-19,09:03:28,792,cs1709,XDCE,1992,1984,1994,36286,722322380,808318,810518,2107,1907,2007,1997,0,1993,0,0,0,2017-04-19,32608792,1991,142,0,0,0,0,0,0,0,0,1992,142,0,0,0,0,0,0,0,0
403,2017-04-19,09:03:29,291,cs1709,XDCE,1992,1984,1994,36286,722322380,808318,810518,2107,1907,2007,1997,0,1993,0,0,0,2017-04-19,32609291,1991,142,0,0,0,0,0,0,0,0,1992,152,0,0,0,0,0,0,0,0
404,2017-04-19,09:03:29,800,cs1709,XDCE,1991,1984,1994,36290,722402020,808322,810518,2107,1907,2007,1997,0,1993,0,0,0,2017-04-19,32609800,1991,140,0,0,0,0,0,0,0,0,1992,162,0,0,0,0,0,0,0,0
405,2017-04-19,09:03:30,344,cs1709,XDCE,1991,1984,1994,36300,722601180,808326,810518,2107,1907,2007,1997,0,1993,0,0,0,2017-04-19,32610344,1991,139,0,0,0,0,0,0,0,0,1992,169,0,0,0,0,0,0,0,0
406,2017-04-19,09:03:30,843,cs1709,XDCE,1991,1984,1994,36302,722641000,808326,810518,2107,1907,2007,1997,0,1993,0,0,0,2017-04-19,32610843,1991,138,0,0,0,0,0,0,0,0,1992,169,0,0,0,0,0,0,0,0
407,2017-04-19,09:03:31,310,cs1709,XDCE,1992,1984,1994,36310,722800360,808334,810518,2107,1907,2007,1997,0,1993,0,0,0,2017-04-19,32611310,1991,128,0,0,0,0,0,0,0,0,1992,176,0,0,0,0,0,0,0,0
408,2017-04-19,09:03:31,780,cs1709,XDCE,1992,1984,1994,36312,722840200,808336,810518,2107,1907,2007,1997,0,1993,0,0,0,2017-04-19,32611780,1991,128,0,0,0,0,0,0,0,0,1992,175,0,0,0,0,0,0,0,0
409,2017-04-19,09:03:32,346,cs1709,XDCE,1991,1984,1994,36314,722880020,808338,810518,2107,1907,2007,1997,0,1993,0,0,0,2017-04-19,32612346,1991,127,0,0,0,0,0,0,0,0,1992,176,0,0,0,0,0,0,0,0
410,2017-04-19,09:03:32,829,cs1709,XDCE,1992,1984,1994,36316,722919860,808340,810518,2107,1907,2007,1997,0,1993,0,0,0,2017-04-19,32612829,1991,130,0,0,0,0,0,0,0,0,1992,201,0,0,0,0,0,0,0,0
411,2017-04-19,09:03:33,361,cs1709,XDCE,1992,1984,1994,36316,722919860,808340,810518,2107,1907,2007,1997,0,1993,0,0,0,2017-04-19,32613361,1991,140,0,0,0,0,0,0,0,0,1992,202,0,0,0,0,0,0,0,0
412,2017-04-19,09:03:33,855,cs1709,XDCE,1992,1984,1994,36316,722919860,808340,810518,2107,1907,2007,1997,0,1993,0,0,0,2017-04-19,32613855,1991,131,0,0,0,0,0,0,0,0,1992,205,0,0,0,0,0,0,0,0
413,2017-04-19,09:03:34,354,cs1709,XDCE,1991,1984,1994,36318,722959680,808342,810518,2107,1907,2007,1997,0,1993,0,0,0,2017-04-19,32614354,1991,130,0,0,0,0,0,0,0,0,1992,205,0,0,0,0,0,0,0,0
414,2017-04-19,09:03:34,843,cs1709,XDCE,1992,1984,1994,36358,723756480,808356,810518,2107,1907,2007,1997,0,1993,0,0,0,2017-04-19,32614843,1991,130,0,0,0,0,0,0,0,0,1992,185,0,0,0,0,0,0,0,0
415,2017-04-19,09:03:35,316,cs1709,XDCE,1991,1984,1994,36360,723796300,808358,810518,2107,1907,2007,1997,0,1993,0,0,0,2017-04-19,32615316,1991,129,0,0,0,0,0,0,0,0,1992,185,0,0,0,0,0,0,0,0
416,2017-04-19,09:03:35,829,cs1709,XDCE,1991,1984,1994,36370,723995400,808368,810518,2107,1907,2007,1997,0,1993,0,0,0,2017-04-19,32615829,1991,124,0,0,0,0,0,0,0,0,1992,185,0,0,0,0,0,0,0,0
417,2017-04-19,09:03:36,353,cs1709,XDCE,1991,1984,1994,36370,723995400,808368,810518,2107,1907,2007,1997,0,1993,0,0,0,2017-04-19,32616353,1991,124,0,0,0,0,0,0,0,0,1992,186,0,0,0,0,0,0,0,0
418,2017-04-19,09:03:36,859,cs1709,XDCE,1991,1984,1994,36386,724314000,808370,810518,2107,1907,2007,1997,0,1993,0,0,0,2017-04-19,32616859,1991,127,0,0,0,0,0,0,0,0,1992,184,0,0,0,0,0,0,0,0
419,2017-04-19,09:03:37,357,cs1709,XDCE,1991,1984,1994,36416,724911300,808340,810518,2107,1907,2007,1997,0,1993,0,0,0,2017-04-19,32617357,1991,127,0,0,0,0,0,0,0,0,1992,174,0,0,0,0,0,0,0,0
420,2017-04-19,09:03:37,854,cs1709,XDCE,1991,1984,1994,36416,724911300,808340,810518,2107,1907,2007,1997,0,1993,0,0,0,2017-04-19,32617854,1991,127,0,0,0,0,0,0,0,0,1992,175,0,0,0,0,0,0,0,0
421,2017-04-19,09:03:38,293,cs1709,XDCE,1992,1984,1994,36418,724951140,808338,810518,2107,1907,2007,1997,0,1993,0,0,0,2017-04-19,32618293,1991,127,0,0,0,0,0,0,0,0,1992,174,0,0,0,0,0,0,0,0
422,2017-04-19,09:03:38,786,cs1709,XDCE,1992,1984,1994,36420,724990980,808336,810518,2107,1907,2007,1997,0,1993,0,0,0,2017-04-19,32618786,1991,128,0,0,0,0,0,0,0,0,1992,175,0,0,0,0,0,0,0,0
423,2017-04-19,09:03:39,355,cs1709,XDCE,1991,1984,1994,36692,730406500,808402,810518,2107,1907,2007,1997,0,1993,0,0,0,2017-04-19,32619355,1990,357,0,0,0,0,0,0,0,0,1991,92,0,0,0,0,0,0,0,0
424,2017-04-19,09:03:39,854,cs1709,XDCE,1991,1984,1994,36798,732516960,808404,810518,2107,1907,2007,1997,0,1993,0,0,0,2017-04-19,32619854,1991,23,0,0,0,0,0,0,0,0,1992,197,0,0,0,0,0,0,0,0
425,2017-04-19,09:03:40,354,cs1709,XDCE,1993,1984,1994,37000,736540880,808296,810518,2107,1907,2007,1997,0,1993,0,0,0,2017-04-19,32620354,1992,94,0,0,0,0,0,0,0,0,1993,371,0,0,0,0,0,0,0,0
426,2017-04-19,09:03:40,846,cs1709,XDCE,1993,1984,1994,37088,738294080,808310,810518,2107,1907,2007,1997,0,1993,0,0,0,2017-04-19,32620846,1992,73,0,0,0,0,0,0,0,0,1993,359,0,0,0,0,0,0,0,0
427,2017-04-19,09:03:41,97,cs1709,XDCE,1993,1984,1994,37124,739011500,808310,810518,2107,1907,2007,1997,0,1993,0,0,0,2017-04-19,32621097,1992,70,0,0,0,0,0,0,0,0,1993,344,0,0,0,0,0,0,0,0
428,2017-04-19,09:03:42,315,cs1709,XDCE,1993,1984,1994,37128,739091220,808314,810518,2107,1907,2007,1997,0,1993,0,0,0,2017-04-19,32622315,1992,70,0,0,0,0,0,0,0,0,1993,342,0,0,0,0,0,0,0,0
429,2017-04-19,09:03:42,848,cs1709,XDCE,1993,1984,1994,37128,739091220,808314,810518,2107,1907,2007,1997,0,1993,0,0,0,2017-04-19,32622848,1992,70,0,0,0,0,0,0,0,0,1993,352,0,0,0,0,0,0,0,0
430,2017-04-19,09:03:43,355,cs1709,XDCE,1993,1984,1994,37128,739091220,808314,810518,2107,1907,2007,1997,0,1993,0,0,0,2017-04-19,32623355,1992,213,0,0,0,0,0,0,0,0,1993,353,0,0,0,0,0,0,0,0
431,2017-04-19,09:03:43,846,cs1709,XDCE,1993,1984,1994,37128,739091220,808314,810518,2107,1907,2007,1997,0,1993,0,0,0,2017-04-19,32623846,1992,223,0,0,0,0,0,0,0,0,1993,343,0,0,0,0,0,0,0,0
432,2017-04-19,09:03:44,346,cs1709,XDCE,1993,1984,1994,37150,739529680,808336,810518,2107,1907,2007,1997,0,1993,0,0,0,2017-04-19,32624346,1992,121,0,0,0,0,0,0,0,0,1993,333,0,0,0,0,0,0,0,0
433,2017-04-19,09:03:44,751,cs1709,XDCE,1993,1984,1994,37164,739808700,808350,810518,2107,1907,2007,1997,0,1993,0,0,0,2017-04-19,32624751,1992,122,0,0,0,0,0,0,0,0,1993,326,0,0,0,0,0,0,0,0
434,2017-04-19,09:03:45,262,cs1709,XDCE,1992,1984,1994,37180,740127560,808364,810518,2107,1907,2007,1997,0,1993,0,0,0,2017-04-19,32625262,1992,121,0,0,0,0,0,0,0,0,1993,321,0,0,0,0,0,0,0,0
435,2017-04-19,09:03:45,742,cs1709,XDCE,1992,1984,1994,37282,742159400,808298,810518,2107,1907,2007,1997,0,1993,0,0,0,2017-04-19,32625742,1992,71,0,0,0,0,0,0,0,0,1993,321,0,0,0,0,0,0,0,0
436,2017-04-19,09:03:46,345,cs1709,XDCE,1992,1984,1994,37282,742159400,808298,810518,2107,1907,2007,1997,0,1993,0,0,0,2017-04-19,32626345,1992,75,0,0,0,0,0,0,0,0,1993,321,0,0,0,0,0,0,0,0
437,2017-04-19,09:03:46,774,cs1709,XDCE,1992,1984,1994,37288,742278920,808302,810518,2107,1907,2007,1997,0,1993,0,0,0,2017-04-19,32626774,1992,75,0,0,0,0,0,0,0,0,1993,317,0,0,0,0,0,0,0,0
438,2017-04-19,09:03:47,346,cs1709,XDCE,1992,1984,1994,37288,742278920,808302,810518,2107,1907,2007,1997,0,1993,0,0,0,2017-04-19,32627346,1992,85,0,0,0,0,0,0,0,0,1993,317,0,0,0,0,0,0,0,0
439,2017-04-19,09:03:47,847,cs1709,XDCE,1992,1984,1994,37288,742278920,808302,810518,2107,1907,2007,1997,0,1993,0,0,0,2017-04-19,32627847,1992,86,0,0,0,0,0,0,0,0,1993,322,0,0,0,0,0,0,0,0
440,2017-04-19,09:03:48,356,cs1709,XDCE,1992,1984,1994,37290,742318760,808300,810518,2107,1907,2007,1997,0,1993,0,0,0,2017-04-19,32628356,1992,85,0,0,0,0,0,0,0,0,1993,322,0,0,0,0,0,0,0,0
441,2017-04-19,09:03:48,859,cs1709,XDCE,1992,1984,1994,37290,742318760,808300,810518,2107,1907,2007,1997,0,1993,0,0,0,2017-04-19,32628859,1992,87,0,0,0,0,0,0,0,0,1993,322,0,0,0,0,0,0,0,0
442,2017-04-19,09:03:49,353,cs1709,XDCE,1993,1984,1994,37294,742398480,808304,810518,2107,1907,2007,1997,0,1993,0,0,0,2017-04-19,32629353,1992,87,0,0,0,0,0,0,0,0,1993,322,0,0,0,0,0,0,0,0
443,2017-04-19,09:03:49,847,cs1709,XDCE,1992,1984,1994,37468,745864560,808446,810518,2107,1907,2007,1997,0,1993,0,0,0,2017-04-19,32629847,1991,124,0,0,0,0,0,0,0,0,1992,150,0,0,0,0,0,0,0,0
444,2017-04-19,09:03:50,353,cs1709,XDCE,1991,1984,1994,37472,745944200,808446,810518,2107,1907,2007,1997,0,1993,0,0,0,2017-04-19,32630353,1991,125,0,0,0,0,0,0,0,0,1992,158,0,0,0,0,0,0,0,0
445,2017-04-19,09:03:50,847,cs1709,XDCE,1992,1984,1994,37478,746063700,808450,810518,2107,1907,2007,1997,0,1993,0,0,0,2017-04-19,32630847,1991,124,0,0,0,0,0,0,0,0,1992,157,0,0,0,0,0,0,0,0
446,2017-04-19,09:03:51,301,cs1709,XDCE,1992,1984,1994,37478,746063700,808450,810518,2107,1907,2007,1997,0,1993,0,0,0,2017-04-19,32631301,1991,124,0,0,0,0,0,0,0,0,1992,167,0,0,0,0,0,0,0,0
447,2017-04-19,09:03:52,321,cs1709,XDCE,1992,1984,1994,37478,746063700,808450,810518,2107,1907,2007,1997,0,1993,0,0,0,2017-04-19,32632321,1991,124,0,0,0,0,0,0,0,0,1992,168,0,0,0,0,0,0,0,0
448,2017-04-19,09:03:52,811,cs1709,XDCE,1991,1984,1994,37480,746103520,808450,810518,2107,1907,2007,1997,0,1993,0,0,0,2017-04-19,32632811,1991,110,0,0,0,0,0,0,0,0,1992,168,0,0,0,0,0,0,0,0
449,2017-04-19,09:03:53,267,cs1709,XDCE,1992,1984,1994,37484,746183180,808452,810518,2107,1907,2007,1997,0,1993,0,0,0,2017-04-19,32633267,1991,109,0,0,0,0,0,0,0,0,1992,167,0,0,0,0,0,0,0,0
450,2017-04-19,09:03:53,703,cs1709,XDCE,1992,1984,1994,37484,746183180,808452,810518,2107,1907,2007,1997,0,1993,0,0,0,2017-04-19,32633703,1991,146,0,0,0,0,0,0,0,0,1992,167,0,0,0,0,0,0,0,0
451,2017-04-19,09:03:54,360,cs1709,XDCE,1992,1984,1994,37486,746223020,808454,810518,2107,1907,2007,1997,0,1993,0,0,0,2017-04-19,32634360,1991,146,0,0,0,0,0,0,0,0,1992,167,0,0,0,0,0,0,0,0
452,2017-04-19,09:03:55,350,cs1709,XDCE,1992,1984,1994,37486,746223020,808454,810518,2107,1907,2007,1997,0,1993,0,0,0,2017-04-19,32635350,1991,146,0,0,0,0,0,0,0,0,1992,172,0,0,0,0,0,0,0,0
453,2017-04-19,09:03:55,857,cs1709,XDCE,1992,1984,1994,37548,747458060,808456,810518,2107,1907,2007,1997,0,1993,0,0,0,2017-04-19,32635857,1991,166,0,0,0,0,0,0,0,0,1992,141,0,0,0,0,0,0,0,0
454,2017-04-19,09:03:56,299,cs1709,XDCE,1991,1984,1994,37556,747617340,808456,810518,2107,1907,2007,1997,0,1993,0,0,0,2017-04-19,32636299,1991,163,0,0,0,0,0,0,0,0,1992,142,0,0,0,0,0,0,0,0
455,2017-04-19,09:03:56,717,cs1709,XDCE,1992,1984,1994,37568,747856380,808468,810518,2107,1907,2007,1997,0,1993,0,0,0,2017-04-19,32636717,1991,168,0,0,0,0,0,0,0,0,1992,136,0,0,0,0,0,0,0,0
456,2017-04-19,09:03:57,847,cs1709,XDCE,1991,1984,1994,37570,747896200,808468,810518,2107,1907,2007,1997,0,1993,0,0,0,2017-04-19,32637847,1991,318,0,0,0,0,0,0,0,0,1992,137,0,0,0,0,0,0,0,0
457,2017-04-19,09:03:58,265,cs1709,XDCE,1991,1984,1994,37570,747896200,808468,810518,2107,1907,2007,1997,0,1993,0,0,0,2017-04-19,32638265,1991,318,0,0,0,0,0,0,0,0,1992,138,0,0,0,0,0,0,0,0
458,2017-04-19,09:03:58,729,cs1709,XDCE,1991,1984,1994,37572,747936020,808468,810518,2107,1907,2007,1997,0,1993,0,0,0,2017-04-19,32638729,1991,317,0,0,0,0,0,0,0,0,1992,137,0,0,0,0,0,0,0,0
459,2017-04-19,09:03:59,355,cs1709,XDCE,1992,1984,1994,37814,752756660,808278,810518,2107,1907,2007,1997,0,1993,0,0,0,2017-04-19,32639355,1992,108,0,0,0,0,0,0,0,0,1993,324,0,0,0,0,0,0,0,0
460,2017-04-19,09:03:59,849,cs1709,XDCE,1993,1984,1994,37830,753075480,808288,810518,2107,1907,2007,1997,0,1993,0,0,0,2017-04-19,32639849,1992,111,0,0,0,0,0,0,0,0,1993,218,0,0,0,0,0,0,0,0
461,2017-04-19,09:04:00,357,cs1709,XDCE,1993,1984,1994,37846,753394360,808304,810518,2107,1907,2007,1997,0,1993,0,0,0,2017-04-19,32640357,1992,129,0,0,0,0,0,0,0,0,1993,212,0,0,0,0,0,0,0,0
462,2017-04-19,09:04:00,855,cs1709,XDCE,1993,1984,1994,37846,753394360,808304,810518,2107,1907,2007,1997,0,1993,0,0,0,2017-04-19,32640855,1992,138,0,0,0,0,0,0,0,0,1993,212,0,0,0,0,0,0,0,0
463,2017-04-19,09:04:01,336,cs1709,XDCE,1993,1984,1994,37846,753394360,808304,810518,2107,1907,2007,1997,0,1993,0,0,0,2017-04-19,32641336,1992,153,0,0,0,0,0,0,0,0,1993,212,0,0,0,0,0,0,0,0
464,2017-04-19,09:04:01,818,cs1709,XDCE,1993,1984,1994,38038,757219080,808330,810518,2107,1907,2007,1997,0,1993,0,0,0,2017-04-19,32641818,1992,51,0,0,0,0,0,0,0,0,1993,218,0,0,0,0,0,0,0,0
465,2017-04-19,09:04:02,281,cs1709,XDCE,1993,1984,1994,38038,757219080,808330,810518,2107,1907,2007,1997,0,1993,0,0,0,2017-04-19,32642281,1992,54,0,0,0,0,0,0,0,0,1993,217,0,0,0,0,0,0,0,0
466,2017-04-19,09:04:02,846,cs1709,XDCE,1993,1984,1994,38040,757258940,808330,810518,2107,1907,2007,1997,0,1993,0,0,0,2017-04-19,32642846,1992,59,0,0,0,0,0,0,0,0,1993,207,0,0,0,0,0,0,0,0
467,2017-04-19,09:04:03,347,cs1709,XDCE,1993,1984,1994,38068,757816960,808352,810518,2107,1907,2007,1997,0,1993,0,0,0,2017-04-19,32643347,1992,67,0,0,0,0,0,0,0,0,1993,194,0,0,0,0,0,0,0,0
468,2017-04-19,09:04:03,850,cs1709,XDCE,1993,1984,1994,38296,762360980,808360,810518,2107,1907,2007,1997,0,1993,0,0,0,2017-04-19,32643850,1992,174,0,0,0,0,0,0,0,0,1993,85,0,0,0,0,0,0,0,0
469,2017-04-19,09:04:04,348,cs1709,XDCE,1994,1984,1994,38464,765709300,808474,810518,2107,1907,2007,1997,0,1993,0,0,0,2017-04-19,32644348,1993,166,0,0,0,0,0,0,0,0,1994,198,0,0,0,0,0,0,0,0
470,2017-04-19,09:04:04,860,cs1709,XDCE,1993,1984,1994,38574,767902440,808522,810518,2107,1907,2007,1997,0,1993,0,0,0,2017-04-19,32644860,1993,176,0,0,0,0,0,0,0,0,1994,232,0,0,0,0,0,0,0,0
471,2017-04-19,09:04:05,305,cs1709,XDCE,1993,1984,1994,38582,768061920,808522,810518,2107,1907,2007,1997,0,1993,0,0,0,2017-04-19,32645305,1993,178,0,0,0,0,0,0,0,0,1994,230,0,0,0,0,0,0,0,0
472,2017-04-19,09:04:05,859,cs1709,XDCE,1993,1984,1994,38590,768221360,808530,810518,2107,1907,2007,1997,0,1993,0,0,0,2017-04-19,32645859,1993,173,0,0,0,0,0,0,0,0,1994,230,0,0,0,0,0,0,0,0
473,2017-04-19,09:04:06,322,cs1709,XDCE,1993,1984,1994,38590,768221360,808530,810518,2107,1907,2007,1997,0,1993,0,0,0,2017-04-19,32646322,1993,174,0,0,0,0,0,0,0,0,1994,230,0,0,0,0,0,0,0,0
474,2017-04-19,09:04:07,346,cs1709,XDCE,1994,1984,1994,38592,768261240,808528,810518,2107,1907,2007,1997,0,1993,0,0,0,2017-04-19,32647346,1993,180,0,0,0,0,0,0,0,0,1994,229,0,0,0,0,0,0,0,0
475,2017-04-19,09:04:07,812,cs1709,XDCE,1994,1984,1994,38594,768301120,808526,810518,2107,1907,2007,1997,0,1993,0,0,0,2017-04-19,32647812,1993,180,0,0,0,0,0,0,0,0,1994,228,0,0,0,0,0,0,0,0
476,2017-04-19,09:04:08,356,cs1709,XDCE,1994,1984,1994,38616,768739800,808524,810518,2107,1907,2007,1997,0,1993,0,0,0,2017-04-19,32648356,1993,186,0,0,0,0,0,0,0,0,1994,118,0,0,0,0,0,0,0,0
477,2017-04-19,09:04:08,854,cs1709,XDCE,1994,1984,1994,38618,768779680,808526,810518,2107,1907,2007,1997,0,1993,0,0,0,2017-04-19,32648854,1993,196,0,0,0,0,0,0,0,0,1994,117,0,0,0,0,0,0,0,0
478,2017-04-19,09:04:09,351,cs1709,XDCE,1994,1984,1994,38626,768939200,808526,810518,2107,1907,2007,1997,0,1993,0,0,0,2017-04-19,32649351,1993,193,0,0,0,0,0,0,0,0,1994,113,0,0,0,0,0,0,0,0
479,2017-04-19,09:04:09,857,cs1709,XDCE,1995,1984,1995,38920,774801840,808750,810518,2107,1907,2007,1997,0,1993,0,0,0,2017-04-19,32649857,1994,37,0,0,0,0,0,0,0,0,1995,382,0,0,0,0,0,0,0,0
480,2017-04-19,09:04:10,357,cs1709,XDCE,1995,1984,1995,38962,775639740,808758,810518,2107,1907,2007,1997,0,1993,0,0,0,2017-04-19,32650357,1994,59,0,0,0,0,0,0,0,0,1995,341,0,0,0,0,0,0,0,0
481,2017-04-19,09:04:10,852,cs1709,XDCE,1995,1984,1995,39012,776637140,808764,810518,2107,1907,2007,1997,0,1993,0,0,0,2017-04-19,32650852,1994,88,0,0,0,0,0,0,0,0,1995,321,0,0,0,0,0,0,0,0
482,2017-04-19,09:04:11,347,cs1709,XDCE,1995,1984,1995,39026,776916440,808776,810518,2107,1907,2007,1997,0,1993,0,0,0,2017-04-19,32651347,1994,147,0,0,0,0,0,0,0,0,1995,314,0,0,0,0,0,0,0,0
483,2017-04-19,09:04:11,857,cs1709,XDCE,1995,1984,1995,39050,777395240,808776,810518,2107,1907,2007,1997,0,1993,0,0,0,2017-04-19,32651857,1994,148,0,0,0,0,0,0,0,0,1995,300,0,0,0,0,0,0,0,0
484,2017-04-19,09:04:12,317,cs1709,XDCE,1995,1984,1995,39058,777554840,808780,810518,2107,1907,2007,1997,0,1993,0,0,0,2017-04-19,32652317,1994,149,0,0,0,0,0,0,0,0,1995,295,0,0,0,0,0,0,0,0
485,2017-04-19,09:04:12,847,cs1709,XDCE,1995,1984,1995,39134,779071040,808854,810518,2107,1907,2007,1997,0,1993,0,0,0,2017-04-19,32652847,1994,151,0,0,0,0,0,0,0,0,1995,257,0,0,0,0,0,0,0,0
486,2017-04-19,09:04:13,361,cs1709,XDCE,1995,1984,1995,39208,780547320,808804,810518,2107,1907,2007,1997,0,1993,0,0,0,2017-04-19,32653361,1994,141,0,0,0,0,0,0,0,0,1995,221,0,0,0,0,0,0,0,0
487,2017-04-19,09:04:13,819,cs1709,XDCE,1995,1984,1995,39208,780547320,808804,810518,2107,1907,2007,1997,0,1993,0,0,0,2017-04-19,32653819,1994,142,0,0,0,0,0,0,0,0,1995,221,0,0,0,0,0,0,0,0
488,2017-04-19,09:04:14,354,cs1709,XDCE,1995,1984,1995,39212,780627100,808806,810518,2107,1907,2007,1997,0,1993,0,0,0,2017-04-19,32654354,1994,146,0,0,0,0,0,0,0,0,1995,220,0,0,0,0,0,0,0,0
489,2017-04-19,09:04:14,850,cs1709,XDCE,1995,1984,1995,39438,785135800,808618,810518,2107,1907,2007,1997,0,1993,0,0,0,2017-04-19,32654850,1994,136,0,0,0,0,0,0,0,0,1995,113,0,0,0,0,0,0,0,0
490,2017-04-19,09:04:15,358,cs1709,XDCE,1995,1984,1995,39674,789844000,808624,810518,2107,1907,2007,1997,0,1993,0,0,0,2017-04-19,32655358,1995,99,0,0,0,0,0,0,0,0,1996,288,0,0,0,0,0,0,0,0
491,2017-04-19,09:04:15,849,cs1709,XDCE,1995,1984,1995,39824,792836500,808574,810518,2107,1907,2007,1997,0,1993,0,0,0,2017-04-19,32655849,1994,140,0,0,0,0,0,0,0,0,1995,25,0,0,0,0,0,0,0,0
492,2017-04-19,09:04:16,356,cs1709,XDCE,1995,1984,1995,39826,792876400,808576,810518,2107,1907,2007,1997,0,1993,0,0,0,2017-04-19,32656356,1994,127,0,0,0,0,0,0,0,0,1995,37,0,0,0,0,0,0,0,0
493,2017-04-19,09:04:16,857,cs1709,XDCE,1995,1984,1995,39846,793275400,808560,810518,2107,1907,2007,1997,0,1993,0,0,0,2017-04-19,32656857,1994,126,0,0,0,0,0,0,0,0,1995,27,0,0,0,0,0,0,0,0
494,2017-04-19,09:04:17,348,cs1709,XDCE,1994,1984,1995,39856,793474820,808568,810518,2107,1907,2007,1997,0,1993,0,0,0,2017-04-19,32657348,1994,123,0,0,0,0,0,0,0,0,1995,38,0,0,0,0,0,0,0,0
495,2017-04-19,09:04:17,848,cs1709,XDCE,1995,1984,1995,39952,795390020,808540,810518,2107,1907,2007,1997,0,1993,0,0,0,2017-04-19,32657848,1994,113,0,0,0,0,0,0,0,0,1995,43,0,0,0,0,0,0,0,0
496,2017-04-19,09:04:18,347,cs1709,XDCE,1995,1984,1995,40050,797345100,808544,810518,2107,1907,2007,1997,0,1993,0,0,0,2017-04-19,32658347,1994,132,0,0,0,0,0,0,0,0,1995,22,0,0,0,0,0,0,0,0
497,2017-04-19,09:04:18,857,cs1709,XDCE,1996,1984,1996,40128,798901480,808482,810518,2107,1907,2007,1997,0,1993,0,0,0,2017-04-19,32658857,1994,139,0,0,0,0,0,0,0,0,1996,293,0,0,0,0,0,0,0,0
498,2017-04-19,09:04:19,347,cs1709,XDCE,1995,1984,1996,40190,800138500,808440,810518,2107,1907,2007,1997,0,1993,0,0,0,2017-04-19,32659347,1994,144,0,0,0,0,0,0,0,0,1995,4,0,0,0,0,0,0,0,0
499,2017-04-19,09:04:19,849,cs1709,XDCE,1994,1984,1996,40196,800258160,808442,810518,2107,1907,2007,1997,0,1993,0,0,0,2017-04-19,32659849,1994,137,0,0,0,0,0,0,0,0,1995,6,0,0,0,0,0,0,0,0
500,2017-04-19,09:04:20,339,cs1709,XDCE,1994,1984,1996,40202,800377820,808442,810518,2107,1907,2007,1997,0,1993,0,0,0,2017-04-19,32660339,1994,135,0,0,0,0,0,0,0,0,1995,7,0,0,0,0,0,0,0,0
501,2017-04-19,09:04:20,847,cs1709,XDCE,1995,1984,1996,40212,800577320,808440,810518,2107,1907,2007,1997,0,1993,0,0,0,2017-04-19,32660847,1994,136,0,0,0,0,0,0,0,0,1995,3,0,0,0,0,0,0,0,0
502,2017-04-19,09:04:21,325,cs1709,XDCE,1995,1984,1996,40212,800577320,808440,810518,2107,1907,2007,1997,0,1993,0,0,0,2017-04-19,32661325,1994,137,0,0,0,0,0,0,0,0,1995,5,0,0,0,0,0,0,0,0
503,2017-04-19,09:04:21,849,cs1709,XDCE,1995,1984,1996,40216,800657120,808442,810518,2107,1907,2007,1997,0,1993,0,0,0,2017-04-19,32661849,1994,137,0,0,0,0,0,0,0,0,1995,24,0,0,0,0,0,0,0,0
504,2017-04-19,09:04:22,355,cs1709,XDCE,1995,1984,1996,40360,803530660,808378,810518,2107,1907,2007,1997,0,1993,0,0,0,2017-04-19,32662355,1995,56,0,0,0,0,0,0,0,0,1996,286,0,0,0,0,0,0,0,0
505,2017-04-19,09:04:22,843,cs1709,XDCE,1996,1984,1996,40380,803929780,808366,810518,2107,1907,2007,1997,0,1993,0,0,0,2017-04-19,32662843,1995,57,0,0,0,0,0,0,0,0,1996,279,0,0,0,0,0,0,0,0
506,2017-04-19,09:04:23,341,cs1709,XDCE,1995,1984,1996,40386,804049480,808366,810518,2107,1907,2007,1997,0,1993,0,0,0,2017-04-19,32663341,1995,61,0,0,0,0,0,0,0,0,1996,279,0,0,0,0,0,0,0,0
507,2017-04-19,09:04:23,856,cs1709,XDCE,1996,1984,1996,40774,811793940,808064,810518,2107,1907,2007,1997,0,1993,0,0,0,2017-04-19,32663856,1995,87,0,0,0,0,0,0,0,0,1996,87,0,0,0,0,0,0,0,0
508,2017-04-19,09:04:24,347,cs1709,XDCE,1996,1984,1996,40812,812552420,808090,810518,2107,1907,2007,1997,0,1993,0,0,0,2017-04-19,32664347,1995,88,0,0,0,0,0,0,0,0,1996,70,0,0,0,0,0,0,0,0
509,2017-04-19,09:04:24,822,cs1709,XDCE,1995,1984,1996,40832,812951600,808086,810518,2107,1907,2007,1997,0,1993,0,0,0,2017-04-19,32664822,1995,88,0,0,0,0,0,0,0,0,1996,62,0,0,0,0,0,0,0,0
510,2017-04-19,09:04:25,361,cs1709,XDCE,1995,1984,1996,40940,815107240,807984,810518,2107,1907,2007,1997,0,1993,0,0,0,2017-04-19,32665361,1995,87,0,0,0,0,0,0,0,0,1996,71,0,0,0,0,0,0,0,0
511,2017-04-19,09:04:25,853,cs1709,XDCE,1996,1984,1996,40942,815147160,807984,810518,2107,1907,2007,1997,0,1993,0,0,0,2017-04-19,32665853,1995,90,0,0,0,0,0,0,0,0,1996,70,0,0,0,0,0,0,0,0
512,2017-04-19,09:04:26,357,cs1709,XDCE,1996,1984,1996,40954,815386680,807978,810518,2107,1907,2007,1997,0,1993,0,0,0,2017-04-19,32666357,1995,91,0,0,0,0,0,0,0,0,1996,64,0,0,0,0,0,0,0,0
513,2017-04-19,09:04:26,857,cs1709,XDCE,1996,1984,1996,41084,817981480,807872,810518,2107,1907,2007,1997,0,1993,0,0,0,2017-04-19,32666857,1996,38,0,0,0,0,0,0,0,0,1997,169,0,0,0,0,0,0,0,0
514,2017-04-19,09:04:27,355,cs1709,XDCE,1996,1984,1996,41086,818021400,807872,810518,2107,1907,2007,1997,0,1993,0,0,0,2017-04-19,32667355,1996,49,0,0,0,0,0,0,0,0,1997,181,0,0,0,0,0,0,0,0
515,2017-04-19,09:04:27,851,cs1709,XDCE,1995,1984,1996,41392,824127080,808022,810518,2107,1907,2007,1997,0,1993,0,0,0,2017-04-19,32667851,1994,147,0,0,0,0,0,0,0,0,1995,348,0,0,0,0,0,0,0,0
516,2017-04-19,09:04:28,348,cs1709,XDCE,1995,1984,1996,41394,824166980,808022,810518,2107,1907,2007,1997,0,1993,0,0,0,2017-04-19,32668348,1994,146,0,0,0,0,0,0,0,0,1995,360,0,0,0,0,0,0,0,0
517,2017-04-19,09:04:28,845,cs1709,XDCE,1995,1984,1996,41400,824286640,808022,810518,2107,1907,2007,1997,0,1993,0,0,0,2017-04-19,32668845,1994,145,0,0,0,0,0,0,0,0,1995,359,0,0,0,0,0,0,0,0
518,2017-04-19,09:04:29,355,cs1709,XDCE,1995,1984,1996,41412,824526040,808024,810518,2107,1907,2007,1997,0,1993,0,0,0,2017-04-19,32669355,1994,145,0,0,0,0,0,0,0,0,1995,353,0,0,0,0,0,0,0,0
519,2017-04-19,09:04:30,350,cs1709,XDCE,1994,1984,1996,41702,830308660,807878,810518,2107,1907,2007,1997,0,1993,0,0,0,2017-04-19,32670350,1993,125,0,0,0,0,0,0,0,0,1994,125,0,0,0,0,0,0,0,0
520,2017-04-19,09:04:30,856,cs1709,XDCE,1993,1984,1996,41756,831384900,807892,810518,2107,1907,2007,1997,0,1993,0,0,0,2017-04-19,32670856,1993,44,0,0,0,0,0,0,0,0,1994,140,0,0,0,0,0,0,0,0
521,2017-04-19,09:04:31,344,cs1709,XDCE,1993,1984,1996,41756,831384900,807892,810518,2107,1907,2007,1997,0,1993,0,0,0,2017-04-19,32671344,1993,54,0,0,0,0,0,0,0,0,1994,146,0,0,0,0,0,0,0,0
522,2017-04-19,09:04:31,832,cs1709,XDCE,1993,1984,1996,41768,831624160,807882,810518,2107,1907,2007,1997,0,1993,0,0,0,2017-04-19,32671832,1993,70,0,0,0,0,0,0,0,0,1994,141,0,0,0,0,0,0,0,0
523,2017-04-19,09:04:32,213,cs1709,XDCE,1993,1984,1996,41768,831624160,807882,810518,2107,1907,2007,1997,0,1993,0,0,0,2017-04-19,32672213,1993,70,0,0,0,0,0,0,0,0,1994,142,0,0,0,0,0,0,0,0
524,2017-04-19,09:04:32,857,cs1709,XDCE,1994,1984,1996,41836,832980080,807886,810518,2107,1907,2007,1997,0,1993,0,0,0,2017-04-19,32672857,1993,111,0,0,0,0,0,0,0,0,1994,111,0,0,0,0,0,0,0,0
525,2017-04-19,09:04:33,313,cs1709,XDCE,1994,1984,1996,41838,833019960,807886,810518,2107,1907,2007,1997,0,1993,0,0,0,2017-04-19,32673313,1993,134,0,0,0,0,0,0,0,0,1994,120,0,0,0,0,0,0,0,0
526,2017-04-19,09:04:33,847,cs1709,XDCE,1994,1984,1996,41842,833099720,807886,810518,2107,1907,2007,1997,0,1993,0,0,0,2017-04-19,32673847,1993,147,0,0,0,0,0,0,0,0,1994,118,0,0,0,0,0,0,0,0
527,2017-04-19,09:04:34,850,cs1709,XDCE,1994,1984,1996,41886,833977080,807866,810518,2107,1907,2007,1997,0,1993,0,0,0,2017-04-19,32674850,1993,137,0,0,0,0,0,0,0,0,1994,96,0,0,0,0,0,0,0,0
528,2017-04-19,09:04:35,353,cs1709,XDCE,1994,1984,1996,41890,834056840,807866,810518,2107,1907,2007,1997,0,1993,0,0,0,2017-04-19,32675353,1993,142,0,0,0,0,0,0,0,0,1994,94,0,0,0,0,0,0,0,0
529,2017-04-19,09:04:35,861,cs1709,XDCE,1994,1984,1996,42072,837685920,807716,810518,2107,1907,2007,1997,0,1993,0,0,0,2017-04-19,32675861,1993,144,0,0,0,0,0,0,0,0,1994,129,0,0,0,0,0,0,0,0
530,2017-04-19,09:04:36,346,cs1709,XDCE,1994,1984,1996,42072,837685920,807716,810518,2107,1907,2007,1997,0,1993,0,0,0,2017-04-19,32676346,1993,145,0,0,0,0,0,0,0,0,1994,139,0,0,0,0,0,0,0,0
531,2017-04-19,09:04:36,852,cs1709,XDCE,1994,1984,1996,42370,843627840,807666,810518,2107,1907,2007,1997,0,1993,0,0,0,2017-04-19,32676852,1994,99,0,0,0,0,0,0,0,0,1995,385,0,0,0,0,0,0,0,0
