,dataDate,dataTime,dataMillisec,instrumentID,exchangeCD,lastPrice,lowPrice,highPrice,volume,value,openInterest,preOpenInterest,upperLimitPrice,lowerLimitPrice,preSettlementPrice,prevClosePrice,settlementPrice,openPrice,closePrice,preDelta,currDelta,clearingDay,milliSecOffset,bidPrice1,bidVolume1,bidPrice2,bidVolume2,bidPrice3,bidVolume3,bidPrice4,bidVolume4,bidPrice5,bidVolume5,askPrice1,askVolume1,askPrice2,askVolume2,askPrice3,askVolume3,askPrice4,askVolume4,askPrice5,askVolume5
0,2017-04-19,07:27:41,0,FG709,XZCE,1210,0,0,0,0,251444,251444,1275,1153,1214,1210,0,0,0,0,0,2017-04-19,26861000,0,0,0,0,0,0,0,0,0,0,0,0,0,0,0,0,0,0,0,0
1,2017-04-19,07:27:41,0,FG709,XZCE,1210,0,0,0,0,251444,251444,1275,1153,1214,1210,0,1200,0,0,0,2017-04-19,26861000,0,0,0,0,0,0,0,0,0,0,0,0,0,0,0,0,0,0,0,0
2,2017-04-19,07:27:41,0,FG709,XZCE,1210,0,0,0,0,251444,251444,1275,1153,1214,1210,0,1205,0,0,0,2017-04-19,26861000,0,0,0,0,0,0,0,0,0,0,0,0,0,0,0,0,0,0,0,0
3,2017-04-19,07:27:41,0,FG709,XZCE,1210,0,0,0,0,251444,251444,1275,1153,1214,1210,0,1201,0,0,0,2017-04-19,26861000,0,0,0,0,0,0,0,0,0,0,0,0,0,0,0,0,0,0,0,0
4,2017-04-19,07:27:41,0,FG709,XZCE,1210,0,0,0,0,251444,251444,1275,1153,1214,1210,0,1200,0,0,0,2017-04-19,26861000,0,0,0,0,0,0,0,0,0,0,0,0,0,0,0,0,0,0,0,0
5,2017-04-19,07:27:41,0,FG709,XZCE,1210,0,0,0,0,251444,251444,1275,1153,1214,1210,0,1211,0,0,0,2017-04-19,26861000,0,0,0,0,0,0,0,0,0,0,0,0,0,0,0,0,0,0,0,0
6,2017-04-19,07:27:41,0,FG709,XZCE,1210,0,0,0,0,251444,251444,1275,1153,1214,1210,0,1215,0,0,0,2017-04-19,26861000,0,0,0,0,0,0,0,0,0,0,0,0,0,0,0,0,0,0,0,0
7,2017-04-19,07:27:41,0,FG709,XZCE,1210,0,0,0,0,251444,251444,1275,1153,1214,1210,0,1211,0,0,0,2017-04-19,26861000,0,0,0,0,0,0,0,0,0,0,0,0,0,0,0,0,0,0,0,0
8,2017-04-19,07:27:41,0,FG709,XZCE,1210,0,0,0,0,251444,251444,1275,1153,1214,1210,0,1220,0,0,0,2017-04-19,26861000,0,0,0,0,0,0,0,0,0,0,0,0,0,0,0,0,0,0,0,0
9,2017-04-19,07:27:41,0,FG709,XZCE,1210,0,0,0,0,251444,251444,1275,1153,1214,1210,0,1219,0,0,0,2017-04-19,26861000,0,0,0,0,0,0,0,0,0,0,0,0,0,0,0,0,0,0,0,0
10,2017-04-19,07:27:41,0,FG709,XZCE,1210,0,0,0,0,251444,251444,1275,1153,1214,1210,0,1215,0,0,0,2017-04-19,26861000,0,0,0,0,0,0,0,0,0,0,0,0,0,0,0,0,0,0,0,0
11,2017-04-19,07:27:41,0,FG709,XZCE,1210,0,0,0,0,251444,251444,1275,1153,1214,1210,0,1214,0,0,0,2017-04-19,26861000,0,0,0,0,0,0,0,0,0,0,0,0,0,0,0,0,0,0,0,0
12,2017-04-19,07:27:41,0,FG709,XZCE,1210,0,0,0,0,251444,251444,1275,1153,1214,1210,0,1211,0,0,0,2017-04-19,26861000,0,0,0,0,0,0,0,0,0,0,0,0,0,0,0,0,0,0,0,0
13,2017-04-19,07:27:41,0,FG709,XZCE,1210,0,0,0,0,251444,251444,1275,1153,1214,1210,0,1210,0,0,0,2017-04-19,26861000,0,0,0,0,0,0,0,0,0,0,0,0,0,0,0,0,0,0,0,0
14,2017-04-19,07:27:41,0,FG709,XZCE,1210,0,0,0,0,251444,251444,1275,1153,1214,1210,0,1209,0,0,0,2017-04-19,26861000,0,0,0,0,0,0,0,0,0,0,0,0,0,0,0,0,0,0,0,0
15,2017-04-19,07:27:41,0,FG709,XZCE,1210,0,0,0,0,251444,251444,1275,1153,1214,1210,0,1208,0,0,0,2017-04-19,26861000,0,0,0,0,0,0,0,0,0,0,0,0,0,0,0,0,0,0,0,0
16,2017-04-19,07:27:41,0,FG709,XZCE,1210,0,0,0,0,251444,251444,1275,1153,1214,1210,0,1206,0,0,0,2017-04-19,26861000,0,0,0,0,0,0,0,0,0,0,0,0,0,0,0,0,0,0,0,0
17,2017-04-19,07:27:41,0,FG709,XZCE,1210,0,0,0,0,251444,251444,1275,1153,1214,1210,0,1204,0,0,0,2017-04-19,26861000,0,0,0,0,0,0,0,0,0,0,0,0,0,0,0,0,0,0,0,0
18,2017-04-19,07:27:41,0,FG709,XZCE,1210,0,0,0,0,251444,251444,1275,1153,1214,1210,0,1206,0,0,0,2017-04-19,26861000,0,0,0,0,0,0,0,0,0,0,0,0,0,0,0,0,0,0,0,0
19,2017-04-19,07:27:41,0,FG709,XZCE,1210,0,0,0,0,251444,251444,1275,1153,1214,1210,0,1204,0,0,0,2017-04-19,26861000,0,0,0,0,0,0,0,0,0,0,0,0,0,0,0,0,0,0,0,0
20,2017-04-19,07:27:41,0,FG709,XZCE,1210,0,0,0,0,251444,251444,1275,1153,1214,1210,0,1203,0,0,0,2017-04-19,26861000,0,0,0,0,0,0,0,0,0,0,0,0,0,0,0,0,0,0,0,0
21,2017-04-19,07:27:41,0,FG709,XZCE,1210,0,0,0,0,251444,251444,1275,1153,1214,1210,0,1201,0,0,0,2017-04-19,26861000,0,0,0,0,0,0,0,0,0,0,0,0,0,0,0,0,0,0,0,0
22,2017-04-19,07:27:41,0,FG709,XZCE,1210,0,0,0,0,251444,251444,1275,1153,1214,1210,0,1203,0,0,0,2017-04-19,26861000,0,0,0,0,0,0,0,0,0,0,0,0,0,0,0,0,0,0,0,0
23,2017-04-19,08:59:00,0,FG709,XZCE,1203,1203,1203,1954,47013240,250956,251444,1275,1153,1214,1210,0,1203,0,0,0,2017-04-19,32340000,1202,14,0,0,0,0,0,0,0,0,1203,112,0,0,0,0,0,0,0,0
24,2017-04-19,09:00:00,0,FG709,XZCE,1202,1202,1203,1962,47205560,250958,251444,1275,1153,1214,1210,0,1203,0,0,0,2017-04-19,32400000,1202,10,0,0,0,0,0,0,0,0,1203,112,0,0,0,0,0,0,0,0
25,2017-04-19,09:00:00,0,FG709,XZCE,1201,1201,1203,2294,55180200,251000,251444,1275,1153,1214,1210,0,1203,0,0,0,2017-04-19,32400000,1201,73,0,0,0,0,0,0,0,0,1202,44,0,0,0,0,0,0,0,0
26,2017-04-19,09:00:01,0,FG709,XZCE,1200,1200,1203,3628,87196200,251002,251444,1275,1153,1214,1210,0,1203,0,0,0,2017-04-19,32401000,1200,5,0,0,0,0,0,0,0,0,1202,29,0,0,0,0,0,0,0,0
27,2017-04-19,09:00:01,0,FG709,XZCE,1196,1196,1203,4426,106284360,250886,251444,1275,1153,1214,1210,0,1203,0,0,0,2017-04-19,32401000,1196,6,0,0,0,0,0,0,0,0,1197,250,0,0,0,0,0,0,0,0
28,2017-04-19,09:00:02,0,FG709,XZCE,1196,1190,1203,5886,141207560,250410,251444,1275,1153,1214,1210,0,1203,0,0,0,2017-04-19,32402000,1191,7,0,0,0,0,0,0,0,0,1194,3,0,0,0,0,0,0,0,0
29,2017-04-19,09:00:02,0,FG709,XZCE,1190,1189,1203,6632,158962360,250126,251444,1275,1153,1214,1210,0,1203,0,0,0,2017-04-19,32402000,1190,60,0,0,0,0,0,0,0,0,1196,79,0,0,0,0,0,0,0,0
30,2017-04-19,09:00:03,0,FG709,XZCE,1188,1188,1203,7190,172220440,249968,251444,1275,1153,1214,1210,0,1203,0,0,0,2017-04-19,32403000,1188,21,0,0,0,0,0,0,0,0,1190,36,0,0,0,0,0,0,0,0
31,2017-04-19,09:00:03,0,FG709,XZCE,1192,1188,1203,7580,181518040,249930,251444,1275,1153,1214,1210,0,1203,0,0,0,2017-04-19,32403000,1192,14,0,0,0,0,0,0,0,0,1194,11,0,0,0,0,0,0,0,0
32,2017-04-19,09:00:04,0,FG709,XZCE,1190,1185,1203,8264,197797240,250174,251444,1275,1153,1214,1210,0,1203,0,0,0,2017-04-19,32404000,1186,14,0,0,0,0,0,0,0,0,1196,80,0,0,0,0,0,0,0,0
33,2017-04-19,09:00:04,0,FG709,XZCE,1193,1185,1203,8332,199419720,250202,251444,1275,1153,1214,1210,0,1203,0,0,0,2017-04-19,32404000,1193,4,0,0,0,0,0,0,0,0,1196,66,0,0,0,0,0,0,0,0
34,2017-04-19,09:00:05,0,FG709,XZCE,1196,1185,1203,8658,207217640,250256,251444,1275,1153,1214,1210,0,1203,0,0,0,2017-04-19,32405000,1185,173,0,0,0,0,0,0,0,0,1188,1,0,0,0,0,0,0,0,0
35,2017-04-19,09:00:05,0,FG709,XZCE,1193,1185,1203,8840,211560160,250234,251444,1275,1153,1214,1210,0,1203,0,0,0,2017-04-19,32405000,1193,77,0,0,0,0,0,0,0,0,1194,3,0,0,0,0,0,0,0,0
36,2017-04-19,09:00:06,0,FG709,XZCE,1195,1185,1203,8994,215240760,250266,251444,1275,1153,1214,1210,0,1203,0,0,0,2017-04-19,32406000,1195,17,0,0,0,0,0,0,0,0,1196,34,0,0,0,0,0,0,0,0
37,2017-04-19,09:00:06,0,FG709,XZCE,1196,1185,1203,9076,217202200,250266,251444,1275,1153,1214,1210,0,1203,0,0,0,2017-04-19,32406000,1195,1,0,0,0,0,0,0,0,0,1196,12,0,0,0,0,0,0,0,0
38,2017-04-19,09:00:07,0,FG709,XZCE,1195,1185,1203,9134,218588400,250308,251444,1275,1153,1214,1210,0,1203,0,0,0,2017-04-19,32407000,1194,58,0,0,0,0,0,0,0,0,1195,3,0,0,0,0,0,0,0,0
39,2017-04-19,09:00:07,0,FG709,XZCE,1195,1185,1203,9310,222794800,250190,251444,1275,1153,1214,1210,0,1203,0,0,0,2017-04-19,32407000,1195,7,0,0,0,0,0,0,0,0,1196,1,0,0,0,0,0,0,0,0
40,2017-04-19,09:00:08,0,FG709,XZCE,1196,1185,1203,9384,224564880,250192,251444,1275,1153,1214,1210,0,1203,0,0,0,2017-04-19,32408000,1195,51,0,0,0,0,0,0,0,0,1197,513,0,0,0,0,0,0,0,0
41,2017-04-19,09:00:08,0,FG709,XZCE,1195,1185,1203,9516,227719680,250318,251444,1275,1153,1214,1210,0,1203,0,0,0,2017-04-19,32408000,1195,8,0,0,0,0,0,0,0,0,1197,496,0,0,0,0,0,0,0,0
42,2017-04-19,09:00:09,0,FG709,XZCE,1194,1185,1203,9554,228627120,250336,251444,1275,1153,1214,1210,0,1203,0,0,0,2017-04-19,32409000,1194,67,0,0,0,0,0,0,0,0,1195,14,0,0,0,0,0,0,0,0
43,2017-04-19,09:00:09,0,FG709,XZCE,1195,1185,1203,9656,231064920,250356,251444,1275,1153,1214,1210,0,1203,0,0,0,2017-04-19,32409000,1194,39,0,0,0,0,0,0,0,0,1195,6,0,0,0,0,0,0,0,0
44,2017-04-19,09:00:10,0,FG709,XZCE,1197,1185,1203,9966,238486320,250280,251444,1275,1153,1214,1210,0,1203,0,0,0,2017-04-19,32410000,1194,18,0,0,0,0,0,0,0,0,1197,476,0,0,0,0,0,0,0,0
45,2017-04-19,09:00:10,0,FG709,XZCE,1195,1185,1203,10026,239920320,250286,251444,1275,1153,1214,1210,0,1203,0,0,0,2017-04-19,32410000,1194,27,0,0,0,0,0,0,0,0,1195,10,0,0,0,0,0,0,0,0
46,2017-04-19,09:00:11,0,FG709,XZCE,1194,1185,1203,10092,241496400,250266,251444,1275,1153,1214,1210,0,1203,0,0,0,2017-04-19,32411000,1194,26,0,0,0,0,0,0,0,0,1195,14,0,0,0,0,0,0,0,0
47,2017-04-19,09:00:11,0,FG709,XZCE,1195,1185,1203,10140,242643600,250272,251444,1275,1153,1214,1210,0,1203,0,0,0,2017-04-19,32411000,1194,17,0,0,0,0,0,0,0,0,1195,58,0,0,0,0,0,0,0,0
48,2017-04-19,09:00:12,0,FG709,XZCE,1194,1185,1203,10328,247133040,250304,251444,1275,1153,1214,1210,0,1203,0,0,0,2017-04-19,32412000,1194,13,0,0,0,0,0,0,0,0,1195,20,0,0,0,0,0,0,0,0
49,2017-04-19,09:00:12,0,FG709,XZCE,1195,1185,1203,10424,249427440,250304,251444,1275,1153,1214,1210,0,1203,0,0,0,2017-04-19,32412000,1194,1,0,0,0,0,0,0,0,0,1195,1,0,0,0,0,0,0,0,0
50,2017-04-19,09:00:12,0,FG709,XZCE,1196,1185,1203,10454,250145040,250308,251444,1275,1153,1214,1210,0,1203,0,0,0,2017-04-19,32412000,1195,3,0,0,0,0,0,0,0,0,1196,27,0,0,0,0,0,0,0,0
51,2017-04-19,09:00:13,0,FG709,XZCE,1194,1185,1203,10550,252437520,250322,251444,1275,1153,1214,1210,0,1203,0,0,0,2017-04-19,32413000,1193,120,0,0,0,0,0,0,0,0,1194,17,0,0,0,0,0,0,0,0
52,2017-04-19,09:00:14,0,FG709,XZCE,1195,1185,1203,10648,254779720,250310,251444,1275,1153,1214,1210,0,1203,0,0,0,2017-04-19,32414000,1193,121,0,0,0,0,0,0,0,0,1195,13,0,0,0,0,0,0,0,0
53,2017-04-19,09:00:14,0,FG709,XZCE,1196,1185,1203,10688,255736520,250332,251444,1275,1153,1214,1210,0,1203,0,0,0,2017-04-19,32414000,1195,4,0,0,0,0,0,0,0,0,1196,17,0,0,0,0,0,0,0,0
54,2017-04-19,09:00:15,0,FG709,XZCE,1195,1185,1203,10756,257361720,250326,251444,1275,1153,1214,1210,0,1203,0,0,0,2017-04-19,32415000,1194,189,0,0,0,0,0,0,0,0,1195,4,0,0,0,0,0,0,0,0
55,2017-04-19,09:00:15,0,FG709,XZCE,1194,1185,1203,10788,258125880,250352,251444,1275,1153,1214,1210,0,1203,0,0,0,2017-04-19,32415000,1194,190,0,0,0,0,0,0,0,0,1195,12,0,0,0,0,0,0,0,0
56,2017-04-19,09:00:16,0,FG709,XZCE,1195,1185,1203,10842,259416480,250340,251444,1275,1153,1214,1210,0,1203,0,0,0,2017-04-19,32416000,1195,16,0,0,0,0,0,0,0,0,1196,67,0,0,0,0,0,0,0,0
57,2017-04-19,09:00:16,0,FG709,XZCE,1194,1185,1203,10992,262998480,250406,251444,1275,1153,1214,1210,0,1203,0,0,0,2017-04-19,32416000,1195,1,0,0,0,0,0,0,0,0,1196,21,0,0,0,0,0,0,0,0
58,2017-04-19,09:00:17,0,FG709,XZCE,1196,1185,1203,11006,263333360,250410,251444,1275,1153,1214,1210,0,1203,0,0,0,2017-04-19,32417000,1195,29,0,0,0,0,0,0,0,0,1196,21,0,0,0,0,0,0,0,0
59,2017-04-19,09:00:17,0,FG709,XZCE,1195,1185,1203,11038,264098160,250410,251444,1275,1153,1214,1210,0,1203,0,0,0,2017-04-19,32417000,1195,62,0,0,0,0,0,0,0,0,1196,19,0,0,0,0,0,0,0,0
60,2017-04-19,09:00:18,0,FG709,XZCE,1196,1185,1203,11066,264767920,250416,251444,1275,1153,1214,1210,0,1203,0,0,0,2017-04-19,32418000,1195,65,0,0,0,0,0,0,0,0,1196,6,0,0,0,0,0,0,0,0
61,2017-04-19,09:00:18,0,FG709,XZCE,1197,1185,1203,11090,265342480,250416,251444,1275,1153,1214,1210,0,1203,0,0,0,2017-04-19,32418000,1195,78,0,0,0,0,0,0,0,0,1197,457,0,0,0,0,0,0,0,0
62,2017-04-19,09:00:19,0,FG709,XZCE,1195,1185,1203,11140,266537480,250454,251444,1275,1153,1214,1210,0,1203,0,0,0,2017-04-19,32419000,1195,75,0,0,0,0,0,0,0,0,1197,446,0,0,0,0,0,0,0,0
63,2017-04-19,09:00:19,0,FG709,XZCE,1196,1185,1203,11174,267350760,250472,251444,1275,1153,1214,1210,0,1203,0,0,0,2017-04-19,32419000,1196,21,0,0,0,0,0,0,0,0,1197,445,0,0,0,0,0,0,0,0
64,2017-04-19,09:00:20,0,FG709,XZCE,1197,1185,1203,11266,269553240,250430,251444,1275,1153,1214,1210,0,1203,0,0,0,2017-04-19,32420000,1195,119,0,0,0,0,0,0,0,0,1197,435,0,0,0,0,0,0,0,0
65,2017-04-19,09:00:20,0,FG709,XZCE,1197,1185,1203,11336,271229040,250434,251444,1275,1153,1214,1210,0,1203,0,0,0,2017-04-19,32420000,1196,6,0,0,0,0,0,0,0,0,1197,416,0,0,0,0,0,0,0,0
66,2017-04-19,09:00:21,0,FG709,XZCE,1195,1185,1203,11382,272328440,250456,251444,1275,1153,1214,1210,0,1203,0,0,0,2017-04-19,32421000,1196,6,0,0,0,0,0,0,0,0,1197,406,0,0,0,0,0,0,0,0
67,2017-04-19,09:00:21,0,FG709,XZCE,1195,1185,1203,11522,275674440,250574,251444,1275,1153,1214,1210,0,1203,0,0,0,2017-04-19,32421000,1195,105,0,0,0,0,0,0,0,0,1197,352,0,0,0,0,0,0,0,0
68,2017-04-19,09:00:22,0,FG709,XZCE,1195,1185,1203,11654,278829240,250626,251444,1275,1153,1214,1210,0,1203,0,0,0,2017-04-19,32422000,1195,65,0,0,0,0,0,0,0,0,1196,20,0,0,0,0,0,0,0,0
69,2017-04-19,09:00:22,0,FG709,XZCE,1195,1185,1203,11710,280167640,250652,251444,1275,1153,1214,1210,0,1203,0,0,0,2017-04-19,32422000,1195,60,0,0,0,0,0,0,0,0,1196,1,0,0,0,0,0,0,0,0
70,2017-04-19,09:00:23,0,FG709,XZCE,1197,1185,1203,11748,281077360,250670,251444,1275,1153,1214,1210,0,1203,0,0,0,2017-04-19,32423000,1195,52,0,0,0,0,0,0,0,0,1197,356,0,0,0,0,0,0,0,0
71,2017-04-19,09:00:23,0,FG709,XZCE,1195,1185,1203,11772,281650960,250674,251444,1275,1153,1214,1210,0,1203,0,0,0,2017-04-19,32423000,1195,50,0,0,0,0,0,0,0,0,1196,55,0,0,0,0,0,0,0,0
72,2017-04-19,09:00:24,0,FG709,XZCE,1196,1185,1203,11796,282225040,250680,251444,1275,1153,1214,1210,0,1203,0,0,0,2017-04-19,32424000,1195,81,0,0,0,0,0,0,0,0,1196,50,0,0,0,0,0,0,0,0
73,2017-04-19,09:00:24,0,FG709,XZCE,1196,1185,1203,11852,283564560,250678,251444,1275,1153,1214,1210,0,1203,0,0,0,2017-04-19,32424000,1195,80,0,0,0,0,0,0,0,0,1196,39,0,0,0,0,0,0,0,0
74,2017-04-19,09:00:24,0,FG709,XZCE,1195,1185,1203,11874,284090360,250688,251444,1275,1153,1214,1210,0,1203,0,0,0,2017-04-19,32424000,1195,75,0,0,0,0,0,0,0,0,1196,36,0,0,0,0,0,0,0,0
75,2017-04-19,09:00:25,0,FG709,XZCE,1196,1185,1203,12058,288491640,250764,251444,1275,1153,1214,1210,0,1203,0,0,0,2017-04-19,32425000,1194,242,0,0,0,0,0,0,0,0,1196,37,0,0,0,0,0,0,0,0
76,2017-04-19,09:00:26,0,FG709,XZCE,1196,1185,1203,12102,289544120,250768,251444,1275,1153,1214,1210,0,1203,0,0,0,2017-04-19,32426000,1194,247,0,0,0,0,0,0,0,0,1195,1,0,0,0,0,0,0,0,0
77,2017-04-19,09:00:26,0,FG709,XZCE,1194,1185,1203,12164,291024680,250734,251444,1275,1153,1214,1210,0,1203,0,0,0,2017-04-19,32426000,1194,242,0,0,0,0,0,0,0,0,1196,5,0,0,0,0,0,0,0,0
78,2017-04-19,09:00:27,0,FG709,XZCE,1195,1185,1203,12188,291598280,250730,251444,1275,1153,1214,1210,0,1203,0,0,0,2017-04-19,32427000,1195,4,0,0,0,0,0,0,0,0,1197,361,0,0,0,0,0,0,0,0
79,2017-04-19,09:00:27,0,FG709,XZCE,1195,1185,1203,12192,291693880,250726,251444,1275,1153,1214,1210,0,1203,0,0,0,2017-04-19,32427000,1195,13,0,0,0,0,0,0,0,0,1196,1,0,0,0,0,0,0,0,0
80,2017-04-19,09:00:28,0,FG709,XZCE,1196,1185,1203,12202,291933080,250724,251444,1275,1153,1214,1210,0,1203,0,0,0,2017-04-19,32428000,1195,38,0,0,0,0,0,0,0,0,1197,363,0,0,0,0,0,0,0,0
81,2017-04-19,09:00:28,0,FG709,XZCE,1196,1185,1203,12208,292076600,250730,251444,1275,1153,1214,1210,0,1203,0,0,0,2017-04-19,32428000,1196,2,0,0,0,0,0,0,0,0,1197,363,0,0,0,0,0,0,0,0
82,2017-04-19,09:00:29,0,FG709,XZCE,1197,1185,1203,12234,292699040,250708,251444,1275,1153,1214,1210,0,1203,0,0,0,2017-04-19,32429000,1195,47,0,0,0,0,0,0,0,0,1197,367,0,0,0,0,0,0,0,0
83,2017-04-19,09:00:29,0,FG709,XZCE,1195,1185,1203,12258,293272640,250724,251444,1275,1153,1214,1210,0,1203,0,0,0,2017-04-19,32429000,1196,1,0,0,0,0,0,0,0,0,1197,369,0,0,0,0,0,0,0,0
84,2017-04-19,09:00:30,0,FG709,XZCE,1195,1185,1203,12308,294467640,250762,251444,1275,1153,1214,1210,0,1203,0,0,0,2017-04-19,32430000,1195,48,0,0,0,0,0,0,0,0,1196,10,0,0,0,0,0,0,0,0
85,2017-04-19,09:00:30,0,FG709,XZCE,1196,1185,1203,12340,295233080,250754,251444,1275,1153,1214,1210,0,1203,0,0,0,2017-04-19,32430000,1195,55,0,0,0,0,0,0,0,0,1197,349,0,0,0,0,0,0,0,0
86,2017-04-19,09:00:31,0,FG709,XZCE,1195,1185,1203,12394,296523680,250746,251444,1275,1153,1214,1210,0,1203,0,0,0,2017-04-19,32431000,1195,38,0,0,0,0,0,0,0,0,1197,347,0,0,0,0,0,0,0,0
87,2017-04-19,09:00:31,0,FG709,XZCE,1195,1185,1203,12440,297623080,250760,251444,1275,1153,1214,1210,0,1203,0,0,0,2017-04-19,32431000,1195,37,0,0,0,0,0,0,0,0,1197,331,0,0,0,0,0,0,0,0
88,2017-04-19,09:00:32,0,FG709,XZCE,1194,1185,1203,12752,305073640,250870,251444,1275,1153,1214,1210,0,1203,0,0,0,2017-04-19,32432000,1194,260,0,0,0,0,0,0,0,0,1197,171,0,0,0,0,0,0,0,0
89,2017-04-19,09:00:32,0,FG709,XZCE,1195,1185,1203,12826,306842240,250850,251444,1275,1153,1214,1210,0,1203,0,0,0,2017-04-19,32432000,1195,20,0,0,0,0,0,0,0,0,1196,14,0,0,0,0,0,0,0,0
90,2017-04-19,09:00:33,0,FG709,XZCE,1195,1185,1203,12902,308658640,250866,251444,1275,1153,1214,1210,0,1203,0,0,0,2017-04-19,32433000,1194,261,0,0,0,0,0,0,0,0,1195,11,0,0,0,0,0,0,0,0
91,2017-04-19,09:00:33,0,FG709,XZCE,1195,1185,1203,12940,309566840,250868,251444,1275,1153,1214,1210,0,1203,0,0,0,2017-04-19,32433000,1194,258,0,0,0,0,0,0,0,0,1196,15,0,0,0,0,0,0,0,0
92,2017-04-19,09:00:34,0,FG709,XZCE,1195,1185,1203,12956,309949240,250882,251444,1275,1153,1214,1210,0,1203,0,0,0,2017-04-19,32434000,1195,26,0,0,0,0,0,0,0,0,1196,6,0,0,0,0,0,0,0,0
93,2017-04-19,09:00:34,0,FG709,XZCE,1195,1185,1203,12980,310522840,250890,251444,1275,1153,1214,1210,0,1203,0,0,0,2017-04-19,32434000,1195,21,0,0,0,0,0,0,0,0,1196,14,0,0,0,0,0,0,0,0
94,2017-04-19,09:00:35,0,FG709,XZCE,1197,1185,1203,13098,313347760,250956,251444,1275,1153,1214,1210,0,1203,0,0,0,2017-04-19,32435000,1195,14,0,0,0,0,0,0,0,0,1197,161,0,0,0,0,0,0,0,0
95,2017-04-19,09:00:35,0,FG709,XZCE,1196,1185,1203,13108,313586960,250956,251444,1275,1153,1214,1210,0,1203,0,0,0,2017-04-19,32435000,1195,27,0,0,0,0,0,0,0,0,1196,230,0,0,0,0,0,0,0,0
96,2017-04-19,09:00:36,0,FG709,XZCE,1195,1185,1203,13114,313730360,250960,251444,1275,1153,1214,1210,0,1203,0,0,0,2017-04-19,32436000,1195,30,0,0,0,0,0,0,0,0,1196,238,0,0,0,0,0,0,0,0
97,2017-04-19,09:00:36,0,FG709,XZCE,1195,1185,1203,13218,316215960,251004,251444,1275,1153,1214,1210,0,1203,0,0,0,2017-04-19,32436000,1194,264,0,0,0,0,0,0,0,0,1195,17,0,0,0,0,0,0,0,0
98,2017-04-19,09:00:37,0,FG709,XZCE,1195,1185,1203,13262,317267560,250966,251444,1275,1153,1214,1210,0,1203,0,0,0,2017-04-19,32437000,1194,265,0,0,0,0,0,0,0,0,1195,34,0,0,0,0,0,0,0,0
99,2017-04-19,09:00:37,0,FG709,XZCE,1195,1185,1203,13344,319227360,250890,251444,1275,1153,1214,1210,0,1203,0,0,0,2017-04-19,32437000,1194,255,0,0,0,0,0,0,0,0,1195,10,0,0,0,0,0,0,0,0
100,2017-04-19,09:00:38,0,FG709,XZCE,1194,1185,1203,13380,320087040,250892,251444,1275,1153,1214,1210,0,1203,0,0,0,2017-04-19,32438000,1194,245,0,0,0,0,0,0,0,0,1195,54,0,0,0,0,0,0,0,0
101,2017-04-19,09:00:38,0,FG709,XZCE,1195,1185,1203,13404,320660640,250900,251444,1275,1153,1214,1210,0,1203,0,0,0,2017-04-19,32438000,1194,242,0,0,0,0,0,0,0,0,1195,56,0,0,0,0,0,0,0,0
102,2017-04-19,09:00:39,0,FG709,XZCE,1195,1185,1203,13706,327878440,250786,251444,1275,1153,1214,1210,0,1203,0,0,0,2017-04-19,32439000,1194,141,0,0,0,0,0,0,0,0,1195,6,0,0,0,0,0,0,0,0
103,2017-04-19,09:00:39,0,FG709,XZCE,1195,1185,1203,13730,328452040,250776,251444,1275,1153,1214,1210,0,1203,0,0,0,2017-04-19,32439000,1194,146,0,0,0,0,0,0,0,0,1195,9,0,0,0,0,0,0,0,0
104,2017-04-19,09:00:40,0,FG709,XZCE,1195,1185,1203,13770,329408040,250738,251444,1275,1153,1214,1210,0,1203,0,0,0,2017-04-19,32440000,1195,1,0,0,0,0,0,0,0,0,1196,290,0,0,0,0,0,0,0,0
105,2017-04-19,09:00:40,0,FG709,XZCE,1195,1185,1203,13804,330220640,250728,251444,1275,1153,1214,1210,0,1203,0,0,0,2017-04-19,32440000,1195,16,0,0,0,0,0,0,0,0,1196,286,0,0,0,0,0,0,0,0
106,2017-04-19,09:00:41,0,FG709,XZCE,1195,1185,1203,14026,335526440,250732,251444,1275,1153,1214,1210,0,1203,0,0,0,2017-04-19,32441000,1195,163,0,0,0,0,0,0,0,0,1196,285,0,0,0,0,0,0,0,0
107,2017-04-19,09:00:41,0,FG709,XZCE,1195,1185,1203,14026,335526440,250732,251444,1275,1153,1214,1210,0,1203,0,0,0,2017-04-19,32441000,1195,164,0,0,0,0,0,0,0,0,1196,295,0,0,0,0,0,0,0,0
108,2017-04-19,09:00:42,0,FG709,XZCE,1196,1185,1203,14172,339018760,250726,251444,1275,1153,1214,1210,0,1203,0,0,0,2017-04-19,32442000,1195,336,0,0,0,0,0,0,0,0,1196,280,0,0,0,0,0,0,0,0
109,2017-04-19,09:00:42,0,FG709,XZCE,1195,1185,1203,14258,341074160,250722,251444,1275,1153,1214,1210,0,1203,0,0,0,2017-04-19,32442000,1195,293,0,0,0,0,0,0,0,0,1196,281,0,0,0,0,0,0,0,0
110,2017-04-19,09:00:43,0,FG709,XZCE,1196,1185,1203,14926,357052720,250262,251444,1275,1153,1214,1210,0,1203,0,0,0,2017-04-19,32443000,1196,6,0,0,0,0,0,0,0,0,1197,150,0,0,0,0,0,0,0,0
111,2017-04-19,09:00:43,0,FG709,XZCE,1195,1185,1203,14948,357578520,250252,251444,1275,1153,1214,1210,0,1203,0,0,0,2017-04-19,32443000,1196,30,0,0,0,0,0,0,0,0,1197,140,0,0,0,0,0,0,0,0
112,2017-04-19,09:00:44,0,FG709,XZCE,1196,1185,1203,14964,357961240,250252,251444,1275,1153,1214,1210,0,1203,0,0,0,2017-04-19,32444000,1196,24,0,0,0,0,0,0,0,0,1197,145,0,0,0,0,0,0,0,0
113,2017-04-19,09:00:44,0,FG709,XZCE,1196,1185,1203,14998,358774520,250252,251444,1275,1153,1214,1210,0,1203,0,0,0,2017-04-19,32444000,1196,51,0,0,0,0,0,0,0,0,1197,146,0,0,0,0,0,0,0,0
114,2017-04-19,09:00:45,0,FG709,XZCE,1197,1185,1203,15008,359013920,250248,251444,1275,1153,1214,1210,0,1203,0,0,0,2017-04-19,32445000,1196,99,0,0,0,0,0,0,0,0,1197,146,0,0,0,0,0,0,0,0
115,2017-04-19,09:00:45,0,FG709,XZCE,1196,1185,1203,15100,361214560,250196,251444,1275,1153,1214,1210,0,1203,0,0,0,2017-04-19,32445000,1196,81,0,0,0,0,0,0,0,0,1197,142,0,0,0,0,0,0,0,0
116,2017-04-19,09:00:46,0,FG709,XZCE,1196,1185,1203,15144,362267040,250210,251444,1275,1153,1214,1210,0,1203,0,0,0,2017-04-19,32446000,1196,85,0,0,0,0,0,0,0,0,1197,142,0,0,0,0,0,0,0,0
117,2017-04-19,09:00:46,0,FG709,XZCE,1196,1185,1203,15160,362649760,250216,251444,1275,1153,1214,1210,0,1203,0,0,0,2017-04-19,32446000,1196,80,0,0,0,0,0,0,0,0,1197,142,0,0,0,0,0,0,0,0
118,2017-04-19,09:00:47,0,FG709,XZCE,1197,1185,1203,15176,363032800,250222,251444,1275,1153,1214,1210,0,1203,0,0,0,2017-04-19,32447000,1196,132,0,0,0,0,0,0,0,0,1197,142,0,0,0,0,0,0,0,0
119,2017-04-19,09:00:47,0,FG709,XZCE,1197,1185,1203,15226,364229800,250242,251444,1275,1153,1214,1210,0,1203,0,0,0,2017-04-19,32447000,1196,122,0,0,0,0,0,0,0,0,1197,127,0,0,0,0,0,0,0,0
120,2017-04-19,09:00:48,0,FG709,XZCE,1197,1185,1203,15238,364517080,250244,251444,1275,1153,1214,1210,0,1203,0,0,0,2017-04-19,32448000,1196,121,0,0,0,0,0,0,0,0,1197,122,0,0,0,0,0,0,0,0
121,2017-04-19,09:00:48,0,FG709,XZCE,1197,1185,1203,15248,364756480,250246,251444,1275,1153,1214,1210,0,1203,0,0,0,2017-04-19,32448000,1196,123,0,0,0,0,0,0,0,0,1197,112,0,0,0,0,0,0,0,0
122,2017-04-19,09:00:49,0,FG709,XZCE,1196,1185,1203,15282,365569760,250268,251444,1275,1153,1214,1210,0,1203,0,0,0,2017-04-19,32449000,1196,106,0,0,0,0,0,0,0,0,1197,112,0,0,0,0,0,0,0,0
123,2017-04-19,09:00:49,0,FG709,XZCE,1197,1185,1203,15298,365952800,250264,251444,1275,1153,1214,1210,0,1203,0,0,0,2017-04-19,32449000,1196,113,0,0,0,0,0,0,0,0,1197,107,0,0,0,0,0,0,0,0
124,2017-04-19,09:00:50,0,FG709,XZCE,1197,1185,1203,15362,367484960,250234,251444,1275,1153,1214,1210,0,1203,0,0,0,2017-04-19,32450000,1196,107,0,0,0,0,0,0,0,0,1197,92,0,0,0,0,0,0,0,0
125,2017-04-19,09:00:50,0,FG709,XZCE,1196,1185,1203,15368,367628480,250234,251444,1275,1153,1214,1210,0,1203,0,0,0,2017-04-19,32450000,1196,108,0,0,0,0,0,0,0,0,1197,103,0,0,0,0,0,0,0,0
126,2017-04-19,09:00:51,0,FG709,XZCE,1197,1185,1203,15384,368011520,250234,251444,1275,1153,1214,1210,0,1203,0,0,0,2017-04-19,32451000,1196,103,0,0,0,0,0,0,0,0,1197,135,0,0,0,0,0,0,0,0
127,2017-04-19,09:00:51,0,FG709,XZCE,1197,1185,1203,15390,368155160,250236,251444,1275,1153,1214,1210,0,1203,0,0,0,2017-04-19,32451000,1196,104,0,0,0,0,0,0,0,0,1197,132,0,0,0,0,0,0,0,0
128,2017-04-19,09:00:52,0,FG709,XZCE,1198,1185,1203,15880,379895560,250124,251444,1275,1153,1214,1210,0,1203,0,0,0,2017-04-19,32452000,1198,16,0,0,0,0,0,0,0,0,1199,204,0,0,0,0,0,0,0,0
129,2017-04-19,09:00:52,0,FG709,XZCE,1198,1185,1203,15900,380374760,250112,251444,1275,1153,1214,1210,0,1203,0,0,0,2017-04-19,32452000,1198,6,0,0,0,0,0,0,0,0,1199,204,0,0,0,0,0,0,0,0
130,2017-04-19,09:00:53,0,FG709,XZCE,1198,1185,1203,15940,381333160,250088,251444,1275,1153,1214,1210,0,1203,0,0,0,2017-04-19,32453000,1197,176,0,0,0,0,0,0,0,0,1198,16,0,0,0,0,0,0,0,0
131,2017-04-19,09:00:53,0,FG709,XZCE,1197,1185,1203,15942,381381040,250086,251444,1275,1153,1214,1210,0,1203,0,0,0,2017-04-19,32453000,1197,201,0,0,0,0,0,0,0,0,1198,16,0,0,0,0,0,0,0,0
132,2017-04-19,09:00:54,0,FG709,XZCE,1198,1185,1203,15958,381764400,250074,251444,1275,1153,1214,1210,0,1203,0,0,0,2017-04-19,32454000,1197,229,0,0,0,0,0,0,0,0,1198,21,0,0,0,0,0,0,0,0
133,2017-04-19,09:00:54,0,FG709,XZCE,1197,1185,1203,15968,382003800,250074,251444,1275,1153,1214,1210,0,1203,0,0,0,2017-04-19,32454000,1197,200,0,0,0,0,0,0,0,0,1198,22,0,0,0,0,0,0,0,0
134,2017-04-19,09:00:55,0,FG709,XZCE,1198,1185,1203,16058,384160200,250018,251444,1275,1153,1214,1210,0,1203,0,0,0,2017-04-19,32455000,1197,183,0,0,0,0,0,0,0,0,1198,5,0,0,0,0,0,0,0,0
135,2017-04-19,09:00:55,0,FG709,XZCE,1198,1185,1203,16086,384831080,249996,251444,1275,1153,1214,1210,0,1203,0,0,0,2017-04-19,32455000,1198,28,0,0,0,0,0,0,0,0,1199,204,0,0,0,0,0,0,0,0
136,2017-04-19,09:00:56,0,FG709,XZCE,1198,1185,1203,16106,385310280,249980,251444,1275,1153,1214,1210,0,1203,0,0,0,2017-04-19,32456000,1198,21,0,0,0,0,0,0,0,0,1199,198,0,0,0,0,0,0,0,0
137,2017-04-19,09:00:56,0,FG709,XZCE,1198,1185,1203,16140,386124920,249990,251444,1275,1153,1214,1210,0,1203,0,0,0,2017-04-19,32456000,1198,34,0,0,0,0,0,0,0,0,1199,199,0,0,0,0,0,0,0,0
138,2017-04-19,09:00:57,0,FG709,XZCE,1198,1185,1203,16146,386268680,249992,251444,1275,1153,1214,1210,0,1203,0,0,0,2017-04-19,32457000,1198,48,0,0,0,0,0,0,0,0,1199,199,0,0,0,0,0,0,0,0
139,2017-04-19,09:00:57,0,FG709,XZCE,1199,1185,1203,16156,386508480,250002,251444,1275,1153,1214,1210,0,1203,0,0,0,2017-04-19,32457000,1198,57,0,0,0,0,0,0,0,0,1199,194,0,0,0,0,0,0,0,0
140,2017-04-19,09:00:58,0,FG709,XZCE,1198,1185,1203,16288,389671200,249988,251444,1275,1153,1214,1210,0,1203,0,0,0,2017-04-19,32458000,1198,71,0,0,0,0,0,0,0,0,1199,133,0,0,0,0,0,0,0,0
141,2017-04-19,09:00:58,0,FG709,XZCE,1199,1185,1203,16368,391589600,249946,251444,1275,1153,1214,1210,0,1203,0,0,0,2017-04-19,32458000,1198,93,0,0,0,0,0,0,0,0,1199,189,0,0,0,0,0,0,0,0
142,2017-04-19,09:00:59,0,FG709,XZCE,1198,1185,1203,16384,391972960,249946,251444,1275,1153,1214,1210,0,1203,0,0,0,2017-04-19,32459000,1198,116,0,0,0,0,0,0,0,0,1199,190,0,0,0,0,0,0,0,0
143,2017-04-19,09:00:59,0,FG709,XZCE,1198,1185,1203,16664,398681760,249884,251444,1275,1153,1214,1210,0,1203,0,0,0,2017-04-19,32459000,1198,117,0,0,0,0,0,0,0,0,1199,66,0,0,0,0,0,0,0,0
144,2017-04-19,09:01:00,0,FG709,XZCE,1199,1185,1203,16808,402134880,249784,251444,1275,1153,1214,1210,0,1203,0,0,0,2017-04-19,32460000,1198,134,0,0,0,0,0,0,0,0,1199,8,0,0,0,0,0,0,0,0
145,2017-04-19,09:01:00,0,FG709,XZCE,1199,1185,1203,16974,406115560,249748,251444,1275,1153,1214,1210,0,1203,0,0,0,2017-04-19,32460000,1199,39,0,0,0,0,0,0,0,0,1200,116,0,0,0,0,0,0,0,0
146,2017-04-19,09:01:01,0,FG709,XZCE,1200,1185,1203,17104,409235560,249736,251444,1275,1153,1214,1210,0,1203,0,0,0,2017-04-19,32461000,1199,32,0,0,0,0,0,0,0,0,1200,61,0,0,0,0,0,0,0,0
147,2017-04-19,09:01:01,0,FG709,XZCE,1201,1185,1203,17368,415576840,249690,251444,1275,1153,1214,1210,0,1203,0,0,0,2017-04-19,32461000,1201,19,0,0,0,0,0,0,0,0,1202,110,0,0,0,0,0,0,0,0
148,2017-04-19,09:01:02,0,FG709,XZCE,1201,1185,1203,17528,419420040,249602,251444,1275,1153,1214,1210,0,1203,0,0,0,2017-04-19,32462000,1201,19,0,0,0,0,0,0,0,0,1202,41,0,0,0,0,0,0,0,0
149,2017-04-19,09:01:02,0,FG709,XZCE,1201,1185,1203,17572,420476920,249600,251444,1275,1153,1214,1210,0,1203,0,0,0,2017-04-19,32462000,1201,6,0,0,0,0,0,0,0,0,1202,33,0,0,0,0,0,0,0,0
150,2017-04-19,09:01:03,0,FG709,XZCE,1202,1185,1203,17670,422832840,249542,251444,1275,1153,1214,1210,0,1203,0,0,0,2017-04-19,32463000,1202,19,0,0,0,0,0,0,0,0,1203,122,0,0,0,0,0,0,0,0
151,2017-04-19,09:01:03,0,FG709,XZCE,1201,1185,1203,17716,423937760,249500,251444,1275,1153,1214,1210,0,1203,0,0,0,2017-04-19,32463000,1201,15,0,0,0,0,0,0,0,0,1202,68,0,0,0,0,0,0,0,0
152,2017-04-19,09:01:04,0,FG709,XZCE,1201,1185,1203,17740,424514240,249478,251444,1275,1153,1214,1210,0,1203,0,0,0,2017-04-19,32464000,1201,13,0,0,0,0,0,0,0,0,1202,59,0,0,0,0,0,0,0,0
153,2017-04-19,09:01:04,0,FG709,XZCE,1202,1185,1203,17756,424898880,249478,251444,1275,1153,1214,1210,0,1203,0,0,0,2017-04-19,32464000,1201,10,0,0,0,0,0,0,0,0,1202,45,0,0,0,0,0,0,0,0
154,2017-04-19,09:01:05,0,FG709,XZCE,1202,1185,1203,17810,426197040,249428,251444,1275,1153,1214,1210,0,1203,0,0,0,2017-04-19,32465000,1201,2,0,0,0,0,0,0,0,0,1202,32,0,0,0,0,0,0,0,0
155,2017-04-19,09:01:05,0,FG709,XZCE,1200,1185,1203,17822,426485040,249434,251444,1275,1153,1214,1210,0,1203,0,0,0,2017-04-19,32465000,1200,58,0,0,0,0,0,0,0,0,1202,42,0,0,0,0,0,0,0,0
156,2017-04-19,09:01:06,0,FG709,XZCE,1202,1185,1203,17910,428600560,249380,251444,1275,1153,1214,1210,0,1203,0,0,0,2017-04-19,32466000,1201,33,0,0,0,0,0,0,0,0,1202,25,0,0,0,0,0,0,0,0
157,2017-04-19,09:01:06,0,FG709,XZCE,1201,1185,1203,17970,430041760,249376,251444,1275,1153,1214,1210,0,1203,0,0,0,2017-04-19,32466000,1201,22,0,0,0,0,0,0,0,0,1202,31,0,0,0,0,0,0,0,0
158,2017-04-19,09:01:07,0,FG709,XZCE,1201,1185,1203,18090,432924160,249334,251444,1275,1153,1214,1210,0,1203,0,0,0,2017-04-19,32467000,1201,4,0,0,0,0,0,0,0,0,1202,99,0,0,0,0,0,0,0,0
159,2017-04-19,09:01:07,0,FG709,XZCE,1202,1185,1203,18206,435712800,249358,251444,1275,1153,1214,1210,0,1203,0,0,0,2017-04-19,32467000,1200,41,0,0,0,0,0,0,0,0,1201,32,0,0,0,0,0,0,0,0
160,2017-04-19,09:01:08,0,FG709,XZCE,1201,1185,1203,18320,438451080,249304,251444,1275,1153,1214,1210,0,1203,0,0,0,2017-04-19,32468000,1201,36,0,0,0,0,0,0,0,0,1202,109,0,0,0,0,0,0,0,0
161,2017-04-19,09:01:08,0,FG709,XZCE,1201,1185,1203,18402,440420720,249228,251444,1275,1153,1214,1210,0,1203,0,0,0,2017-04-19,32468000,1201,34,0,0,0,0,0,0,0,0,1202,140,0,0,0,0,0,0,0,0
162,2017-04-19,09:01:09,0,FG709,XZCE,1201,1185,1203,18414,440708960,249220,251444,1275,1153,1214,1210,0,1203,0,0,0,2017-04-19,32469000,1201,50,0,0,0,0,0,0,0,0,1202,144,0,0,0,0,0,0,0,0
163,2017-04-19,09:01:09,0,FG709,XZCE,1201,1185,1203,18446,441477600,249202,251444,1275,1153,1214,1210,0,1203,0,0,0,2017-04-19,32469000,1201,78,0,0,0,0,0,0,0,0,1202,145,0,0,0,0,0,0,0,0
164,2017-04-19,09:01:10,0,FG709,XZCE,1201,1185,1203,18468,442006040,249192,251444,1275,1153,1214,1210,0,1203,0,0,0,2017-04-19,32470000,1201,69,0,0,0,0,0,0,0,0,1202,144,0,0,0,0,0,0,0,0
165,2017-04-19,09:01:10,0,FG709,XZCE,1201,1185,1203,18508,442966840,249174,251444,1275,1153,1214,1210,0,1203,0,0,0,2017-04-19,32470000,1201,55,0,0,0,0,0,0,0,0,1202,138,0,0,0,0,0,0,0,0
166,2017-04-19,09:01:11,0,FG709,XZCE,1201,1185,1203,18540,443735480,249188,251444,1275,1153,1214,1210,0,1203,0,0,0,2017-04-19,32471000,1201,41,0,0,0,0,0,0,0,0,1202,139,0,0,0,0,0,0,0,0
167,2017-04-19,09:01:11,0,FG709,XZCE,1202,1185,1203,18576,444600920,249198,251444,1275,1153,1214,1210,0,1203,0,0,0,2017-04-19,32471000,1201,37,0,0,0,0,0,0,0,0,1202,166,0,0,0,0,0,0,0,0
168,2017-04-19,09:01:12,0,FG709,XZCE,1201,1185,1203,18670,446858800,249272,251444,1275,1153,1214,1210,0,1203,0,0,0,2017-04-19,32472000,1201,10,0,0,0,0,0,0,0,0,1202,148,0,0,0,0,0,0,0,0
169,2017-04-19,09:01:12,0,FG709,XZCE,1200,1185,1203,18954,453674800,249142,251444,1275,1153,1214,1210,0,1203,0,0,0,2017-04-19,32472000,1200,50,0,0,0,0,0,0,0,0,1201,48,0,0,0,0,0,0,0,0
170,2017-04-19,09:01:13,0,FG709,XZCE,1201,1185,1203,18964,453915000,249144,251444,1275,1153,1214,1210,0,1203,0,0,0,2017-04-19,32473000,1200,50,0,0,0,0,0,0,0,0,1201,47,0,0,0,0,0,0,0,0
171,2017-04-19,09:01:13,0,FG709,XZCE,1201,1185,1203,18996,454683640,249148,251444,1275,1153,1214,1210,0,1203,0,0,0,2017-04-19,32473000,1200,49,0,0,0,0,0,0,0,0,1201,55,0,0,0,0,0,0,0,0
172,2017-04-19,09:01:14,0,FG709,XZCE,1201,1185,1203,19008,454971880,249150,251444,1275,1153,1214,1210,0,1203,0,0,0,2017-04-19,32474000,1200,48,0,0,0,0,0,0,0,0,1201,51,0,0,0,0,0,0,0,0
173,2017-04-19,09:01:14,0,FG709,XZCE,1200,1185,1203,19114,457515880,249166,251444,1275,1153,1214,1210,0,1203,0,0,0,2017-04-19,32474000,1200,2,0,0,0,0,0,0,0,0,1201,67,0,0,0,0,0,0,0,0
174,2017-04-19,09:01:15,0,FG709,XZCE,1201,1185,1203,19186,459245320,249130,251444,1275,1153,1214,1210,0,1203,0,0,0,2017-04-19,32475000,1200,5,0,0,0,0,0,0,0,0,1201,26,0,0,0,0,0,0,0,0
175,2017-04-19,09:01:15,0,FG709,XZCE,1201,1185,1203,19206,459725720,249130,251444,1275,1153,1214,1210,0,1203,0,0,0,2017-04-19,32475000,1200,67,0,0,0,0,0,0,0,0,1201,22,0,0,0,0,0,0,0,0
176,2017-04-19,09:01:16,0,FG709,XZCE,1201,1185,1203,19298,461935560,249064,251444,1275,1153,1214,1210,0,1203,0,0,0,2017-04-19,32476000,1201,5,0,0,0,0,0,0,0,0,1202,111,0,0,0,0,0,0,0,0
177,2017-04-19,09:01:16,0,FG709,XZCE,1201,1185,1203,19370,463665000,249056,251444,1275,1153,1214,1210,0,1203,0,0,0,2017-04-19,32476000,1201,19,0,0,0,0,0,0,0,0,1202,85,0,0,0,0,0,0,0,0
178,2017-04-19,09:01:17,0,FG709,XZCE,1201,1185,1203,19382,463953240,249056,251444,1275,1153,1214,1210,0,1203,0,0,0,2017-04-19,32477000,1201,26,0,0,0,0,0,0,0,0,1202,87,0,0,0,0,0,0,0,0
179,2017-04-19,09:01:17,0,FG709,XZCE,1201,1185,1203,19570,468469000,248930,251444,1275,1153,1214,1210,0,1203,0,0,0,2017-04-19,32477000,1201,67,0,0,0,0,0,0,0,0,1202,18,0,0,0,0,0,0,0,0
180,2017-04-19,09:01:18,0,FG709,XZCE,1201,1185,1203,19612,469477840,248912,251444,1275,1153,1214,1210,0,1203,0,0,0,2017-04-19,32478000,1201,56,0,0,0,0,0,0,0,0,1202,19,0,0,0,0,0,0,0,0
181,2017-04-19,09:01:18,0,FG709,XZCE,1202,1185,1203,19618,469622080,248914,251444,1275,1153,1214,1210,0,1203,0,0,0,2017-04-19,32478000,1201,54,0,0,0,0,0,0,0,0,1202,20,0,0,0,0,0,0,0,0
182,2017-04-19,09:01:19,0,FG709,XZCE,1201,1185,1203,19656,470534840,248910,251444,1275,1153,1214,1210,0,1203,0,0,0,2017-04-19,32479000,1201,38,0,0,0,0,0,0,0,0,1202,17,0,0,0,0,0,0,0,0
183,2017-04-19,09:01:19,0,FG709,XZCE,1201,1185,1203,19740,472552520,248888,251444,1275,1153,1214,1210,0,1203,0,0,0,2017-04-19,32479000,1200,47,0,0,0,0,0,0,0,0,1201,1,0,0,0,0,0,0,0,0
184,2017-04-19,09:01:20,0,FG709,XZCE,1201,1185,1203,19760,473032920,248890,251444,1275,1153,1214,1210,0,1203,0,0,0,2017-04-19,32480000,1200,49,0,0,0,0,0,0,0,0,1201,18,0,0,0,0,0,0,0,0
185,2017-04-19,09:01:20,0,FG709,XZCE,1201,1185,1203,19766,473177040,248888,251444,1275,1153,1214,1210,0,1203,0,0,0,2017-04-19,32480000,1200,35,0,0,0,0,0,0,0,0,1201,18,0,0,0,0,0,0,0,0
186,2017-04-19,09:01:21,0,FG709,XZCE,1200,1185,1203,19774,473369040,248886,251444,1275,1153,1214,1210,0,1203,0,0,0,2017-04-19,32481000,1200,17,0,0,0,0,0,0,0,0,1201,26,0,0,0,0,0,0,0,0
187,2017-04-19,09:01:21,0,FG709,XZCE,1202,1185,1203,19836,474859520,248856,251444,1275,1153,1214,1210,0,1203,0,0,0,2017-04-19,32481000,1200,32,0,0,0,0,0,0,0,0,1202,98,0,0,0,0,0,0,0,0
188,2017-04-19,09:01:22,0,FG709,XZCE,1202,1185,1203,19836,474859520,248856,251444,1275,1153,1214,1210,0,1203,0,0,0,2017-04-19,32482000,1200,39,0,0,0,0,0,0,0,0,1201,46,0,0,0,0,0,0,0,0
189,2017-04-19,09:01:22,0,FG709,XZCE,1201,1185,1203,19848,475147760,248844,251444,1275,1153,1214,1210,0,1203,0,0,0,2017-04-19,32482000,1200,39,0,0,0,0,0,0,0,0,1201,43,0,0,0,0,0,0,0,0
190,2017-04-19,09:01:23,0,FG709,XZCE,1200,1185,1203,19854,475291760,248840,251444,1275,1153,1214,1210,0,1203,0,0,0,2017-04-19,32483000,1200,43,0,0,0,0,0,0,0,0,1201,43,0,0,0,0,0,0,0,0
191,2017-04-19,09:01:23,0,FG709,XZCE,1201,1185,1203,19884,476012360,248836,251444,1275,1153,1214,1210,0,1203,0,0,0,2017-04-19,32483000,1200,52,0,0,0,0,0,0,0,0,1201,27,0,0,0,0,0,0,0,0
192,2017-04-19,09:01:24,0,FG709,XZCE,1201,1185,1203,19900,476396680,248832,251444,1275,1153,1214,1210,0,1203,0,0,0,2017-04-19,32484000,1200,56,0,0,0,0,0,0,0,0,1201,7,0,0,0,0,0,0,0,0
193,2017-04-19,09:01:24,0,FG709,XZCE,1201,1185,1203,19920,476877080,248812,251444,1275,1153,1214,1210,0,1203,0,0,0,2017-04-19,32484000,1200,58,0,0,0,0,0,0,0,0,1201,2,0,0,0,0,0,0,0,0
194,2017-04-19,09:01:25,0,FG709,XZCE,1200,1185,1203,19928,477069080,248812,251444,1275,1153,1214,1210,0,1203,0,0,0,2017-04-19,32485000,1200,56,0,0,0,0,0,0,0,0,1201,3,0,0,0,0,0,0,0,0
195,2017-04-19,09:01:25,0,FG709,XZCE,1200,1185,1203,19952,477645080,248802,251444,1275,1153,1214,1210,0,1203,0,0,0,2017-04-19,32485000,1200,54,0,0,0,0,0,0,0,0,1201,13,0,0,0,0,0,0,0,0
196,2017-04-19,09:01:26,0,FG709,XZCE,1200,1185,1203,20026,479421080,248802,251444,1275,1153,1214,1210,0,1203,0,0,0,2017-04-19,32486000,1199,51,0,0,0,0,0,0,0,0,1200,26,0,0,0,0,0,0,0,0
197,2017-04-19,09:01:26,0,FG709,XZCE,1200,1185,1203,20040,479757080,248788,251444,1275,1153,1214,1210,0,1203,0,0,0,2017-04-19,32486000,1199,51,0,0,0,0,0,0,0,0,1200,32,0,0,0,0,0,0,0,0
198,2017-04-19,09:01:27,0,FG709,XZCE,1201,1185,1203,20214,483936560,248698,251444,1275,1153,1214,1210,0,1203,0,0,0,2017-04-19,32487000,1200,10,0,0,0,0,0,0,0,0,1201,10,0,0,0,0,0,0,0,0
199,2017-04-19,09:01:27,0,FG709,XZCE,1201,1185,1203,20224,484176760,248692,251444,1275,1153,1214,1210,0,1203,0,0,0,2017-04-19,32487000,1199,74,0,0,0,0,0,0,0,0,1201,31,0,0,0,0,0,0,0,0
200,2017-04-19,09:01:28,0,FG709,XZCE,1199,1185,1203,20230,484320640,248692,251444,1275,1153,1214,1210,0,1203,0,0,0,2017-04-19,32488000,1199,71,0,0,0,0,0,0,0,0,1201,34,0,0,0,0,0,0,0,0
201,2017-04-19,09:01:28,0,FG709,XZCE,1199,1185,1203,20238,484512480,248690,251444,1275,1153,1214,1210,0,1203,0,0,0,2017-04-19,32488000,1199,68,0,0,0,0,0,0,0,0,1200,86,0,0,0,0,0,0,0,0
202,2017-04-19,09:01:29,0,FG709,XZCE,1199,1185,1203,20238,484512480,248690,251444,1275,1153,1214,1210,0,1203,0,0,0,2017-04-19,32489000,1199,52,0,0,0,0,0,0,0,0,1200,87,0,0,0,0,0,0,0,0
203,2017-04-19,09:01:29,0,FG709,XZCE,1200,1185,1203,20244,484656480,248690,251444,1275,1153,1214,1210,0,1203,0,0,0,2017-04-19,32489000,1199,52,0,0,0,0,0,0,0,0,1200,84,0,0,0,0,0,0,0,0
204,2017-04-19,09:01:30,0,FG709,XZCE,1200,1185,1203,20244,484656480,248690,251444,1275,1153,1214,1210,0,1203,0,0,0,2017-04-19,32490000,1199,53,0,0,0,0,0,0,0,0,1200,84,0,0,0,0,0,0,0,0
205,2017-04-19,09:01:30,0,FG709,XZCE,1200,1185,1203,20246,484704480,248688,251444,1275,1153,1214,1210,0,1203,0,0,0,2017-04-19,32490000,1199,54,0,0,0,0,0,0,0,0,1200,83,0,0,0,0,0,0,0,0
206,2017-04-19,09:01:31,0,FG709,XZCE,1200,1185,1203,20252,484848480,248688,251444,1275,1153,1214,1210,0,1203,0,0,0,2017-04-19,32491000,1199,53,0,0,0,0,0,0,0,0,1200,98,0,0,0,0,0,0,0,0
207,2017-04-19,09:01:31,0,FG709,XZCE,1200,1185,1203,20270,485280480,248688,251444,1275,1153,1214,1210,0,1203,0,0,0,2017-04-19,32491000,1199,50,0,0,0,0,0,0,0,0,1200,96,0,0,0,0,0,0,0,0
208,2017-04-19,09:01:32,0,FG709,XZCE,1200,1185,1203,20274,485376480,248684,251444,1275,1153,1214,1210,0,1203,0,0,0,2017-04-19,32492000,1199,57,0,0,0,0,0,0,0,0,1200,96,0,0,0,0,0,0,0,0
209,2017-04-19,09:01:32,0,FG709,XZCE,1199,1185,1203,20284,485616280,248688,251444,1275,1153,1214,1210,0,1203,0,0,0,2017-04-19,32492000,1199,54,0,0,0,0,0,0,0,0,1200,95,0,0,0,0,0,0,0,0
210,2017-04-19,09:01:33,0,FG709,XZCE,1199,1185,1203,20400,488397960,248686,251444,1275,1153,1214,1210,0,1203,0,0,0,2017-04-19,32493000,1199,65,0,0,0,0,0,0,0,0,1201,110,0,0,0,0,0,0,0,0
211,2017-04-19,09:01:33,0,FG709,XZCE,1200,1185,1203,20420,488877960,248692,251444,1275,1153,1214,1210,0,1203,0,0,0,2017-04-19,32493000,1200,8,0,0,0,0,0,0,0,0,1201,110,0,0,0,0,0,0,0,0
212,2017-04-19,09:01:34,0,FG709,XZCE,1200,1185,1203,20492,490605960,248640,251444,1275,1153,1214,1210,0,1203,0,0,0,2017-04-19,32494000,1200,16,0,0,0,0,0,0,0,0,1201,84,0,0,0,0,0,0,0,0
213,2017-04-19,09:01:34,0,FG709,XZCE,1200,1185,1203,20522,491325960,248644,251444,1275,1153,1214,1210,0,1203,0,0,0,2017-04-19,32494000,1200,4,0,0,0,0,0,0,0,0,1201,83,0,0,0,0,0,0,0,0
214,2017-04-19,09:01:35,0,FG709,XZCE,1199,1185,1203,20564,492333120,248620,251444,1275,1153,1214,1210,0,1203,0,0,0,2017-04-19,32495000,1199,43,0,0,0,0,0,0,0,0,1200,297,0,0,0,0,0,0,0,0
215,2017-04-19,09:01:35,0,FG709,XZCE,1200,1185,1203,20662,494685120,248620,251444,1275,1153,1214,1210,0,1203,0,0,0,2017-04-19,32495000,1199,41,0,0,0,0,0,0,0,0,1200,252,0,0,0,0,0,0,0,0
216,2017-04-19,09:01:36,0,FG709,XZCE,1200,1185,1203,20664,494733120,248622,251444,1275,1153,1214,1210,0,1203,0,0,0,2017-04-19,32496000,1199,42,0,0,0,0,0,0,0,0,1200,286,0,0,0,0,0,0,0,0
217,2017-04-19,09:01:36,0,FG709,XZCE,1200,1185,1203,20666,494781120,248622,251444,1275,1153,1214,1210,0,1203,0,0,0,2017-04-19,32496000,1199,39,0,0,0,0,0,0,0,0,1200,338,0,0,0,0,0,0,0,0
218,2017-04-19,09:01:37,0,FG709,XZCE,1200,1185,1203,20684,495213120,248626,251444,1275,1153,1214,1210,0,1203,0,0,0,2017-04-19,32497000,1199,32,0,0,0,0,0,0,0,0,1200,337,0,0,0,0,0,0,0,0
219,2017-04-19,09:01:37,0,FG709,XZCE,1200,1185,1203,20684,495213120,248626,251444,1275,1153,1214,1210,0,1203,0,0,0,2017-04-19,32497000,1199,26,0,0,0,0,0,0,0,0,1200,337,0,0,0,0,0,0,0,0
220,2017-04-19,09:01:38,0,FG709,XZCE,1199,1185,1203,20978,502263240,248866,251444,1275,1153,1214,1210,0,1203,0,0,0,2017-04-19,32498000,1199,26,0,0,0,0,0,0,0,0,1200,225,0,0,0,0,0,0,0,0
221,2017-04-19,09:01:38,0,FG709,XZCE,1199,1185,1203,21100,505188800,248764,251444,1275,1153,1214,1210,0,1203,0,0,0,2017-04-19,32498000,1198,105,0,0,0,0,0,0,0,0,1199,3,0,0,0,0,0,0,0,0
222,2017-04-19,09:01:39,0,FG709,XZCE,1200,1185,1203,21118,505620800,248762,251444,1275,1153,1214,1210,0,1203,0,0,0,2017-04-19,32499000,1199,14,0,0,0,0,0,0,0,0,1200,224,0,0,0,0,0,0,0,0
223,2017-04-19,09:01:39,0,FG709,XZCE,1198,1185,1203,21126,505812480,248762,251444,1275,1153,1214,1210,0,1203,0,0,0,2017-04-19,32499000,1198,115,0,0,0,0,0,0,0,0,1199,13,0,0,0,0,0,0,0,0
224,2017-04-19,09:01:40,0,FG709,XZCE,1198,1185,1203,21152,506435440,248762,251444,1275,1153,1214,1210,0,1203,0,0,0,2017-04-19,32500000,1198,113,0,0,0,0,0,0,0,0,1199,3,0,0,0,0,0,0,0,0
225,2017-04-19,09:01:40,0,FG709,XZCE,1199,1185,1203,21162,506675240,248760,251444,1275,1153,1214,1210,0,1203,0,0,0,2017-04-19,32500000,1199,7,0,0,0,0,0,0,0,0,1200,230,0,0,0,0,0,0,0,0
226,2017-04-19,09:01:41,0,FG709,XZCE,1199,1185,1203,21166,506771160,248760,251444,1275,1153,1214,1210,0,1203,0,0,0,2017-04-19,32501000,1199,5,0,0,0,0,0,0,0,0,1200,266,0,0,0,0,0,0,0,0
227,2017-04-19,09:01:41,0,FG709,XZCE,1199,1185,1203,21172,506915040,248758,251444,1275,1153,1214,1210,0,1203,0,0,0,2017-04-19,32501000,1199,1,0,0,0,0,0,0,0,0,1200,266,0,0,0,0,0,0,0,0
228,2017-04-19,09:01:42,0,FG709,XZCE,1198,1185,1203,21192,507394240,248754,251444,1275,1153,1214,1210,0,1203,0,0,0,2017-04-19,32502000,1198,107,0,0,0,0,0,0,0,0,1199,1,0,0,0,0,0,0,0,0
229,2017-04-19,09:01:42,0,FG709,XZCE,1199,1185,1203,21198,507538120,248752,251444,1275,1153,1214,1210,0,1203,0,0,0,2017-04-19,32502000,1199,50,0,0,0,0,0,0,0,0,1200,271,0,0,0,0,0,0,0,0
230,2017-04-19,09:01:43,0,FG709,XZCE,1199,1185,1203,21202,507634040,248748,251444,1275,1153,1214,1210,0,1203,0,0,0,2017-04-19,32503000,1199,51,0,0,0,0,0,0,0,0,1200,273,0,0,0,0,0,0,0,0
231,2017-04-19,09:01:43,0,FG709,XZCE,1199,1185,1203,21222,508113640,248738,251444,1275,1153,1214,1210,0,1203,0,0,0,2017-04-19,32503000,1199,92,0,0,0,0,0,0,0,0,1200,274,0,0,0,0,0,0,0,0
232,2017-04-19,09:01:44,0,FG709,XZCE,1199,1185,1203,21304,510080000,248744,251444,1275,1153,1214,1210,0,1203,0,0,0,2017-04-19,32504000,1199,52,0,0,0,0,0,0,0,0,1200,277,0,0,0,0,0,0,0,0
233,2017-04-19,09:01:44,0,FG709,XZCE,1199,1185,1203,21332,510751440,248744,251444,1275,1153,1214,1210,0,1203,0,0,0,2017-04-19,32504000,1199,55,0,0,0,0,0,0,0,0,1200,286,0,0,0,0,0,0,0,0
234,2017-04-19,09:01:45,0,FG709,XZCE,1199,1185,1203,21338,510895320,248744,251444,1275,1153,1214,1210,0,1203,0,0,0,2017-04-19,32505000,1199,52,0,0,0,0,0,0,0,0,1200,289,0,0,0,0,0,0,0,0
235,2017-04-19,09:01:45,0,FG709,XZCE,1200,1185,1203,21346,511087320,248744,251444,1275,1153,1214,1210,0,1203,0,0,0,2017-04-19,32505000,1199,124,0,0,0,0,0,0,0,0,1200,285,0,0,0,0,0,0,0,0
236,2017-04-19,09:01:46,0,FG709,XZCE,1200,1185,1203,21354,511279320,248744,251444,1275,1153,1214,1210,0,1203,0,0,0,2017-04-19,32506000,1199,122,0,0,0,0,0,0,0,0,1200,286,0,0,0,0,0,0,0,0
237,2017-04-19,09:01:46,0,FG709,XZCE,1199,1185,1203,21556,516123280,248650,251444,1275,1153,1214,1210,0,1203,0,0,0,2017-04-19,32506000,1199,17,0,0,0,0,0,0,0,0,1200,295,0,0,0,0,0,0,0,0
238,2017-04-19,09:01:47,0,FG709,XZCE,1199,1185,1203,21566,516363080,248660,251444,1275,1153,1214,1210,0,1203,0,0,0,2017-04-19,32507000,1199,125,0,0,0,0,0,0,0,0,1200,296,0,0,0,0,0,0,0,0
239,2017-04-19,09:01:47,0,FG709,XZCE,1200,1185,1203,21848,523131080,248874,251444,1275,1153,1214,1210,0,1203,0,0,0,2017-04-19,32507000,1199,50,0,0,0,0,0,0,0,0,1200,288,0,0,0,0,0,0,0,0
240,2017-04-19,09:01:48,0,FG709,XZCE,1199,1185,1203,21854,523274960,248878,251444,1275,1153,1214,1210,0,1203,0,0,0,2017-04-19,32508000,1199,49,0,0,0,0,0,0,0,0,1200,286,0,0,0,0,0,0,0,0
241,2017-04-19,09:01:48,0,FG709,XZCE,1199,1185,1203,21856,523322920,248878,251444,1275,1153,1214,1210,0,1203,0,0,0,2017-04-19,32508000,1199,98,0,0,0,0,0,0,0,0,1200,311,0,0,0,0,0,0,0,0
242,2017-04-19,09:01:49,0,FG709,XZCE,1199,1185,1203,21860,523418840,248880,251444,1275,1153,1214,1210,0,1203,0,0,0,2017-04-19,32509000,1199,104,0,0,0,0,0,0,0,0,1200,329,0,0,0,0,0,0,0,0
243,2017-04-19,09:01:49,0,FG709,XZCE,1199,1185,1203,21862,523466800,248882,251444,1275,1153,1214,1210,0,1203,0,0,0,2017-04-19,32509000,1199,104,0,0,0,0,0,0,0,0,1200,329,0,0,0,0,0,0,0,0
244,2017-04-19,09:01:50,0,FG709,XZCE,1199,1185,1203,21904,524473960,248908,251444,1275,1153,1214,1210,0,1203,0,0,0,2017-04-19,32510000,1199,90,0,0,0,0,0,0,0,0,1200,322,0,0,0,0,0,0,0,0
245,2017-04-19,09:01:50,0,FG709,XZCE,1199,1185,1203,21950,525577040,248954,251444,1275,1153,1214,1210,0,1203,0,0,0,2017-04-19,32510000,1199,67,0,0,0,0,0,0,0,0,1200,327,0,0,0,0,0,0,0,0
246,2017-04-19,09:01:51,0,FG709,XZCE,1199,1185,1203,21976,526200520,248968,251444,1275,1153,1214,1210,0,1203,0,0,0,2017-04-19,32511000,1199,55,0,0,0,0,0,0,0,0,1200,326,0,0,0,0,0,0,0,0
247,2017-04-19,09:01:51,0,FG709,XZCE,1200,1185,1203,22008,526968520,248978,251444,1275,1153,1214,1210,0,1203,0,0,0,2017-04-19,32511000,1199,45,0,0,0,0,0,0,0,0,1200,320,0,0,0,0,0,0,0,0
248,2017-04-19,09:01:52,0,FG709,XZCE,1199,1185,1203,22010,527016480,248978,251444,1275,1153,1214,1210,0,1203,0,0,0,2017-04-19,32512000,1199,306,0,0,0,0,0,0,0,0,1200,321,0,0,0,0,0,0,0,0
249,2017-04-19,09:01:52,0,FG709,XZCE,1199,1185,1203,22034,527592000,248968,251444,1275,1153,1214,1210,0,1203,0,0,0,2017-04-19,32512000,1199,405,0,0,0,0,0,0,0,0,1200,318,0,0,0,0,0,0,0,0
250,2017-04-19,09:01:52,0,FG709,XZCE,1200,1185,1203,22040,527736000,248966,251444,1275,1153,1214,1210,0,1203,0,0,0,2017-04-19,32512000,1199,403,0,0,0,0,0,0,0,0,1200,317,0,0,0,0,0,0,0,0
251,2017-04-19,09:01:53,0,FG709,XZCE,1199,1185,1203,22044,527831920,248966,251444,1275,1153,1214,1210,0,1203,0,0,0,2017-04-19,32513000,1199,403,0,0,0,0,0,0,0,0,1200,327,0,0,0,0,0,0,0,0
252,2017-04-19,09:01:54,0,FG709,XZCE,1199,1185,1203,22134,529990120,248926,251444,1275,1153,1214,1210,0,1203,0,0,0,2017-04-19,32514000,1199,360,0,0,0,0,0,0,0,0,1200,327,0,0,0,0,0,0,0,0
253,2017-04-19,09:01:54,0,FG709,XZCE,1200,1185,1203,22196,531478120,248926,251444,1275,1153,1214,1210,0,1203,0,0,0,2017-04-19,32514000,1199,332,0,0,0,0,0,0,0,0,1200,326,0,0,0,0,0,0,0,0
254,2017-04-19,09:01:55,0,FG709,XZCE,1200,1185,1203,22200,531574120,248930,251444,1275,1153,1214,1210,0,1203,0,0,0,2017-04-19,32515000,1199,333,0,0,0,0,0,0,0,0,1200,324,0,0,0,0,0,0,0,0
255,2017-04-19,09:01:55,0,FG709,XZCE,1199,1185,1203,22206,531718000,248930,251444,1275,1153,1214,1210,0,1203,0,0,0,2017-04-19,32515000,1199,330,0,0,0,0,0,0,0,0,1200,325,0,0,0,0,0,0,0,0
256,2017-04-19,09:01:56,0,FG709,XZCE,1200,1185,1203,22252,532822000,248970,251444,1275,1153,1214,1210,0,1203,0,0,0,2017-04-19,32516000,1199,331,0,0,0,0,0,0,0,0,1200,311,0,0,0,0,0,0,0,0
257,2017-04-19,09:01:56,0,FG709,XZCE,1200,1185,1203,22294,533830000,248942,251444,1275,1153,1214,1210,0,1203,0,0,0,2017-04-19,32516000,1199,315,0,0,0,0,0,0,0,0,1200,308,0,0,0,0,0,0,0,0
258,2017-04-19,09:01:57,0,FG709,XZCE,1199,1185,1203,22320,534453480,248942,251444,1275,1153,1214,1210,0,1203,0,0,0,2017-04-19,32517000,1199,303,0,0,0,0,0,0,0,0,1200,309,0,0,0,0,0,0,0,0
259,2017-04-19,09:01:57,0,FG709,XZCE,1200,1185,1203,22344,535029480,248944,251444,1275,1153,1214,1210,0,1203,0,0,0,2017-04-19,32517000,1199,294,0,0,0,0,0,0,0,0,1200,307,0,0,0,0,0,0,0,0
260,2017-04-19,09:01:58,0,FG709,XZCE,1200,1185,1203,22348,535125480,248946,251444,1275,1153,1214,1210,0,1203,0,0,0,2017-04-19,32518000,1199,297,0,0,0,0,0,0,0,0,1200,307,0,0,0,0,0,0,0,0
261,2017-04-19,09:01:58,0,FG709,XZCE,1199,1185,1203,22372,535701000,248936,251444,1275,1153,1214,1210,0,1203,0,0,0,2017-04-19,32518000,1199,285,0,0,0,0,0,0,0,0,1200,307,0,0,0,0,0,0,0,0
262,2017-04-19,09:01:59,0,FG709,XZCE,1200,1185,1203,22582,540741000,249128,251444,1275,1153,1214,1210,0,1203,0,0,0,2017-04-19,32519000,1199,284,0,0,0,0,0,0,0,0,1200,208,0,0,0,0,0,0,0,0
263,2017-04-19,09:01:59,0,FG709,XZCE,1200,1185,1203,22600,541173000,249112,251444,1275,1153,1214,1210,0,1203,0,0,0,2017-04-19,32519000,1199,284,0,0,0,0,0,0,0,0,1200,209,0,0,0,0,0,0,0,0
264,2017-04-19,09:02:00,0,FG709,XZCE,1200,1185,1203,23024,551349000,248950,251444,1275,1153,1214,1210,0,1203,0,0,0,2017-04-19,32520000,1200,45,0,0,0,0,0,0,0,0,1201,166,0,0,0,0,0,0,0,0
265,2017-04-19,09:02:00,0,FG709,XZCE,1200,1185,1203,23032,551541000,248948,251444,1275,1153,1214,1210,0,1203,0,0,0,2017-04-19,32520000,1200,48,0,0,0,0,0,0,0,0,1201,166,0,0,0,0,0,0,0,0
266,2017-04-19,09:02:01,0,FG709,XZCE,1200,1185,1203,23032,551541000,248948,251444,1275,1153,1214,1210,0,1203,0,0,0,2017-04-19,32521000,1200,95,0,0,0,0,0,0,0,0,1201,168,0,0,0,0,0,0,0,0
267,2017-04-19,09:02:01,0,FG709,XZCE,1200,1185,1203,23050,551973000,248944,251444,1275,1153,1214,1210,0,1203,0,0,0,2017-04-19,32521000,1200,142,0,0,0,0,0,0,0,0,1201,163,0,0,0,0,0,0,0,0
268,2017-04-19,09:02:02,0,FG709,XZCE,1201,1185,1203,23074,552549480,248956,251444,1275,1153,1214,1210,0,1203,0,0,0,2017-04-19,32522000,1200,135,0,0,0,0,0,0,0,0,1201,162,0,0,0,0,0,0,0,0
269,2017-04-19,09:02:02,0,FG709,XZCE,1201,1185,1203,23074,552549480,248956,251444,1275,1153,1214,1210,0,1203,0,0,0,2017-04-19,32522000,1200,140,0,0,0,0,0,0,0,0,1201,167,0,0,0,0,0,0,0,0
270,2017-04-19,09:02:03,0,FG709,XZCE,1200,1185,1203,23190,555333480,248976,251444,1275,1153,1214,1210,0,1203,0,0,0,2017-04-19,32523000,1200,106,0,0,0,0,0,0,0,0,1201,154,0,0,0,0,0,0,0,0
271,2017-04-19,09:02:03,0,FG709,XZCE,1201,1185,1203,23198,555525640,248982,251444,1275,1153,1214,1210,0,1203,0,0,0,2017-04-19,32523000,1200,105,0,0,0,0,0,0,0,0,1201,150,0,0,0,0,0,0,0,0
272,2017-04-19,09:02:04,0,FG709,XZCE,1201,1185,1203,23200,555573680,248984,251444,1275,1153,1214,1210,0,1203,0,0,0,2017-04-19,32524000,1200,106,0,0,0,0,0,0,0,0,1201,149,0,0,0,0,0,0,0,0
273,2017-04-19,09:02:04,0,FG709,XZCE,1200,1185,1203,23242,556581680,248982,251444,1275,1153,1214,1210,0,1203,0,0,0,2017-04-19,32524000,1200,94,0,0,0,0,0,0,0,0,1201,136,0,0,0,0,0,0,0,0
274,2017-04-19,09:02:05,0,FG709,XZCE,1201,1185,1203,23332,558743480,248956,251444,1275,1153,1214,1210,0,1203,0,0,0,2017-04-19,32525000,1200,125,0,0,0,0,0,0,0,0,1201,94,0,0,0,0,0,0,0,0
275,2017-04-19,09:02:05,0,FG709,XZCE,1201,1185,1203,23530,563499440,248944,251444,1275,1153,1214,1210,0,1203,0,0,0,2017-04-19,32525000,1201,57,0,0,0,0,0,0,0,0,1202,205,0,0,0,0,0,0,0,0
276,2017-04-19,09:02:06,0,FG709,XZCE,1201,1185,1203,23746,568687760,249092,251444,1275,1153,1214,1210,0,1203,0,0,0,2017-04-19,32526000,1201,51,0,0,0,0,0,0,0,0,1202,103,0,0,0,0,0,0,0,0
277,2017-04-19,09:02:06,0,FG709,XZCE,1202,1185,1203,23776,569408960,249110,251444,1275,1153,1214,1210,0,1203,0,0,0,2017-04-19,32526000,1201,50,0,0,0,0,0,0,0,0,1202,90,0,0,0,0,0,0,0,0
278,2017-04-19,09:02:07,0,FG709,XZCE,1201,1185,1203,23788,569697200,249110,251444,1275,1153,1214,1210,0,1203,0,0,0,2017-04-19,32527000,1201,50,0,0,0,0,0,0,0,0,1202,96,0,0,0,0,0,0,0,0
279,2017-04-19,09:02:07,0,FG709,XZCE,1201,1185,1203,23818,570417800,249112,251444,1275,1153,1214,1210,0,1203,0,0,0,2017-04-19,32527000,1201,43,0,0,0,0,0,0,0,0,1202,97,0,0,0,0,0,0,0,0
280,2017-04-19,09:02:08,0,FG709,XZCE,1201,1185,1203,24230,580314040,249322,251444,1275,1153,1214,1210,0,1203,0,0,0,2017-04-19,32528000,1201,1,0,0,0,0,0,0,0,0,1202,130,0,0,0,0,0,0,0,0
281,2017-04-19,09:02:08,0,FG709,XZCE,1201,1185,1203,24246,580698360,249320,251444,1275,1153,1214,1210,0,1203,0,0,0,2017-04-19,32528000,1200,77,0,0,0,0,0,0,0,0,1201,18,0,0,0,0,0,0,0,0
282,2017-04-19,09:02:09,0,FG709,XZCE,1201,1185,1203,24358,583388600,249426,251444,1275,1153,1214,1210,0,1203,0,0,0,2017-04-19,32529000,1200,29,0,0,0,0,0,0,0,0,1201,17,0,0,0,0,0,0,0,0
283,2017-04-19,09:02:09,0,FG709,XZCE,1201,1185,1203,24412,584685680,249452,251444,1275,1153,1214,1210,0,1203,0,0,0,2017-04-19,32529000,1200,35,0,0,0,0,0,0,0,0,1201,24,0,0,0,0,0,0,0,0
284,2017-04-19,09:02:10,0,FG709,XZCE,1201,1185,1203,24526,587423960,249482,251444,1275,1153,1214,1210,0,1203,0,0,0,2017-04-19,32530000,1200,10,0,0,0,0,0,0,0,0,1201,34,0,0,0,0,0,0,0,0
285,2017-04-19,09:02:10,0,FG709,XZCE,1200,1185,1203,24552,588047960,249476,251444,1275,1153,1214,1210,0,1203,0,0,0,2017-04-19,32530000,1200,21,0,0,0,0,0,0,0,0,1201,33,0,0,0,0,0,0,0,0
286,2017-04-19,09:02:11,0,FG709,XZCE,1200,1185,1203,24572,588527960,249474,251444,1275,1153,1214,1210,0,1203,0,0,0,2017-04-19,32531000,1200,30,0,0,0,0,0,0,0,0,1201,34,0,0,0,0,0,0,0,0
287,2017-04-19,09:02:11,0,FG709,XZCE,1201,1185,1203,24586,588864240,249470,251444,1275,1153,1214,1210,0,1203,0,0,0,2017-04-19,32531000,1200,32,0,0,0,0,0,0,0,0,1201,32,0,0,0,0,0,0,0,0
288,2017-04-19,09:02:12,0,FG709,XZCE,1200,1185,1203,24654,590496240,249482,251444,1275,1153,1214,1210,0,1203,0,0,0,2017-04-19,32532000,1200,24,0,0,0,0,0,0,0,0,1201,35,0,0,0,0,0,0,0,0
289,2017-04-19,09:02:12,0,FG709,XZCE,1201,1185,1203,24658,590592320,249482,251444,1275,1153,1214,1210,0,1203,0,0,0,2017-04-19,32532000,1200,26,0,0,0,0,0,0,0,0,1201,102,0,0,0,0,0,0,0,0
290,2017-04-19,09:02:13,0,FG709,XZCE,1200,1185,1203,24662,590688320,249484,251444,1275,1153,1214,1210,0,1203,0,0,0,2017-04-19,32533000,1200,26,0,0,0,0,0,0,0,0,1201,104,0,0,0,0,0,0,0,0
291,2017-04-19,09:02:13,0,FG709,XZCE,1201,1185,1203,24744,592657960,249452,251444,1275,1153,1214,1210,0,1203,0,0,0,2017-04-19,32533000,1200,27,0,0,0,0,0,0,0,0,1201,63,0,0,0,0,0,0,0,0
292,2017-04-19,09:02:14,0,FG709,XZCE,1201,1185,1203,24754,592898160,249456,251444,1275,1153,1214,1210,0,1203,0,0,0,2017-04-19,32534000,1200,24,0,0,0,0,0,0,0,0,1201,78,0,0,0,0,0,0,0,0
293,2017-04-19,09:02:14,0,FG709,XZCE,1200,1185,1203,24808,594194160,249488,251444,1275,1153,1214,1210,0,1203,0,0,0,2017-04-19,32534000,1199,363,0,0,0,0,0,0,0,0,1200,33,0,0,0,0,0,0,0,0
294,2017-04-19,09:02:15,0,FG709,XZCE,1200,1185,1203,24850,595202160,249494,251444,1275,1153,1214,1210,0,1203,0,0,0,2017-04-19,32535000,1199,365,0,0,0,0,0,0,0,0,1200,14,0,0,0,0,0,0,0,0
295,2017-04-19,09:02:15,0,FG709,XZCE,1200,1185,1203,24862,595490160,249506,251444,1275,1153,1214,1210,0,1203,0,0,0,2017-04-19,32535000,1199,365,0,0,0,0,0,0,0,0,1200,35,0,0,0,0,0,0,0,0
296,2017-04-19,09:02:16,0,FG709,XZCE,1200,1185,1203,24870,595682160,249514,251444,1275,1153,1214,1210,0,1203,0,0,0,2017-04-19,32536000,1199,365,0,0,0,0,0,0,0,0,1200,31,0,0,0,0,0,0,0,0
297,2017-04-19,09:02:16,0,FG709,XZCE,1199,1185,1203,24878,595874000,249514,251444,1275,1153,1214,1210,0,1203,0,0,0,2017-04-19,32536000,1199,364,0,0,0,0,0,0,0,0,1200,28,0,0,0,0,0,0,0,0
298,2017-04-19,09:02:17,0,FG709,XZCE,1200,1185,1203,24998,598754000,249500,251444,1275,1153,1214,1210,0,1203,0,0,0,2017-04-19,32537000,1199,311,0,0,0,0,0,0,0,0,1200,25,0,0,0,0,0,0,0,0
299,2017-04-19,09:02:17,0,FG709,XZCE,1199,1185,1203,25200,603597960,249500,251444,1275,1153,1214,1210,0,1203,0,0,0,2017-04-19,32537000,1199,206,0,0,0,0,0,0,0,0,1200,43,0,0,0,0,0,0,0,0
300,2017-04-19,09:02:18,0,FG709,XZCE,1200,1185,1203,25330,606717960,249616,251444,1275,1153,1214,1210,0,1203,0,0,0,2017-04-19,32538000,1199,156,0,0,0,0,0,0,0,0,1200,30,0,0,0,0,0,0,0,0
301,2017-04-19,09:02:18,0,FG709,XZCE,1200,1185,1203,25342,607005960,249606,251444,1275,1153,1214,1210,0,1203,0,0,0,2017-04-19,32538000,1199,156,0,0,0,0,0,0,0,0,1200,51,0,0,0,0,0,0,0,0
302,2017-04-19,09:02:19,0,FG709,XZCE,1200,1185,1203,25350,607197960,249606,251444,1275,1153,1214,1210,0,1203,0,0,0,2017-04-19,32539000,1199,156,0,0,0,0,0,0,0,0,1200,65,0,0,0,0,0,0,0,0
303,2017-04-19,09:02:19,0,FG709,XZCE,1200,1185,1203,25510,611037960,249480,251444,1275,1153,1214,1210,0,1203,0,0,0,2017-04-19,32539000,1200,93,0,0,0,0,0,0,0,0,1201,95,0,0,0,0,0,0,0,0
304,2017-04-19,09:02:20,0,FG709,XZCE,1200,1185,1203,25512,611085960,249480,251444,1275,1153,1214,1210,0,1203,0,0,0,2017-04-19,32540000,1200,95,0,0,0,0,0,0,0,0,1201,97,0,0,0,0,0,0,0,0
305,2017-04-19,09:02:20,0,FG709,XZCE,1200,1185,1203,25516,611181960,249480,251444,1275,1153,1214,1210,0,1203,0,0,0,2017-04-19,32540000,1200,97,0,0,0,0,0,0,0,0,1201,79,0,0,0,0,0,0,0,0
306,2017-04-19,09:02:21,0,FG709,XZCE,1200,1185,1203,25522,611325960,249480,251444,1275,1153,1214,1210,0,1203,0,0,0,2017-04-19,32541000,1200,96,0,0,0,0,0,0,0,0,1201,76,0,0,0,0,0,0,0,0
307,2017-04-19,09:02:21,0,FG709,XZCE,1201,1185,1203,25526,611422040,249480,251444,1275,1153,1214,1210,0,1203,0,0,0,2017-04-19,32541000,1200,97,0,0,0,0,0,0,0,0,1201,74,0,0,0,0,0,0,0,0
308,2017-04-19,09:02:22,0,FG709,XZCE,1200,1185,1203,25528,611470040,249480,251444,1275,1153,1214,1210,0,1203,0,0,0,2017-04-19,32542000,1200,97,0,0,0,0,0,0,0,0,1201,73,0,0,0,0,0,0,0,0
309,2017-04-19,09:02:22,0,FG709,XZCE,1200,1185,1203,25564,612334040,249478,251444,1275,1153,1214,1210,0,1203,0,0,0,2017-04-19,32542000,1200,101,0,0,0,0,0,0,0,0,1201,65,0,0,0,0,0,0,0,0
310,2017-04-19,09:02:23,0,FG709,XZCE,1201,1185,1203,25592,613006600,249486,251444,1275,1153,1214,1210,0,1203,0,0,0,2017-04-19,32543000,1200,93,0,0,0,0,0,0,0,0,1201,62,0,0,0,0,0,0,0,0
311,2017-04-19,09:02:23,0,FG709,XZCE,1201,1185,1203,25594,613054640,249486,251444,1275,1153,1214,1210,0,1203,0,0,0,2017-04-19,32543000,1200,94,0,0,0,0,0,0,0,0,1201,62,0,0,0,0,0,0,0,0
312,2017-04-19,09:02:24,0,FG709,XZCE,1200,1185,1203,25628,613870640,249486,251444,1275,1153,1214,1210,0,1203,0,0,0,2017-04-19,32544000,1200,82,0,0,0,0,0,0,0,0,1201,64,0,0,0,0,0,0,0,0
313,2017-04-19,09:02:24,0,FG709,XZCE,1200,1185,1203,25648,614350640,249484,251444,1275,1153,1214,1210,0,1203,0,0,0,2017-04-19,32544000,1200,69,0,0,0,0,0,0,0,0,1201,78,0,0,0,0,0,0,0,0
314,2017-04-19,09:02:25,0,FG709,XZCE,1201,1185,1203,25760,617040880,249460,251444,1275,1153,1214,1210,0,1203,0,0,0,2017-04-19,32545000,1200,80,0,0,0,0,0,0,0,0,1201,16,0,0,0,0,0,0,0,0
315,2017-04-19,09:02:25,0,FG709,XZCE,1201,1185,1203,25794,617857560,249444,251444,1275,1153,1214,1210,0,1203,0,0,0,2017-04-19,32545000,1200,69,0,0,0,0,0,0,0,0,1201,13,0,0,0,0,0,0,0,0
316,2017-04-19,09:02:26,0,FG709,XZCE,1201,1185,1203,25808,618193840,249446,251444,1275,1153,1214,1210,0,1203,0,0,0,2017-04-19,32546000,1200,70,0,0,0,0,0,0,0,0,1201,19,0,0,0,0,0,0,0,0
317,2017-04-19,09:02:26,0,FG709,XZCE,1201,1185,1203,25838,618914440,249440,251444,1275,1153,1214,1210,0,1203,0,0,0,2017-04-19,32546000,1200,70,0,0,0,0,0,0,0,0,1201,12,0,0,0,0,0,0,0,0
318,2017-04-19,09:02:27,0,FG709,XZCE,1201,1185,1203,25848,619154640,249438,251444,1275,1153,1214,1210,0,1203,0,0,0,2017-04-19,32547000,1200,71,0,0,0,0,0,0,0,0,1201,11,0,0,0,0,0,0,0,0
319,2017-04-19,09:02:27,0,FG709,XZCE,1201,1185,1203,25852,619250720,249442,251444,1275,1153,1214,1210,0,1203,0,0,0,2017-04-19,32547000,1200,79,0,0,0,0,0,0,0,0,1201,17,0,0,0,0,0,0,0,0
320,2017-04-19,09:02:28,0,FG709,XZCE,1200,1185,1203,25854,619298720,249440,251444,1275,1153,1214,1210,0,1203,0,0,0,2017-04-19,32548000,1200,80,0,0,0,0,0,0,0,0,1201,18,0,0,0,0,0,0,0,0
321,2017-04-19,09:02:28,0,FG709,XZCE,1201,1185,1203,25856,619346760,249442,251444,1275,1153,1214,1210,0,1203,0,0,0,2017-04-19,32548000,1200,81,0,0,0,0,0,0,0,0,1201,15,0,0,0,0,0,0,0,0
322,2017-04-19,09:02:29,0,FG709,XZCE,1200,1185,1203,25858,619394760,249442,251444,1275,1153,1214,1210,0,1203,0,0,0,2017-04-19,32549000,1200,80,0,0,0,0,0,0,0,0,1201,15,0,0,0,0,0,0,0,0
323,2017-04-19,09:02:30,0,FG709,XZCE,1200,1185,1203,25860,619442760,249440,251444,1275,1153,1214,1210,0,1203,0,0,0,2017-04-19,32550000,1200,83,0,0,0,0,0,0,0,0,1201,17,0,0,0,0,0,0,0,0
324,2017-04-19,09:02:30,0,FG709,XZCE,1200,1185,1203,25862,619490760,249440,251444,1275,1153,1214,1210,0,1203,0,0,0,2017-04-19,32550000,1200,84,0,0,0,0,0,0,0,0,1201,31,0,0,0,0,0,0,0,0
325,2017-04-19,09:02:31,0,FG709,XZCE,1200,1185,1203,25874,619778760,249446,251444,1275,1153,1214,1210,0,1203,0,0,0,2017-04-19,32551000,1200,83,0,0,0,0,0,0,0,0,1201,34,0,0,0,0,0,0,0,0
326,2017-04-19,09:02:31,0,FG709,XZCE,1200,1185,1203,25880,619922760,249452,251444,1275,1153,1214,1210,0,1203,0,0,0,2017-04-19,32551000,1200,83,0,0,0,0,0,0,0,0,1201,35,0,0,0,0,0,0,0,0
327,2017-04-19,09:02:32,0,FG709,XZCE,1200,1185,1203,25880,619922760,249452,251444,1275,1153,1214,1210,0,1203,0,0,0,2017-04-19,32552000,1200,74,0,0,0,0,0,0,0,0,1201,38,0,0,0,0,0,0,0,0
328,2017-04-19,09:02:32,0,FG709,XZCE,1201,1185,1203,25922,620931600,249478,251444,1275,1153,1214,1210,0,1203,0,0,0,2017-04-19,32552000,1200,120,0,0,0,0,0,0,0,0,1201,17,0,0,0,0,0,0,0,0
329,2017-04-19,09:02:33,0,FG709,XZCE,1201,1185,1203,25956,621748280,249488,251444,1275,1153,1214,1210,0,1203,0,0,0,2017-04-19,32553000,1201,38,0,0,0,0,0,0,0,0,1202,139,0,0,0,0,0,0,0,0
330,2017-04-19,09:02:33,0,FG709,XZCE,1201,1185,1203,26016,623189480,249534,251444,1275,1153,1214,1210,0,1203,0,0,0,2017-04-19,32553000,1201,34,0,0,0,0,0,0,0,0,1202,137,0,0,0,0,0,0,0,0
331,2017-04-19,09:02:34,0,FG709,XZCE,1201,1185,1203,26022,623333600,249538,251444,1275,1153,1214,1210,0,1203,0,0,0,2017-04-19,32554000,1201,31,0,0,0,0,0,0,0,0,1202,137,0,0,0,0,0,0,0,0
332,2017-04-19,09:02:34,0,FG709,XZCE,1202,1185,1203,26042,623814400,249536,251444,1275,1153,1214,1210,0,1203,0,0,0,2017-04-19,32554000,1201,32,0,0,0,0,0,0,0,0,1202,130,0,0,0,0,0,0,0,0
333,2017-04-19,09:02:35,0,FG709,XZCE,1201,1185,1203,26050,624006560,249536,251444,1275,1153,1214,1210,0,1203,0,0,0,2017-04-19,32555000,1201,22,0,0,0,0,0,0,0,0,1202,130,0,0,0,0,0,0,0,0
334,2017-04-19,09:02:35,0,FG709,XZCE,1202,1185,1203,26056,624150800,249542,251444,1275,1153,1214,1210,0,1203,0,0,0,2017-04-19,32555000,1201,20,0,0,0,0,0,0,0,0,1202,129,0,0,0,0,0,0,0,0
335,2017-04-19,09:02:36,0,FG709,XZCE,1202,1185,1203,26070,624487360,249546,251444,1275,1153,1214,1210,0,1203,0,0,0,2017-04-19,32556000,1201,18,0,0,0,0,0,0,0,0,1202,125,0,0,0,0,0,0,0,0
336,2017-04-19,09:02:36,0,FG709,XZCE,1201,1185,1203,26074,624583440,249546,251444,1275,1153,1214,1210,0,1203,0,0,0,2017-04-19,32556000,1201,17,0,0,0,0,0,0,0,0,1202,125,0,0,0,0,0,0,0,0
337,2017-04-19,09:02:37,0,FG709,XZCE,1201,1185,1203,26088,624919720,249552,251444,1275,1153,1214,1210,0,1203,0,0,0,2017-04-19,32557000,1201,13,0,0,0,0,0,0,0,0,1202,122,0,0,0,0,0,0,0,0
338,2017-04-19,09:02:37,0,FG709,XZCE,1201,1185,1203,26094,625063840,249556,251444,1275,1153,1214,1210,0,1203,0,0,0,2017-04-19,32557000,1201,22,0,0,0,0,0,0,0,0,1202,121,0,0,0,0,0,0,0,0
339,2017-04-19,09:02:38,0,FG709,XZCE,1202,1185,1203,26106,625352320,249554,251444,1275,1153,1214,1210,0,1203,0,0,0,2017-04-19,32558000,1201,18,0,0,0,0,0,0,0,0,1202,121,0,0,0,0,0,0,0,0
340,2017-04-19,09:02:38,0,FG709,XZCE,1202,1185,1203,26110,625448480,249552,251444,1275,1153,1214,1210,0,1203,0,0,0,2017-04-19,32558000,1201,21,0,0,0,0,0,0,0,0,1202,120,0,0,0,0,0,0,0,0
341,2017-04-19,09:02:39,0,FG709,XZCE,1201,1185,1203,26116,625592600,249554,251444,1275,1153,1214,1210,0,1203,0,0,0,2017-04-19,32559000,1201,23,0,0,0,0,0,0,0,0,1202,118,0,0,0,0,0,0,0,0
342,2017-04-19,09:02:39,0,FG709,XZCE,1201,1185,1203,26120,625688680,249556,251444,1275,1153,1214,1210,0,1203,0,0,0,2017-04-19,32559000,1201,21,0,0,0,0,0,0,0,0,1202,118,0,0,0,0,0,0,0,0
343,2017-04-19,09:02:40,0,FG709,XZCE,1201,1185,1203,26126,625832800,249558,251444,1275,1153,1214,1210,0,1203,0,0,0,2017-04-19,32560000,1201,21,0,0,0,0,0,0,0,0,1202,116,0,0,0,0,0,0,0,0
344,2017-04-19,09:02:40,0,FG709,XZCE,1201,1185,1203,26130,625928880,249558,251444,1275,1153,1214,1210,0,1203,0,0,0,2017-04-19,32560000,1201,53,0,0,0,0,0,0,0,0,1202,105,0,0,0,0,0,0,0,0
345,2017-04-19,09:02:41,0,FG709,XZCE,1204,1185,1208,27660,662771280,249968,251444,1275,1153,1214,1210,0,1203,0,0,0,2017-04-19,32561000,1204,4,0,0,0,0,0,0,0,0,1208,76,0,0,0,0,0,0,0,0
346,2017-04-19,09:02:41,0,FG709,XZCE,1207,1185,1209,28448,681793600,249840,251444,1275,1153,1214,1210,0,1203,0,0,0,2017-04-19,32561000,1207,5,0,0,0,0,0,0,0,0,1209,453,0,0,0,0,0,0,0,0
347,2017-04-19,09:02:42,0,FG709,XZCE,1209,1185,1209,28632,686242720,249842,251444,1275,1153,1214,1210,0,1203,0,0,0,2017-04-19,32562000,1207,30,0,0,0,0,0,0,0,0,1209,434,0,0,0,0,0,0,0,0
348,2017-04-19,09:02:42,0,FG709,XZCE,1205,1185,1209,28962,694195720,249706,251444,1275,1153,1214,1210,0,1203,0,0,0,2017-04-19,32562000,1205,5,0,0,0,0,0,0,0,0,1206,10,0,0,0,0,0,0,0,0
349,2017-04-19,09:02:43,0,FG709,XZCE,1209,1185,1209,29058,696517000,249674,251444,1275,1153,1214,1210,0,1203,0,0,0,2017-04-19,32563000,1206,10,0,0,0,0,0,0,0,0,1209,408,0,0,0,0,0,0,0,0
350,2017-04-19,09:02:43,0,FG709,XZCE,1205,1185,1209,29144,698589600,249672,251444,1275,1153,1214,1210,0,1203,0,0,0,2017-04-19,32563000,1205,26,0,0,0,0,0,0,0,0,1206,23,0,0,0,0,0,0,0,0
351,2017-04-19,09:02:44,0,FG709,XZCE,1205,1185,1209,29174,699312600,249646,251444,1275,1153,1214,1210,0,1203,0,0,0,2017-04-19,32564000,1205,6,0,0,0,0,0,0,0,0,1206,47,0,0,0,0,0,0,0,0
352,2017-04-19,09:02:44,0,FG709,XZCE,1205,1185,1209,29202,699987400,249652,251444,1275,1153,1214,1210,0,1203,0,0,0,2017-04-19,32564000,1205,5,0,0,0,0,0,0,0,0,1206,47,0,0,0,0,0,0,0,0
353,2017-04-19,09:02:45,0,FG709,XZCE,1206,1185,1209,29230,700662760,249652,251444,1275,1153,1214,1210,0,1203,0,0,0,2017-04-19,32565000,1205,12,0,0,0,0,0,0,0,0,1206,49,0,0,0,0,0,0,0,0
354,2017-04-19,09:02:45,0,FG709,XZCE,1205,1185,1209,29246,701048360,249648,251444,1275,1153,1214,1210,0,1203,0,0,0,2017-04-19,32565000,1205,9,0,0,0,0,0,0,0,0,1206,44,0,0,0,0,0,0,0,0
355,2017-04-19,09:02:46,0,FG709,XZCE,1205,1185,1209,29268,701578560,249646,251444,1275,1153,1214,1210,0,1203,0,0,0,2017-04-19,32566000,1204,16,0,0,0,0,0,0,0,0,1205,3,0,0,0,0,0,0,0,0
356,2017-04-19,09:02:46,0,FG709,XZCE,1205,1185,1209,29270,701626760,249646,251444,1275,1153,1214,1210,0,1203,0,0,0,2017-04-19,32566000,1204,16,0,0,0,0,0,0,0,0,1205,28,0,0,0,0,0,0,0,0
357,2017-04-19,09:02:47,0,FG709,XZCE,1206,1185,1209,29336,703218680,249628,251444,1275,1153,1214,1210,0,1203,0,0,0,2017-04-19,32567000,1204,32,0,0,0,0,0,0,0,0,1205,54,0,0,0,0,0,0,0,0
358,2017-04-19,09:02:47,0,FG709,XZCE,1205,1185,1209,29372,704086280,249612,251444,1275,1153,1214,1210,0,1203,0,0,0,2017-04-19,32567000,1204,15,0,0,0,0,0,0,0,0,1205,127,0,0,0,0,0,0,0,0
359,2017-04-19,09:02:48,0,FG709,XZCE,1205,1185,1209,29408,704953880,249610,251444,1275,1153,1214,1210,0,1203,0,0,0,2017-04-19,32568000,1203,20,0,0,0,0,0,0,0,0,1205,140,0,0,0,0,0,0,0,0
360,2017-04-19,09:02:48,0,FG709,XZCE,1203,1185,1209,29412,705050120,249614,251444,1275,1153,1214,1210,0,1203,0,0,0,2017-04-19,32568000,1203,19,0,0,0,0,0,0,0,0,1204,19,0,0,0,0,0,0,0,0
361,2017-04-19,09:02:49,0,FG709,XZCE,1204,1185,1209,29418,705194600,249614,251444,1275,1153,1214,1210,0,1203,0,0,0,2017-04-19,32569000,1203,24,0,0,0,0,0,0,0,0,1204,28,0,0,0,0,0,0,0,0
362,2017-04-19,09:02:49,0,FG709,XZCE,1204,1185,1209,29424,705339080,249620,251444,1275,1153,1214,1210,0,1203,0,0,0,2017-04-19,32569000,1203,24,0,0,0,0,0,0,0,0,1204,27,0,0,0,0,0,0,0,0
363,2017-04-19,09:02:50,0,FG709,XZCE,1204,1185,1209,29444,705820680,249640,251444,1275,1153,1214,1210,0,1203,0,0,0,2017-04-19,32570000,1203,24,0,0,0,0,0,0,0,0,1204,22,0,0,0,0,0,0,0,0
364,2017-04-19,09:02:50,0,FG709,XZCE,1205,1185,1209,29490,706929280,249620,251444,1275,1153,1214,1210,0,1203,0,0,0,2017-04-19,32570000,1204,1,0,0,0,0,0,0,0,0,1205,154,0,0,0,0,0,0,0,0
365,2017-04-19,09:02:51,0,FG709,XZCE,1203,1185,1209,29498,707121760,249620,251444,1275,1153,1214,1210,0,1203,0,0,0,2017-04-19,32571000,1203,28,0,0,0,0,0,0,0,0,1204,228,0,0,0,0,0,0,0,0
366,2017-04-19,09:02:51,0,FG709,XZCE,1204,1185,1209,29592,709385280,249546,251444,1275,1153,1214,1210,0,1203,0,0,0,2017-04-19,32571000,1203,30,0,0,0,0,0,0,0,0,1204,183,0,0,0,0,0,0,0,0
367,2017-04-19,09:02:52,0,FG709,XZCE,1203,1185,1209,29596,709481520,249546,251444,1275,1153,1214,1210,0,1203,0,0,0,2017-04-19,32572000,1203,35,0,0,0,0,0,0,0,0,1204,223,0,0,0,0,0,0,0,0
368,2017-04-19,09:02:52,0,FG709,XZCE,1203,1185,1209,29670,711261960,249528,251444,1275,1153,1214,1210,0,1203,0,0,0,2017-04-19,32572000,1202,63,0,0,0,0,0,0,0,0,1203,2,0,0,0,0,0,0,0,0
369,2017-04-19,09:02:53,0,FG709,XZCE,1203,1185,1209,29676,711406320,249526,251444,1275,1153,1214,1210,0,1203,0,0,0,2017-04-19,32573000,1202,63,0,0,0,0,0,0,0,0,1203,20,0,0,0,0,0,0,0,0
370,2017-04-19,09:02:53,0,FG709,XZCE,1203,1185,1209,29682,711550680,249526,251444,1275,1153,1214,1210,0,1203,0,0,0,2017-04-19,32573000,1202,63,0,0,0,0,0,0,0,0,1203,19,0,0,0,0,0,0,0,0
371,2017-04-19,09:02:54,0,FG709,XZCE,1203,1185,1209,29698,711935640,249534,251444,1275,1153,1214,1210,0,1203,0,0,0,2017-04-19,32574000,1202,63,0,0,0,0,0,0,0,0,1203,12,0,0,0,0,0,0,0,0
372,2017-04-19,09:02:54,0,FG709,XZCE,1203,1185,1209,29720,712464960,249532,251444,1275,1153,1214,1210,0,1203,0,0,0,2017-04-19,32574000,1203,14,0,0,0,0,0,0,0,0,1204,233,0,0,0,0,0,0,0,0
373,2017-04-19,09:02:55,0,FG709,XZCE,1203,1185,1209,29734,712801800,249522,251444,1275,1153,1214,1210,0,1203,0,0,0,2017-04-19,32575000,1203,9,0,0,0,0,0,0,0,0,1204,233,0,0,0,0,0,0,0,0
374,2017-04-19,09:02:55,0,FG709,XZCE,1203,1185,1209,29734,712801800,249522,251444,1275,1153,1214,1210,0,1203,0,0,0,2017-04-19,32575000,1203,36,0,0,0,0,0,0,0,0,1204,233,0,0,0,0,0,0,0,0
375,2017-04-19,09:02:56,0,FG709,XZCE,1203,1185,1209,29782,713956680,249522,251444,1275,1153,1214,1210,0,1203,0,0,0,2017-04-19,32576000,1203,14,0,0,0,0,0,0,0,0,1204,232,0,0,0,0,0,0,0,0
376,2017-04-19,09:02:56,0,FG709,XZCE,1203,1185,1209,29786,714052920,249522,251444,1275,1153,1214,1210,0,1203,0,0,0,2017-04-19,32576000,1203,18,0,0,0,0,0,0,0,0,1204,232,0,0,0,0,0,0,0,0
377,2017-04-19,09:02:57,0,FG709,XZCE,1203,1185,1209,29818,714822840,249492,251444,1275,1153,1214,1210,0,1203,0,0,0,2017-04-19,32577000,1203,17,0,0,0,0,0,0,0,0,1204,218,0,0,0,0,0,0,0,0
378,2017-04-19,09:02:57,0,FG709,XZCE,1204,1185,1209,29834,715208120,249484,251444,1275,1153,1214,1210,0,1203,0,0,0,2017-04-19,32577000,1203,16,0,0,0,0,0,0,0,0,1204,216,0,0,0,0,0,0,0,0
379,2017-04-19,09:02:58,0,FG709,XZCE,1204,1185,1209,29856,715737880,249462,251444,1275,1153,1214,1210,0,1203,0,0,0,2017-04-19,32578000,1203,16,0,0,0,0,0,0,0,0,1204,206,0,0,0,0,0,0,0,0
380,2017-04-19,09:02:58,0,FG709,XZCE,1203,1185,1209,29876,716219080,249464,251444,1275,1153,1214,1210,0,1203,0,0,0,2017-04-19,32578000,1203,10,0,0,0,0,0,0,0,0,1204,202,0,0,0,0,0,0,0,0
381,2017-04-19,09:02:59,0,FG709,XZCE,1203,1185,1209,29898,716748400,249448,251444,1275,1153,1214,1210,0,1203,0,0,0,2017-04-19,32579000,1202,88,0,0,0,0,0,0,0,0,1203,48,0,0,0,0,0,0,0,0
382,2017-04-19,09:02:59,0,FG709,XZCE,1203,1185,1209,29960,718240120,249396,251444,1275,1153,1214,1210,0,1203,0,0,0,2017-04-19,32579000,1202,91,0,0,0,0,0,0,0,0,1203,24,0,0,0,0,0,0,0,0
383,2017-04-19,09:03:00,0,FG709,XZCE,1204,1185,1209,30010,719444120,249352,251444,1275,1153,1214,1210,0,1203,0,0,0,2017-04-19,32580000,1203,56,0,0,0,0,0,0,0,0,1204,78,0,0,0,0,0,0,0,0
384,2017-04-19,09:03:00,0,FG709,XZCE,1204,1185,1209,30014,719540440,249350,251444,1275,1153,1214,1210,0,1203,0,0,0,2017-04-19,32580000,1203,86,0,0,0,0,0,0,0,0,1204,69,0,0,0,0,0,0,0,0
385,2017-04-19,09:03:01,0,FG709,XZCE,1204,1185,1209,30014,719540440,249350,251444,1275,1153,1214,1210,0,1203,0,0,0,2017-04-19,32581000,1203,92,0,0,0,0,0,0,0,0,1204,70,0,0,0,0,0,0,0,0
386,2017-04-19,09:03:01,0,FG709,XZCE,1204,1185,1209,30088,721322360,249336,251444,1275,1153,1214,1210,0,1203,0,0,0,2017-04-19,32581000,1203,65,0,0,0,0,0,0,0,0,1204,33,0,0,0,0,0,0,0,0
387,2017-04-19,09:03:02,0,FG709,XZCE,1203,1185,1209,30090,721370480,249336,251444,1275,1153,1214,1210,0,1203,0,0,0,2017-04-19,32582000,1203,71,0,0,0,0,0,0,0,0,1204,36,0,0,0,0,0,0,0,0
388,2017-04-19,09:03:02,0,FG709,XZCE,1204,1185,1209,30172,723345040,249352,251444,1275,1153,1214,1210,0,1203,0,0,0,2017-04-19,32582000,1204,61,0,0,0,0,0,0,0,0,1205,268,0,0,0,0,0,0,0,0
389,2017-04-19,09:03:03,0,FG709,XZCE,1204,1185,1209,30278,725897520,249418,251444,1275,1153,1214,1210,0,1203,0,0,0,2017-04-19,32583000,1204,20,0,0,0,0,0,0,0,0,1205,259,0,0,0,0,0,0,0,0
390,2017-04-19,09:03:03,0,FG709,XZCE,1204,1185,1209,30288,726138320,249420,251444,1275,1153,1214,1210,0,1203,0,0,0,2017-04-19,32583000,1204,17,0,0,0,0,0,0,0,0,1205,217,0,0,0,0,0,0,0,0
391,2017-04-19,09:03:04,0,FG709,XZCE,1204,1185,1209,30308,726619920,249440,251444,1275,1153,1214,1210,0,1203,0,0,0,2017-04-19,32584000,1204,16,0,0,0,0,0,0,0,0,1205,217,0,0,0,0,0,0,0,0
392,2017-04-19,09:03:04,0,FG709,XZCE,1205,1185,1209,30316,726812720,249440,251444,1275,1153,1214,1210,0,1203,0,0,0,2017-04-19,32584000,1204,20,0,0,0,0,0,0,0,0,1205,216,0,0,0,0,0,0,0,0
393,2017-04-19,09:03:05,0,FG709,XZCE,1205,1185,1209,30320,726909120,249436,251444,1275,1153,1214,1210,0,1203,0,0,0,2017-04-19,32585000,1204,21,0,0,0,0,0,0,0,0,1205,214,0,0,0,0,0,0,0,0
394,2017-04-19,09:03:05,0,FG709,XZCE,1205,1185,1209,30340,727391120,249444,251444,1275,1153,1214,1210,0,1203,0,0,0,2017-04-19,32585000,1204,56,0,0,0,0,0,0,0,0,1205,203,0,0,0,0,0,0,0,0
395,2017-04-19,09:03:06,0,FG709,XZCE,1205,1185,1209,30342,727439320,249442,251444,1275,1153,1214,1210,0,1203,0,0,0,2017-04-19,32586000,1204,56,0,0,0,0,0,0,0,0,1205,202,0,0,0,0,0,0,0,0
396,2017-04-19,09:03:06,0,FG709,XZCE,1204,1185,1209,30442,729847320,249446,251444,1275,1153,1214,1210,0,1203,0,0,0,2017-04-19,32586000,1204,6,0,0,0,0,0,0,0,0,1205,213,0,0,0,0,0,0,0,0
397,2017-04-19,09:03:07,0,FG709,XZCE,1205,1185,1209,30896,740788720,249194,251444,1275,1153,1214,1210,0,1203,0,0,0,2017-04-19,32587000,1204,33,0,0,0,0,0,0,0,0,1205,18,0,0,0,0,0,0,0,0
398,2017-04-19,09:03:07,0,FG709,XZCE,1204,1185,1209,30922,741414800,249194,251444,1275,1153,1214,1210,0,1203,0,0,0,2017-04-19,32587000,1204,25,0,0,0,0,0,0,0,0,1205,17,0,0,0,0,0,0,0,0
399,2017-04-19,09:03:08,0,FG709,XZCE,1205,1185,1209,30936,741752200,249202,251444,1275,1153,1214,1210,0,1203,0,0,0,2017-04-19,32588000,1204,32,0,0,0,0,0,0,0,0,1205,33,0,0,0,0,0,0,0,0
400,2017-04-19,09:03:08,0,FG709,XZCE,1205,1185,1209,30950,742089600,249198,251444,1275,1153,1214,1210,0,1203,0,0,0,2017-04-19,32588000,1204,32,0,0,0,0,0,0,0,0,1205,27,0,0,0,0,0,0,0,0
401,2017-04-19,09:03:09,0,FG709,XZCE,1204,1185,1209,30958,742282240,249200,251444,1275,1153,1214,1210,0,1203,0,0,0,2017-04-19,32589000,1204,17,0,0,0,0,0,0,0,0,1205,80,0,0,0,0,0,0,0,0
402,2017-04-19,09:03:09,0,FG709,XZCE,1205,1185,1209,31124,746282840,249322,251444,1275,1153,1214,1210,0,1203,0,0,0,2017-04-19,32589000,1205,28,0,0,0,0,0,0,0,0,1206,119,0,0,0,0,0,0,0,0
403,2017-04-19,09:03:10,0,FG709,XZCE,1205,1185,1209,31146,746813040,249330,251444,1275,1153,1214,1210,0,1203,0,0,0,2017-04-19,32590000,1205,18,0,0,0,0,0,0,0,0,1206,120,0,0,0,0,0,0,0,0
404,2017-04-19,09:03:10,0,FG709,XZCE,1205,1185,1209,31160,747150440,249336,251444,1275,1153,1214,1210,0,1203,0,0,0,2017-04-19,32590000,1205,27,0,0,0,0,0,0,0,0,1206,120,0,0,0,0,0,0,0,0
405,2017-04-19,09:03:11,0,FG709,XZCE,1205,1185,1209,31164,747246840,249340,251444,1275,1153,1214,1210,0,1203,0,0,0,2017-04-19,32591000,1205,28,0,0,0,0,0,0,0,0,1206,121,0,0,0,0,0,0,0,0
406,2017-04-19,09:03:11,0,FG709,XZCE,1205,1185,1209,31170,747391440,249342,251444,1275,1153,1214,1210,0,1203,0,0,0,2017-04-19,32591000,1205,27,0,0,0,0,0,0,0,0,1206,123,0,0,0,0,0,0,0,0
407,2017-04-19,09:03:12,0,FG709,XZCE,1206,1185,1209,31176,747536160,249348,251444,1275,1153,1214,1210,0,1203,0,0,0,2017-04-19,32592000,1205,26,0,0,0,0,0,0,0,0,1206,125,0,0,0,0,0,0,0,0
408,2017-04-19,09:03:12,0,FG709,XZCE,1206,1185,1209,31180,747632640,249350,251444,1275,1153,1214,1210,0,1203,0,0,0,2017-04-19,32592000,1205,27,0,0,0,0,0,0,0,0,1206,128,0,0,0,0,0,0,0,0
409,2017-04-19,09:03:13,0,FG709,XZCE,1205,1185,1209,31194,747970040,249346,251444,1275,1153,1214,1210,0,1203,0,0,0,2017-04-19,32593000,1205,39,0,0,0,0,0,0,0,0,1206,129,0,0,0,0,0,0,0,0
410,2017-04-19,09:03:13,0,FG709,XZCE,1206,1185,1209,31242,749127800,249312,251444,1275,1153,1214,1210,0,1203,0,0,0,2017-04-19,32593000,1205,37,0,0,0,0,0,0,0,0,1206,111,0,0,0,0,0,0,0,0
411,2017-04-19,09:03:14,0,FG709,XZCE,1205,1185,1209,31268,749754400,249308,251444,1275,1153,1214,1210,0,1203,0,0,0,2017-04-19,32594000,1205,143,0,0,0,0,0,0,0,0,1206,93,0,0,0,0,0,0,0,0
412,2017-04-19,09:03:14,0,FG709,XZCE,1206,1185,1209,31318,750960400,249332,251444,1275,1153,1214,1210,0,1203,0,0,0,2017-04-19,32594000,1205,121,0,0,0,0,0,0,0,0,1206,85,0,0,0,0,0,0,0,0
413,2017-04-19,09:03:15,0,FG709,XZCE,1206,1185,1209,31500,755350240,249336,251444,1275,1153,1214,1210,0,1203,0,0,0,2017-04-19,32595000,1206,40,0,0,0,0,0,0,0,0,1207,134,0,0,0,0,0,0,0,0
414,2017-04-19,09:03:15,0,FG709,XZCE,1206,1185,1209,31538,756266800,249374,251444,1275,1153,1214,1210,0,1203,0,0,0,2017-04-19,32595000,1206,28,0,0,0,0,0,0,0,0,1207,134,0,0,0,0,0,0,0,0
415,2017-04-19,09:03:16,0,FG709,XZCE,1206,1185,1209,31550,756556240,249386,251444,1275,1153,1214,1210,0,1203,0,0,0,2017-04-19,32596000,1206,122,0,0,0,0,0,0,0,0,1207,134,0,0,0,0,0,0,0,0
416,2017-04-19,09:03:16,0,FG709,XZCE,1207,1185,1209,31606,757908080,249346,251444,1275,1153,1214,1210,0,1203,0,0,0,2017-04-19,32596000,1206,109,0,0,0,0,0,0,0,0,1207,134,0,0,0,0,0,0,0,0
417,2017-04-19,09:03:17,0,FG709,XZCE,1207,1185,1209,31640,758728840,249346,251444,1275,1153,1214,1210,0,1203,0,0,0,2017-04-19,32597000,1206,109,0,0,0,0,0,0,0,0,1207,118,0,0,0,0,0,0,0,0
418,2017-04-19,09:03:17,0,FG709,XZCE,1206,1185,1209,31656,759114760,249330,251444,1275,1153,1214,1210,0,1203,0,0,0,2017-04-19,32597000,1206,108,0,0,0,0,0,0,0,0,1207,111,0,0,0,0,0,0,0,0
419,2017-04-19,09:03:18,0,FG709,XZCE,1207,1185,1209,31700,760176920,249314,251444,1275,1153,1214,1210,0,1203,0,0,0,2017-04-19,32598000,1206,101,0,0,0,0,0,0,0,0,1207,96,0,0,0,0,0,0,0,0
420,2017-04-19,09:03:18,0,FG709,XZCE,1207,1185,1209,31752,761432200,249312,251444,1275,1153,1214,1210,0,1203,0,0,0,2017-04-19,32598000,1206,102,0,0,0,0,0,0,0,0,1207,85,0,0,0,0,0,0,0,0
421,2017-04-19,09:03:19,0,FG709,XZCE,1206,1185,1209,31844,763651240,249264,251444,1275,1153,1214,1210,0,1203,0,0,0,2017-04-19,32599000,1206,87,0,0,0,0,0,0,0,0,1207,70,0,0,0,0,0,0,0,0
422,2017-04-19,09:03:19,0,FG709,XZCE,1207,1185,1209,31852,763844360,249268,251444,1275,1153,1214,1210,0,1203,0,0,0,2017-04-19,32599000,1206,87,0,0,0,0,0,0,0,0,1207,72,0,0,0,0,0,0,0,0
423,2017-04-19,09:03:20,0,FG709,XZCE,1206,1185,1209,31882,764567960,249258,251444,1275,1153,1214,1210,0,1203,0,0,0,2017-04-19,32600000,1206,83,0,0,0,0,0,0,0,0,1207,94,0,0,0,0,0,0,0,0
424,2017-04-19,09:03:20,0,FG709,XZCE,1207,1185,1209,32074,769202840,249362,251444,1275,1153,1214,1210,0,1203,0,0,0,2017-04-19,32600000,1207,22,0,0,0,0,0,0,0,0,1208,65,0,0,0,0,0,0,0,0
425,2017-04-19,09:03:21,0,FG709,XZCE,1207,1185,1209,32094,769685640,249370,251444,1275,1153,1214,1210,0,1203,0,0,0,2017-04-19,32601000,1207,21,0,0,0,0,0,0,0,0,1208,62,0,0,0,0,0,0,0,0
426,2017-04-19,09:03:21,0,FG709,XZCE,1207,1185,1209,32110,770071880,249364,251444,1275,1153,1214,1210,0,1203,0,0,0,2017-04-19,32601000,1207,19,0,0,0,0,0,0,0,0,1208,61,0,0,0,0,0,0,0,0
427,2017-04-19,09:03:22,0,FG709,XZCE,1208,1185,1209,32134,770651720,249360,251444,1275,1153,1214,1210,0,1203,0,0,0,2017-04-19,32602000,1207,17,0,0,0,0,0,0,0,0,1208,80,0,0,0,0,0,0,0,0
428,2017-04-19,09:03:22,0,FG709,XZCE,1207,1185,1209,32158,771231080,249364,251444,1275,1153,1214,1210,0,1203,0,0,0,2017-04-19,32602000,1207,11,0,0,0,0,0,0,0,0,1208,85,0,0,0,0,0,0,0,0
429,2017-04-19,09:03:23,0,FG709,XZCE,1207,1185,1209,32250,773451960,249338,251444,1275,1153,1214,1210,0,1203,0,0,0,2017-04-19,32603000,1206,99,0,0,0,0,0,0,0,0,1208,71,0,0,0,0,0,0,0,0
430,2017-04-19,09:03:23,0,FG709,XZCE,1208,1185,1209,32280,774176760,249320,251444,1275,1153,1214,1210,0,1203,0,0,0,2017-04-19,32603000,1206,99,0,0,0,0,0,0,0,0,1207,12,0,0,0,0,0,0,0,0
431,2017-04-19,09:03:24,0,FG709,XZCE,1208,1185,1209,32314,774998200,249314,251444,1275,1153,1214,1210,0,1203,0,0,0,2017-04-19,32604000,1206,99,0,0,0,0,0,0,0,0,1208,51,0,0,0,0,0,0,0,0
432,2017-04-19,09:03:24,0,FG709,XZCE,1206,1185,1209,32404,777169000,249226,251444,1275,1153,1214,1210,0,1203,0,0,0,2017-04-19,32604000,1206,94,0,0,0,0,0,0,0,0,1207,26,0,0,0,0,0,0,0,0
433,2017-04-19,09:03:25,0,FG709,XZCE,1207,1185,1209,32536,780355480,249132,251444,1275,1153,1214,1210,0,1203,0,0,0,2017-04-19,32605000,1207,20,0,0,0,0,0,0,0,0,1208,127,0,0,0,0,0,0,0,0
434,2017-04-19,09:03:25,0,FG709,XZCE,1207,1185,1209,32566,781079680,249132,251444,1275,1153,1214,1210,0,1203,0,0,0,2017-04-19,32605000,1207,43,0,0,0,0,0,0,0,0,1208,134,0,0,0,0,0,0,0,0
435,2017-04-19,09:03:26,0,FG709,XZCE,1208,1185,1209,32610,782142720,249116,251444,1275,1153,1214,1210,0,1203,0,0,0,2017-04-19,32606000,1207,36,0,0,0,0,0,0,0,0,1208,205,0,0,0,0,0,0,0,0
436,2017-04-19,09:03:26,0,FG709,XZCE,1208,1185,1209,32814,787071360,249116,251444,1275,1153,1214,1210,0,1203,0,0,0,2017-04-19,32606000,1207,48,0,0,0,0,0,0,0,0,1208,113,0,0,0,0,0,0,0,0
437,2017-04-19,09:03:27,0,FG709,XZCE,1208,1185,1209,32822,787264640,249110,251444,1275,1153,1214,1210,0,1203,0,0,0,2017-04-19,32607000,1207,48,0,0,0,0,0,0,0,0,1208,112,0,0,0,0,0,0,0,0
438,2017-04-19,09:03:27,0,FG709,XZCE,1208,1185,1209,32846,787844480,249092,251444,1275,1153,1214,1210,0,1203,0,0,0,2017-04-19,32607000,1207,38,0,0,0,0,0,0,0,0,1208,127,0,0,0,0,0,0,0,0
439,2017-04-19,09:03:28,0,FG709,XZCE,1208,1185,1209,32858,788134400,249086,251444,1275,1153,1214,1210,0,1203,0,0,0,2017-04-19,32608000,1207,37,0,0,0,0,0,0,0,0,1208,125,0,0,0,0,0,0,0,0
440,2017-04-19,09:03:28,0,FG709,XZCE,1207,1185,1209,32880,788665480,249084,251444,1275,1153,1214,1210,0,1203,0,0,0,2017-04-19,32608000,1207,21,0,0,0,0,0,0,0,0,1208,129,0,0,0,0,0,0,0,0
441,2017-04-19,09:03:29,0,FG709,XZCE,1207,1185,1209,32954,790451840,249074,251444,1275,1153,1214,1210,0,1203,0,0,0,2017-04-19,32609000,1206,98,0,0,0,0,0,0,0,0,1207,4,0,0,0,0,0,0,0,0
442,2017-04-19,09:03:29,0,FG709,XZCE,1207,1185,1209,32982,791127760,249072,251444,1275,1153,1214,1210,0,1203,0,0,0,2017-04-19,32609000,1207,57,0,0,0,0,0,0,0,0,1208,139,0,0,0,0,0,0,0,0
443,2017-04-19,09:03:30,0,FG709,XZCE,1207,1185,1209,32984,791176040,249072,251444,1275,1153,1214,1210,0,1203,0,0,0,2017-04-19,32610000,1207,65,0,0,0,0,0,0,0,0,1208,142,0,0,0,0,0,0,0,0
444,2017-04-19,09:03:30,0,FG709,XZCE,1208,1185,1209,33014,791900840,249074,251444,1275,1153,1214,1210,0,1203,0,0,0,2017-04-19,32610000,1207,64,0,0,0,0,0,0,0,0,1208,134,0,0,0,0,0,0,0,0
445,2017-04-19,09:03:31,0,FG709,XZCE,1207,1185,1209,33126,794604520,248984,251444,1275,1153,1214,1210,0,1203,0,0,0,2017-04-19,32611000,1207,16,0,0,0,0,0,0,0,0,1208,127,0,0,0,0,0,0,0,0
446,2017-04-19,09:03:31,0,FG709,XZCE,1207,1185,1209,33150,795183880,249004,251444,1275,1153,1214,1210,0,1203,0,0,0,2017-04-19,32611000,1207,40,0,0,0,0,0,0,0,0,1208,122,0,0,0,0,0,0,0,0
447,2017-04-19,09:03:32,0,FG709,XZCE,1208,1185,1209,33152,795232200,249004,251444,1275,1153,1214,1210,0,1203,0,0,0,2017-04-19,32612000,1207,46,0,0,0,0,0,0,0,0,1208,127,0,0,0,0,0,0,0,0
448,2017-04-19,09:03:32,0,FG709,XZCE,1207,1185,1209,33154,795280480,249004,251444,1275,1153,1214,1210,0,1203,0,0,0,2017-04-19,32612000,1207,46,0,0,0,0,0,0,0,0,1208,128,0,0,0,0,0,0,0,0
449,2017-04-19,09:03:33,0,FG709,XZCE,1208,1185,1209,33452,802480160,249056,251444,1275,1153,1214,1210,0,1203,0,0,0,2017-04-19,32613000,1206,198,0,0,0,0,0,0,0,0,1207,10,0,0,0,0,0,0,0,0
450,2017-04-19,09:03:33,0,FG709,XZCE,1208,1185,1209,33508,803833120,249076,251444,1275,1153,1214,1210,0,1203,0,0,0,2017-04-19,32613000,1206,240,0,0,0,0,0,0,0,0,1208,61,0,0,0,0,0,0,0,0
451,2017-04-19,09:03:34,0,FG709,XZCE,1207,1185,1209,33536,804509040,249098,251444,1275,1153,1214,1210,0,1203,0,0,0,2017-04-19,32614000,1207,19,0,0,0,0,0,0,0,0,1208,82,0,0,0,0,0,0,0,0
452,2017-04-19,09:03:34,0,FG709,XZCE,1207,1185,1209,33554,804943560,249102,251444,1275,1153,1214,1210,0,1203,0,0,0,2017-04-19,32614000,1207,12,0,0,0,0,0,0,0,0,1208,83,0,0,0,0,0,0,0,0
453,2017-04-19,09:03:35,0,FG709,XZCE,1208,1185,1209,33728,809147400,249054,251444,1275,1153,1214,1210,0,1203,0,0,0,2017-04-19,32615000,1207,32,0,0,0,0,0,0,0,0,1208,17,0,0,0,0,0,0,0,0
454,2017-04-19,09:03:35,0,FG709,XZCE,1208,1185,1209,33752,809727240,249074,251444,1275,1153,1214,1210,0,1203,0,0,0,2017-04-19,32615000,1207,36,0,0,0,0,0,0,0,0,1208,12,0,0,0,0,0,0,0,0
455,2017-04-19,09:03:36,0,FG709,XZCE,1208,1185,1209,33776,810307080,249092,251444,1275,1153,1214,1210,0,1203,0,0,0,2017-04-19,32616000,1207,31,0,0,0,0,0,0,0,0,1208,9,0,0,0,0,0,0,0,0
456,2017-04-19,09:03:36,0,FG709,XZCE,1207,1185,1209,33796,810789880,249098,251444,1275,1153,1214,1210,0,1203,0,0,0,2017-04-19,32616000,1207,34,0,0,0,0,0,0,0,0,1208,15,0,0,0,0,0,0,0,0
457,2017-04-19,09:03:37,0,FG709,XZCE,1208,1185,1209,33802,810934840,249098,251444,1275,1153,1214,1210,0,1203,0,0,0,2017-04-19,32617000,1207,44,0,0,0,0,0,0,0,0,1208,14,0,0,0,0,0,0,0,0
458,2017-04-19,09:03:37,0,FG709,XZCE,1207,1185,1209,33804,810983120,249098,251444,1275,1153,1214,1210,0,1203,0,0,0,2017-04-19,32617000,1207,47,0,0,0,0,0,0,0,0,1208,25,0,0,0,0,0,0,0,0
459,2017-04-19,09:03:38,0,FG709,XZCE,1208,1185,1209,33866,812481040,249110,251444,1275,1153,1214,1210,0,1203,0,0,0,2017-04-19,32618000,1207,25,0,0,0,0,0,0,0,0,1208,47,0,0,0,0,0,0,0,0
460,2017-04-19,09:03:38,0,FG709,XZCE,1208,1185,1209,33982,815283600,249180,251444,1275,1153,1214,1210,0,1203,0,0,0,2017-04-19,32618000,1206,244,0,0,0,0,0,0,0,0,1208,35,0,0,0,0,0,0,0,0
461,2017-04-19,09:03:39,0,FG709,XZCE,1207,1185,1209,33988,815428440,249180,251444,1275,1153,1214,1210,0,1203,0,0,0,2017-04-19,32619000,1206,234,0,0,0,0,0,0,0,0,1208,131,0,0,0,0,0,0,0,0
462,2017-04-19,09:03:39,0,FG709,XZCE,1208,1185,1209,33998,815670040,249186,251444,1275,1153,1214,1210,0,1203,0,0,0,2017-04-19,32619000,1206,233,0,0,0,0,0,0,0,0,1207,35,0,0,0,0,0,0,0,0
463,2017-04-19,09:03:40,0,FG709,XZCE,1207,1185,1209,34002,815766600,249186,251444,1275,1153,1214,1210,0,1203,0,0,0,2017-04-19,32620000,1206,232,0,0,0,0,0,0,0,0,1207,56,0,0,0,0,0,0,0,0
464,2017-04-19,09:03:40,0,FG709,XZCE,1207,1185,1209,34006,815863160,249190,251444,1275,1153,1214,1210,0,1203,0,0,0,2017-04-19,32620000,1206,233,0,0,0,0,0,0,0,0,1207,69,0,0,0,0,0,0,0,0
465,2017-04-19,09:03:41,0,FG709,XZCE,1206,1185,1209,34058,817117400,249232,251444,1275,1153,1214,1210,0,1203,0,0,0,2017-04-19,32621000,1206,242,0,0,0,0,0,0,0,0,1207,40,0,0,0,0,0,0,0,0
466,2017-04-19,09:03:41,0,FG709,XZCE,1206,1185,1209,34060,817165640,249232,251444,1275,1153,1214,1210,0,1203,0,0,0,2017-04-19,32621000,1206,241,0,0,0,0,0,0,0,0,1207,60,0,0,0,0,0,0,0,0
467,2017-04-19,09:03:42,0,FG709,XZCE,1206,1185,1209,34082,817696280,249248,251444,1275,1153,1214,1210,0,1203,0,0,0,2017-04-19,32622000,1206,242,0,0,0,0,0,0,0,0,1207,54,0,0,0,0,0,0,0,0
468,2017-04-19,09:03:42,0,FG709,XZCE,1207,1185,1209,34096,818034240,249234,251444,1275,1153,1214,1210,0,1203,0,0,0,2017-04-19,32622000,1206,236,0,0,0,0,0,0,0,0,1207,54,0,0,0,0,0,0,0,0
469,2017-04-19,09:03:43,0,FG709,XZCE,1206,1185,1209,34098,818082480,249234,251444,1275,1153,1214,1210,0,1203,0,0,0,2017-04-19,32623000,1206,236,0,0,0,0,0,0,0,0,1207,64,0,0,0,0,0,0,0,0
470,2017-04-19,09:03:43,0,FG709,XZCE,1207,1185,1209,34116,818517000,249234,251444,1275,1153,1214,1210,0,1203,0,0,0,2017-04-19,32623000,1206,235,0,0,0,0,0,0,0,0,1207,62,0,0,0,0,0,0,0,0
471,2017-04-19,09:03:44,0,FG709,XZCE,1207,1185,1209,34126,818758400,249234,251444,1275,1153,1214,1210,0,1203,0,0,0,2017-04-19,32624000,1206,235,0,0,0,0,0,0,0,0,1207,64,0,0,0,0,0,0,0,0
472,2017-04-19,09:03:44,0,FG709,XZCE,1206,1185,1209,34170,819819680,249194,251444,1275,1153,1214,1210,0,1203,0,0,0,2017-04-19,32624000,1206,211,0,0,0,0,0,0,0,0,1207,74,0,0,0,0,0,0,0,0
473,2017-04-19,09:03:45,0,FG709,XZCE,1207,1185,1209,34172,819867960,249196,251444,1275,1153,1214,1210,0,1203,0,0,0,2017-04-19,32625000,1206,211,0,0,0,0,0,0,0,0,1207,81,0,0,0,0,0,0,0,0
474,2017-04-19,09:03:45,0,FG709,XZCE,1206,1185,1209,34176,819964440,249196,251444,1275,1153,1214,1210,0,1203,0,0,0,2017-04-19,32625000,1206,210,0,0,0,0,0,0,0,0,1207,82,0,0,0,0,0,0,0,0
475,2017-04-19,09:03:46,0,FG709,XZCE,1207,1185,1209,34188,820254120,249202,251444,1275,1153,1214,1210,0,1203,0,0,0,2017-04-19,32626000,1206,209,0,0,0,0,0,0,0,0,1207,99,0,0,0,0,0,0,0,0
476,2017-04-19,09:03:46,0,FG709,XZCE,1207,1185,1209,34216,820930040,249208,251444,1275,1153,1214,1210,0,1203,0,0,0,2017-04-19,32626000,1206,204,0,0,0,0,0,0,0,0,1207,90,0,0,0,0,0,0,0,0
477,2017-04-19,09:03:47,0,FG709,XZCE,1206,1185,1209,34246,821653640,249184,251444,1275,1153,1214,1210,0,1203,0,0,0,2017-04-19,32627000,1206,200,0,0,0,0,0,0,0,0,1207,83,0,0,0,0,0,0,0,0
478,2017-04-19,09:03:47,0,FG709,XZCE,1207,1185,1209,34248,821701920,249182,251444,1275,1153,1214,1210,0,1203,0,0,0,2017-04-19,32627000,1206,201,0,0,0,0,0,0,0,0,1207,82,0,0,0,0,0,0,0,0
479,2017-04-19,09:03:48,0,FG709,XZCE,1206,1185,1209,34276,822377280,249174,251444,1275,1153,1214,1210,0,1203,0,0,0,2017-04-19,32628000,1206,197,0,0,0,0,0,0,0,0,1207,75,0,0,0,0,0,0,0,0
480,2017-04-19,09:03:48,0,FG709,XZCE,1206,1185,1209,34400,825368160,249126,251444,1275,1153,1214,1210,0,1203,0,0,0,2017-04-19,32628000,1206,204,0,0,0,0,0,0,0,0,1207,24,0,0,0,0,0,0,0,0
481,2017-04-19,09:03:49,0,FG709,XZCE,1206,1185,1209,34404,825464640,249128,251444,1275,1153,1214,1210,0,1203,0,0,0,2017-04-19,32629000,1206,203,0,0,0,0,0,0,0,0,1207,24,0,0,0,0,0,0,0,0
482,2017-04-19,09:03:49,0,FG709,XZCE,1207,1185,1209,34406,825512920,249130,251444,1275,1153,1214,1210,0,1203,0,0,0,2017-04-19,32629000,1206,205,0,0,0,0,0,0,0,0,1207,25,0,0,0,0,0,0,0,0
483,2017-04-19,09:03:50,0,FG709,XZCE,1207,1185,1209,34432,826140560,249144,251444,1275,1153,1214,1210,0,1203,0,0,0,2017-04-19,32630000,1206,205,0,0,0,0,0,0,0,0,1207,95,0,0,0,0,0,0,0,0
484,2017-04-19,09:03:50,0,FG709,XZCE,1207,1185,1209,34444,826430240,249150,251444,1275,1153,1214,1210,0,1203,0,0,0,2017-04-19,32630000,1206,192,0,0,0,0,0,0,0,0,1207,95,0,0,0,0,0,0,0,0
485,2017-04-19,09:03:51,0,FG709,XZCE,1207,1185,1209,34450,826575080,249156,251444,1275,1153,1214,1210,0,1203,0,0,0,2017-04-19,32631000,1206,202,0,0,0,0,0,0,0,0,1207,96,0,0,0,0,0,0,0,0
486,2017-04-19,09:03:51,0,FG709,XZCE,1206,1185,1209,34452,826623320,249158,251444,1275,1153,1214,1210,0,1203,0,0,0,2017-04-19,32631000,1206,205,0,0,0,0,0,0,0,0,1207,98,0,0,0,0,0,0,0,0
487,2017-04-19,09:03:52,0,FG709,XZCE,1207,1185,1209,34506,827926880,249114,251444,1275,1153,1214,1210,0,1203,0,0,0,2017-04-19,32632000,1206,204,0,0,0,0,0,0,0,0,1207,75,0,0,0,0,0,0,0,0
488,2017-04-19,09:03:52,0,FG709,XZCE,1207,1185,1209,34520,828264840,249118,251444,1275,1153,1214,1210,0,1203,0,0,0,2017-04-19,32632000,1206,200,0,0,0,0,0,0,0,0,1207,76,0,0,0,0,0,0,0,0
489,2017-04-19,09:03:53,0,FG709,XZCE,1206,1185,1209,34530,828506040,249126,251444,1275,1153,1214,1210,0,1203,0,0,0,2017-04-19,32633000,1206,195,0,0,0,0,0,0,0,0,1207,104,0,0,0,0,0,0,0,0
490,2017-04-19,09:03:53,0,FG709,XZCE,1206,1185,1209,34536,828650760,249120,251444,1275,1153,1214,1210,0,1203,0,0,0,2017-04-19,32633000,1206,192,0,0,0,0,0,0,0,0,1207,105,0,0,0,0,0,0,0,0
491,2017-04-19,09:03:54,0,FG709,XZCE,1206,1185,1209,34544,828843720,249116,251444,1275,1153,1214,1210,0,1203,0,0,0,2017-04-19,32634000,1206,190,0,0,0,0,0,0,0,0,1207,103,0,0,0,0,0,0,0,0
492,2017-04-19,09:03:54,0,FG709,XZCE,1207,1185,1209,34554,829085120,249106,251444,1275,1153,1214,1210,0,1203,0,0,0,2017-04-19,32634000,1206,181,0,0,0,0,0,0,0,0,1207,99,0,0,0,0,0,0,0,0
493,2017-04-19,09:03:55,0,FG709,XZCE,1207,1185,1209,34560,829229960,249104,251444,1275,1153,1214,1210,0,1203,0,0,0,2017-04-19,32635000,1206,179,0,0,0,0,0,0,0,0,1207,99,0,0,0,0,0,0,0,0
494,2017-04-19,09:03:55,0,FG709,XZCE,1207,1185,1209,34564,829326520,249102,251444,1275,1153,1214,1210,0,1203,0,0,0,2017-04-19,32635000,1206,178,0,0,0,0,0,0,0,0,1207,101,0,0,0,0,0,0,0,0
495,2017-04-19,09:03:56,0,FG709,XZCE,1206,1185,1209,34746,833716360,249114,251444,1275,1153,1214,1210,0,1203,0,0,0,2017-04-19,32636000,1206,90,0,0,0,0,0,0,0,0,1207,112,0,0,0,0,0,0,0,0
496,2017-04-19,09:03:56,0,FG709,XZCE,1206,1185,1209,34810,835260040,249058,251444,1275,1153,1214,1210,0,1203,0,0,0,2017-04-19,32636000,1206,58,0,0,0,0,0,0,0,0,1207,112,0,0,0,0,0,0,0,0
497,2017-04-19,09:03:57,0,FG709,XZCE,1207,1185,1209,34906,837577480,248996,251444,1275,1153,1214,1210,0,1203,0,0,0,2017-04-19,32637000,1206,24,0,0,0,0,0,0,0,0,1207,114,0,0,0,0,0,0,0,0
498,2017-04-19,09:03:57,0,FG709,XZCE,1207,1185,1209,34906,837577480,248996,251444,1275,1153,1214,1210,0,1203,0,0,0,2017-04-19,32637000,1206,24,0,0,0,0,0,0,0,0,1207,116,0,0,0,0,0,0,0,0
499,2017-04-19,09:03:58,0,FG709,XZCE,1206,1185,1209,34958,838831720,248964,251444,1275,1153,1214,1210,0,1203,0,0,0,2017-04-19,32638000,1205,97,0,0,0,0,0,0,0,0,1206,78,0,0,0,0,0,0,0,0
500,2017-04-19,09:03:58,0,FG709,XZCE,1205,1185,1209,34962,838928120,248964,251444,1275,1153,1214,1210,0,1203,0,0,0,2017-04-19,32638000,1205,96,0,0,0,0,0,0,0,0,1206,78,0,0,0,0,0,0,0,0
501,2017-04-19,09:03:59,0,FG709,XZCE,1205,1185,1209,34990,839602920,248944,251444,1275,1153,1214,1210,0,1203,0,0,0,2017-04-19,32639000,1205,85,0,0,0,0,0,0,0,0,1206,86,0,0,0,0,0,0,0,0
502,2017-04-19,09:03:59,0,FG709,XZCE,1205,1185,1209,34990,839602920,248944,251444,1275,1153,1214,1210,0,1203,0,0,0,2017-04-19,32639000,1205,87,0,0,0,0,0,0,0,0,1206,86,0,0,0,0,0,0,0,0
503,2017-04-19,09:04:00,0,FG709,XZCE,1205,1185,1209,34994,839699320,248944,251444,1275,1153,1214,1210,0,1203,0,0,0,2017-04-19,32640000,1205,85,0,0,0,0,0,0,0,0,1206,92,0,0,0,0,0,0,0,0
504,2017-04-19,09:04:00,0,FG709,XZCE,1206,1185,1209,35002,839892280,248942,251444,1275,1153,1214,1210,0,1203,0,0,0,2017-04-19,32640000,1205,84,0,0,0,0,0,0,0,0,1206,90,0,0,0,0,0,0,0,0
505,2017-04-19,09:04:01,0,FG709,XZCE,1206,1185,1209,35006,839988760,248938,251444,1275,1153,1214,1210,0,1203,0,0,0,2017-04-19,32641000,1205,84,0,0,0,0,0,0,0,0,1206,91,0,0,0,0,0,0,0,0
506,2017-04-19,09:04:01,0,FG709,XZCE,1205,1185,1209,35012,840133360,248938,251444,1275,1153,1214,1210,0,1203,0,0,0,2017-04-19,32641000,1205,81,0,0,0,0,0,0,0,0,1206,91,0,0,0,0,0,0,0,0
507,2017-04-19,09:04:02,0,FG709,XZCE,1205,1185,1209,35016,840229760,248934,251444,1275,1153,1214,1210,0,1203,0,0,0,2017-04-19,32642000,1205,83,0,0,0,0,0,0,0,0,1206,90,0,0,0,0,0,0,0,0
508,2017-04-19,09:04:02,0,FG709,XZCE,1205,1185,1209,35026,840470760,248934,251444,1275,1153,1214,1210,0,1203,0,0,0,2017-04-19,32642000,1205,78,0,0,0,0,0,0,0,0,1206,90,0,0,0,0,0,0,0,0
509,2017-04-19,09:04:03,0,FG709,XZCE,1205,1185,1209,35028,840518960,248936,251444,1275,1153,1214,1210,0,1203,0,0,0,2017-04-19,32643000,1205,77,0,0,0,0,0,0,0,0,1206,90,0,0,0,0,0,0,0,0
510,2017-04-19,09:04:03,0,FG709,XZCE,1205,1185,1209,35040,840808160,248944,251444,1275,1153,1214,1210,0,1203,0,0,0,2017-04-19,32643000,1205,71,0,0,0,0,0,0,0,0,1206,92,0,0,0,0,0,0,0,0
511,2017-04-19,09:04:04,0,FG709,XZCE,1205,1185,1209,35046,840952760,248944,251444,1275,1153,1214,1210,0,1203,0,0,0,2017-04-19,32644000,1205,68,0,0,0,0,0,0,0,0,1206,92,0,0,0,0,0,0,0,0
512,2017-04-19,09:04:04,0,FG709,XZCE,1205,1185,1209,35080,841772160,248944,251444,1275,1153,1214,1210,0,1203,0,0,0,2017-04-19,32644000,1205,56,0,0,0,0,0,0,0,0,1206,90,0,0,0,0,0,0,0,0
513,2017-04-19,09:04:05,0,FG709,XZCE,1206,1185,1209,35110,842495760,248926,251444,1275,1153,1214,1210,0,1203,0,0,0,2017-04-19,32645000,1205,54,0,0,0,0,0,0,0,0,1206,81,0,0,0,0,0,0,0,0
514,2017-04-19,09:04:05,0,FG709,XZCE,1205,1185,1209,35116,842640360,248924,251444,1275,1153,1214,1210,0,1203,0,0,0,2017-04-19,32645000,1205,52,0,0,0,0,0,0,0,0,1206,81,0,0,0,0,0,0,0,0
515,2017-04-19,09:04:06,0,FG709,XZCE,1206,1185,1209,35136,843122760,248924,251444,1275,1153,1214,1210,0,1203,0,0,0,2017-04-19,32646000,1205,56,0,0,0,0,0,0,0,0,1206,82,0,0,0,0,0,0,0,0
516,2017-04-19,09:04:06,0,FG709,XZCE,1205,1185,1209,35140,843219160,248924,251444,1275,1153,1214,1210,0,1203,0,0,0,2017-04-19,32646000,1205,54,0,0,0,0,0,0,0,0,1206,83,0,0,0,0,0,0,0,0
517,2017-04-19,09:04:07,0,FG709,XZCE,1205,1185,1209,35150,843460160,248934,251444,1275,1153,1214,1210,0,1203,0,0,0,2017-04-19,32647000,1205,52,0,0,0,0,0,0,0,0,1206,83,0,0,0,0,0,0,0,0
518,2017-04-19,09:04:07,0,FG709,XZCE,1205,1185,1209,35166,843845760,248936,251444,1275,1153,1214,1210,0,1203,0,0,0,2017-04-19,32647000,1205,46,0,0,0,0,0,0,0,0,1206,83,0,0,0,0,0,0,0,0
519,2017-04-19,09:04:08,0,FG709,XZCE,1205,1185,1209,35186,844327760,248936,251444,1275,1153,1214,1210,0,1203,0,0,0,2017-04-19,32648000,1205,42,0,0,0,0,0,0,0,0,1206,84,0,0,0,0,0,0,0,0
520,2017-04-19,09:04:08,0,FG709,XZCE,1205,1185,1209,35322,847605360,248942,251444,1275,1153,1214,1210,0,1203,0,0,0,2017-04-19,32648000,1204,57,0,0,0,0,0,0,0,0,1205,25,0,0,0,0,0,0,0,0
521,2017-04-19,09:04:09,0,FG709,XZCE,1205,1185,1209,35340,848039160,248944,251444,1275,1153,1214,1210,0,1203,0,0,0,2017-04-19,32649000,1204,60,0,0,0,0,0,0,0,0,1205,28,0,0,0,0,0,0,0,0
522,2017-04-19,09:04:09,0,FG709,XZCE,1205,1185,1209,35416,849870760,249002,251444,1275,1153,1214,1210,0,1203,0,0,0,2017-04-19,32649000,1205,6,0,0,0,0,0,0,0,0,1206,95,0,0,0,0,0,0,0,0
523,2017-04-19,09:04:10,0,FG709,XZCE,1205,1185,1209,35438,850400960,248982,251444,1275,1153,1214,1210,0,1203,0,0,0,2017-04-19,32650000,1205,11,0,0,0,0,0,0,0,0,1206,92,0,0,0,0,0,0,0,0
524,2017-04-19,09:04:10,0,FG709,XZCE,1205,1185,1209,35448,850641960,248980,251444,1275,1153,1214,1210,0,1203,0,0,0,2017-04-19,32650000,1205,6,0,0,0,0,0,0,0,0,1206,93,0,0,0,0,0,0,0,0
525,2017-04-19,09:04:11,0,FG709,XZCE,1205,1185,1209,35456,850834760,248980,251444,1275,1153,1214,1210,0,1203,0,0,0,2017-04-19,32651000,1205,3,0,0,0,0,0,0,0,0,1206,97,0,0,0,0,0,0,0,0
526,2017-04-19,09:04:11,0,FG709,XZCE,1203,1185,1209,35708,856897880,249084,251444,1275,1153,1214,1210,0,1203,0,0,0,2017-04-19,32651000,1202,64,0,0,0,0,0,0,0,0,1203,664,0,0,0,0,0,0,0,0
527,2017-04-19,09:04:12,0,FG709,XZCE,1203,1185,1209,36068,865559480,249084,251444,1275,1153,1214,1210,0,1203,0,0,0,2017-04-19,32652000,1202,68,0,0,0,0,0,0,0,0,1203,482,0,0,0,0,0,0,0,0
528,2017-04-19,09:04:12,0,FG709,XZCE,1203,1185,1209,36176,868157960,249108,251444,1275,1153,1214,1210,0,1203,0,0,0,2017-04-19,32652000,1202,68,0,0,0,0,0,0,0,0,1203,428,0,0,0,0,0,0,0,0
529,2017-04-19,09:04:13,0,FG709,XZCE,1203,1185,1209,36192,868542920,249114,251444,1275,1153,1214,1210,0,1203,0,0,0,2017-04-19,32653000,1202,65,0,0,0,0,0,0,0,0,1203,422,0,0,0,0,0,0,0,0
530,2017-04-19,09:04:13,0,FG709,XZCE,1203,1185,1209,36206,868879760,249120,251444,1275,1153,1214,1210,0,1203,0,0,0,2017-04-19,32653000,1202,67,0,0,0,0,0,0,0,0,1203,425,0,0,0,0,0,0,0,0
531,2017-04-19,09:04:14,0,FG709,XZCE,1202,1185,1209,36210,868975920,249122,251444,1275,1153,1214,1210,0,1203,0,0,0,2017-04-19,32654000,1202,75,0,0,0,0,0,0,0,0,1203,425,0,0,0,0,0,0,0,0
532,2017-04-19,09:04:14,0,FG709,XZCE,1203,1185,1209,36222,869264640,249128,251444,1275,1153,1214,1210,0,1203,0,0,0,2017-04-19,32654000,1202,71,0,0,0,0,0,0,0,0,1203,420,0,0,0,0,0,0,0,0
533,2017-04-19,09:04:15,0,FG709,XZCE,1203,1185,1209,36228,869409000,249132,251444,1275,1153,1214,1210,0,1203,0,0,0,2017-04-19,32655000,1202,71,0,0,0,0,0,0,0,0,1203,417,0,0,0,0,0,0,0,0
534,2017-04-19,09:04:15,0,FG709,XZCE,1202,1185,1209,36260,870178280,249136,251444,1275,1153,1214,1210,0,1203,0,0,0,2017-04-19,32655000,1202,56,0,0,0,0,0,0,0,0,1203,417,0,0,0,0,0,0,0,0
535,2017-04-19,09:04:16,0,FG709,XZCE,1202,1185,1209,36270,870418680,249138,251444,1275,1153,1214,1210,0,1203,0,0,0,2017-04-19,32656000,1202,116,0,0,0,0,0,0,0,0,1203,417,0,0,0,0,0,0,0,0
536,2017-04-19,09:04:16,0,FG709,XZCE,1202,1185,1209,36322,871668760,249134,251444,1275,1153,1214,1210,0,1203,0,0,0,2017-04-19,32656000,1202,92,0,0,0,0,0,0,0,0,1203,415,0,0,0,0,0,0,0,0
537,2017-04-19,09:04:17,0,FG709,XZCE,1202,1185,1209,36326,871764920,249138,251444,1275,1153,1214,1210,0,1203,0,0,0,2017-04-19,32657000,1202,94,0,0,0,0,0,0,0,0,1203,415,0,0,0,0,0,0,0,0
538,2017-04-19,09:04:17,0,FG709,XZCE,1203,1185,1209,36332,871909280,249142,251444,1275,1153,1214,1210,0,1203,0,0,0,2017-04-19,32657000,1202,175,0,0,0,0,0,0,0,0,1203,413,0,0,0,0,0,0,0,0
539,2017-04-19,09:04:18,0,FG709,XZCE,1202,1185,1209,36336,872005440,249146,251444,1275,1153,1214,1210,0,1203,0,0,0,2017-04-19,32658000,1202,193,0,0,0,0,0,0,0,0,1203,413,0,0,0,0,0,0,0,0
540,2017-04-19,09:04:18,0,FG709,XZCE,1203,1185,1209,36648,879512160,249146,251444,1275,1153,1214,1210,0,1203,0,0,0,2017-04-19,32658000,1202,193,0,0,0,0,0,0,0,0,1203,247,0,0,0,0,0,0,0,0
541,2017-04-19,09:04:19,0,FG709,XZCE,1203,1185,1209,36996,887885040,249236,251444,1275,1153,1214,1210,0,1203,0,0,0,2017-04-19,32659000,1202,195,0,0,0,0,0,0,0,0,1203,73,0,0,0,0,0,0,0,0
542,2017-04-19,09:04:19,0,FG709,XZCE,1202,1185,1209,37174,892164160,249224,251444,1275,1153,1214,1210,0,1203,0,0,0,2017-04-19,32659000,1203,9,0,0,0,0,0,0,0,0,1204,22,0,0,0,0,0,0,0,0
543,2017-04-19,09:04:20,0,FG709,XZCE,1203,1185,1209,37180,892308520,249222,251444,1275,1153,1214,1210,0,1203,0,0,0,2017-04-19,32660000,1203,7,0,0,0,0,0,0,0,0,1204,25,0,0,0,0,0,0,0,0
544,2017-04-19,09:04:20,0,FG709,XZCE,1203,1185,1209,37188,892501000,249222,251444,1275,1153,1214,1210,0,1203,0,0,0,2017-04-19,32660000,1203,3,0,0,0,0,0,0,0,0,1204,31,0,0,0,0,0,0,0,0
545,2017-04-19,09:04:21,0,FG709,XZCE,1203,1185,1209,37206,892934080,249228,251444,1275,1153,1214,1210,0,1203,0,0,0,2017-04-19,32661000,1202,212,0,0,0,0,0,0,0,0,1203,3,0,0,0,0,0,0,0,0
