,dataDate,dataTime,dataMillisec,instrumentID,exchangeCD,lastPrice,lowPrice,highPrice,volume,value,openInterest,preOpenInterest,upperLimitPrice,lowerLimitPrice,preSettlementPrice,prevClosePrice,settlementPrice,openPrice,closePrice,preDelta,currDelta,clearingDay,milliSecOffset,bidPrice1,bidVolume1,bidPrice2,bidVolume2,bidPrice3,bidVolume3,bidPrice4,bidVolume4,bidPrice5,bidVolume5,askPrice1,askVolume1,askPrice2,askVolume2,askPrice3,askVolume3,askPrice4,askVolume4,askPrice5,askVolume5
0,2017-04-19,00:00:00,0,IC1704,CCFX,6422.2,0.0,0.0,0,0,13950,13950,0.0,0.0,6439.6,6422.2,0.0,0,0.0,0,0,2017-04-19,0,0.0,0,0,0,0,0,0,0,0,0,0.0,0,0,0,0,0,0,0,0,0
1,2017-04-19,07:03:20,100,IC1704,CCFX,6422.2,0.0,0.0,0,0,13950,13950,7083.4,5795.8,6439.6,6422.2,0.0,0,0.0,0,0,2017-04-19,25400100,0.0,0,0,0,0,0,0,0,0,0,0.0,0,0,0,0,0,0,0,0,0
2,2017-04-19,09:29:00,100,IC1704,CCFX,6400.0,6400.0,6400.0,29,37120000,13927,13950,7083.4,5795.8,6439.6,6422.2,0.0,6400,0.0,0,0,2017-04-19,34140100,6395.6,1,0,0,0,0,0,0,0,0,6400.0,14,0,0,0,0,0,0,0,0
3,2017-04-19,09:30:00,100,IC1704,CCFX,6400.0,6400.0,6400.0,30,38400000,13926,13950,7083.4,5795.8,6439.6,6422.2,0.0,6400,0.0,0,0,2017-04-19,34200100,6395.6,1,0,0,0,0,0,0,0,0,6400.0,14,0,0,0,0,0,0,0,0
4,2017-04-19,09:30:00,600,IC1704,CCFX,6395.8,6395.6,6400.0,45,57594800,13917,13950,7083.4,5795.8,6439.6,6422.2,0.0,6400,0.0,0,0,2017-04-19,34200600,6394.4,1,0,0,0,0,0,0,0,0,6399.8,2,0,0,0,0,0,0,0,0
5,2017-04-19,09:30:01,100,IC1704,CCFX,6399.4,6395.6,6400.0,47,60154520,13916,13950,7083.4,5795.8,6439.6,6422.2,0.0,6400,0.0,0,0,2017-04-19,34201100,6396.2,1,0,0,0,0,0,0,0,0,6399.6,4,0,0,0,0,0,0,0,0
6,2017-04-19,09:30:01,600,IC1704,CCFX,6399.6,6395.6,6400.0,50,63994280,13914,13950,7083.4,5795.8,6439.6,6422.2,0.0,6400,0.0,0,0,2017-04-19,34201600,6396.8,1,0,0,0,0,0,0,0,0,6399.0,1,0,0,0,0,0,0,0,0
7,2017-04-19,09:30:02,100,IC1704,CCFX,6399.4,6395.6,6400.0,53,67833480,13911,13950,7083.4,5795.8,6439.6,6422.2,0.0,6400,0.0,0,0,2017-04-19,34202100,6397.0,1,0,0,0,0,0,0,0,0,6399.4,1,0,0,0,0,0,0,0,0
8,2017-04-19,09:30:02,600,IC1704,CCFX,6399.4,6395.6,6400.0,55,70393240,13911,13950,7083.4,5795.8,6439.6,6422.2,0.0,6400,0.0,0,0,2017-04-19,34202600,6397.4,2,0,0,0,0,0,0,0,0,6399.2,1,0,0,0,0,0,0,0,0
9,2017-04-19,09:30:03,100,IC1704,CCFX,6397.6,6395.6,6400.0,59,75511560,13911,13950,7083.4,5795.8,6439.6,6422.2,0.0,6400,0.0,0,0,2017-04-19,34203100,6397.4,1,0,0,0,0,0,0,0,0,6399.4,1,0,0,0,0,0,0,0,0
10,2017-04-19,09:30:03,600,IC1704,CCFX,6394.6,6394.6,6400.0,63,80629840,13908,13950,7083.4,5795.8,6439.6,6422.2,0.0,6400,0.0,0,0,2017-04-19,34203600,6399.4,1,0,0,0,0,0,0,0,0,6400.0,19,0,0,0,0,0,0,0,0
11,2017-04-19,09:30:04,100,IC1704,CCFX,6399.4,6394.4,6400.0,67,85747440,13905,13950,7083.4,5795.8,6439.6,6422.2,0.0,6400,0.0,0,0,2017-04-19,34204100,6397.8,1,0,0,0,0,0,0,0,0,6399.4,1,0,0,0,0,0,0,0,0
12,2017-04-19,09:30:04,600,IC1704,CCFX,6398.4,6394.2,6400.0,71,90865000,13902,13950,7083.4,5795.8,6439.6,6422.2,0.0,6400,0.0,0,0,2017-04-19,34204600,6398.0,2,0,0,0,0,0,0,0,0,6399.4,1,0,0,0,0,0,0,0,0
13,2017-04-19,09:30:05,100,IC1704,CCFX,6399.2,6394.2,6400.0,73,93424680,13901,13950,7083.4,5795.8,6439.6,6422.2,0.0,6400,0.0,0,0,2017-04-19,34205100,6398.2,1,0,0,0,0,0,0,0,0,6400.0,24,0,0,0,0,0,0,0,0
14,2017-04-19,09:30:05,600,IC1704,CCFX,6399.2,6394.2,6400.0,77,98543440,13897,13950,7083.4,5795.8,6439.6,6422.2,0.0,6400,0.0,0,0,2017-04-19,34205600,6395.6,1,0,0,0,0,0,0,0,0,6399.2,9,0,0,0,0,0,0,0,0
15,2017-04-19,09:30:06,100,IC1704,CCFX,6399.2,6394.2,6400.0,78,99823280,13896,13950,7083.4,5795.8,6439.6,6422.2,0.0,6400,0.0,0,0,2017-04-19,34206100,6396.6,1,0,0,0,0,0,0,0,0,6398.8,1,0,0,0,0,0,0,0,0
16,2017-04-19,09:30:06,600,IC1704,CCFX,6398.8,6394.2,6400.0,79,101103040,13895,13950,7083.4,5795.8,6439.6,6422.2,0.0,6400,0.0,0,0,2017-04-19,34206600,6396.8,1,0,0,0,0,0,0,0,0,6398.8,1,0,0,0,0,0,0,0,0
17,2017-04-19,09:30:07,100,IC1704,CCFX,6398.8,6394.2,6400.0,80,102382800,13894,13950,7083.4,5795.8,6439.6,6422.2,0.0,6400,0.0,0,0,2017-04-19,34207100,6396.8,2,0,0,0,0,0,0,0,0,6398.8,1,0,0,0,0,0,0,0,0
18,2017-04-19,09:30:07,600,IC1704,CCFX,6398.8,6394.2,6400.0,81,103662560,13895,13950,7083.4,5795.8,6439.6,6422.2,0.0,6400,0.0,0,0,2017-04-19,34207600,6397.0,1,0,0,0,0,0,0,0,0,6399.2,10,0,0,0,0,0,0,0,0
19,2017-04-19,09:30:08,100,IC1704,CCFX,6399.2,6394.2,6400.0,83,106222240,13895,13950,7083.4,5795.8,6439.6,6422.2,0.0,6400,0.0,0,0,2017-04-19,34208100,6397.0,1,0,0,0,0,0,0,0,0,6399.2,8,0,0,0,0,0,0,0,0
20,2017-04-19,09:30:08,600,IC1704,CCFX,6399.2,6394.2,6400.0,83,106222240,13895,13950,7083.4,5795.8,6439.6,6422.2,0.0,6400,0.0,0,0,2017-04-19,34208600,6397.2,2,0,0,0,0,0,0,0,0,6399.0,1,0,0,0,0,0,0,0,0
21,2017-04-19,09:30:09,100,IC1704,CCFX,6399.0,6394.2,6400.0,86,110061000,13893,13950,7083.4,5795.8,6439.6,6422.2,0.0,6400,0.0,0,0,2017-04-19,34209100,6397.2,2,0,0,0,0,0,0,0,0,6399.2,8,0,0,0,0,0,0,0,0
22,2017-04-19,09:30:09,600,IC1704,CCFX,6397.2,6394.2,6400.0,98,125417520,13882,13950,7083.4,5795.8,6439.6,6422.2,0.0,6400,0.0,0,0,2017-04-19,34209600,6399.0,1,0,0,0,0,0,0,0,0,6399.2,1,0,0,0,0,0,0,0,0
23,2017-04-19,09:30:10,100,IC1704,CCFX,6399.2,6394.2,6400.0,101,129257000,13879,13950,7083.4,5795.8,6439.6,6422.2,0.0,6400,0.0,0,0,2017-04-19,34210100,6396.8,1,0,0,0,0,0,0,0,0,6398.6,5,0,0,0,0,0,0,0,0
24,2017-04-19,09:30:10,600,IC1704,CCFX,6397.0,6394.2,6400.0,102,130536400,13878,13950,7083.4,5795.8,6439.6,6422.2,0.0,6400,0.0,0,0,2017-04-19,34210600,6396.8,1,0,0,0,0,0,0,0,0,6398.6,5,0,0,0,0,0,0,0,0
25,2017-04-19,09:30:11,100,IC1704,CCFX,6398.6,6394.2,6400.0,104,133095840,13876,13950,7083.4,5795.8,6439.6,6422.2,0.0,6400,0.0,0,0,2017-04-19,34211100,6398.2,1,0,0,0,0,0,0,0,0,6398.6,3,0,0,0,0,0,0,0,0
26,2017-04-19,09:30:11,600,IC1704,CCFX,6398.6,6394.2,6400.0,107,136935000,13873,13950,7083.4,5795.8,6439.6,6422.2,0.0,6400,0.0,0,0,2017-04-19,34211600,6398.2,1,0,0,0,0,0,0,0,0,6399.4,1,0,0,0,0,0,0,0,0
27,2017-04-19,09:30:12,100,IC1704,CCFX,6392.6,6392.6,6400.0,120,153560760,13870,13950,7083.4,5795.8,6439.6,6422.2,0.0,6400,0.0,0,0,2017-04-19,34212100,6394.4,2,0,0,0,0,0,0,0,0,6398.2,5,0,0,0,0,0,0,0,0
28,2017-04-19,09:30:12,600,IC1704,CCFX,6394.4,6392.6,6400.0,126,161234840,13868,13950,7083.4,5795.8,6439.6,6422.2,0.0,6400,0.0,0,0,2017-04-19,34212600,6392.6,2,0,0,0,0,0,0,0,0,6397.8,1,0,0,0,0,0,0,0,0
29,2017-04-19,09:30:13,100,IC1704,CCFX,6397.4,6392.6,6400.0,127,162514320,13867,13950,7083.4,5795.8,6439.6,6422.2,0.0,6400,0.0,0,0,2017-04-19,34213100,6393.2,1,0,0,0,0,0,0,0,0,6397.6,3,0,0,0,0,0,0,0,0
30,2017-04-19,09:30:13,600,IC1704,CCFX,6397.4,6392.6,6400.0,127,162514320,13867,13950,7083.4,5795.8,6439.6,6422.2,0.0,6400,0.0,0,0,2017-04-19,34213600,6393.6,1,0,0,0,0,0,0,0,0,6397.6,2,0,0,0,0,0,0,0,0
31,2017-04-19,09:30:14,100,IC1704,CCFX,6397.6,6392.6,6400.0,129,165073360,13865,13950,7083.4,5795.8,6439.6,6422.2,0.0,6400,0.0,0,0,2017-04-19,34214100,6394.2,1,0,0,0,0,0,0,0,0,6398.2,4,0,0,0,0,0,0,0,0
32,2017-04-19,09:30:14,600,IC1704,CCFX,6398.2,6392.6,6400.0,132,168911400,13862,13950,7083.4,5795.8,6439.6,6422.2,0.0,6400,0.0,0,0,2017-04-19,34214600,6395.0,1,0,0,0,0,0,0,0,0,6398.2,3,0,0,0,0,0,0,0,0
33,2017-04-19,09:30:15,100,IC1704,CCFX,6398.2,6392.6,6400.0,132,168911400,13862,13950,7083.4,5795.8,6439.6,6422.2,0.0,6400,0.0,0,0,2017-04-19,34215100,6395.4,1,0,0,0,0,0,0,0,0,6398.0,1,0,0,0,0,0,0,0,0
34,2017-04-19,09:30:15,600,IC1704,CCFX,6395.6,6392.6,6400.0,133,170190520,13861,13950,7083.4,5795.8,6439.6,6422.2,0.0,6400,0.0,0,0,2017-04-19,34215600,6395.6,4,0,0,0,0,0,0,0,0,6398.0,1,0,0,0,0,0,0,0,0
35,2017-04-19,09:30:16,100,IC1704,CCFX,6395.6,6392.6,6400.0,133,170190520,13861,13950,7083.4,5795.8,6439.6,6422.2,0.0,6400,0.0,0,0,2017-04-19,34216100,6398.0,1,0,0,0,0,0,0,0,0,6398.2,3,0,0,0,0,0,0,0,0
36,2017-04-19,09:30:16,600,IC1704,CCFX,6398.0,6392.6,6400.0,138,176588680,13856,13950,7083.4,5795.8,6439.6,6422.2,0.0,6400,0.0,0,0,2017-04-19,34216600,6397.0,1,0,0,0,0,0,0,0,0,6397.8,15,0,0,0,0,0,0,0,0
37,2017-04-19,09:30:17,100,IC1704,CCFX,6397.8,6392.6,6400.0,139,177868240,13855,13950,7083.4,5795.8,6439.6,6422.2,0.0,6400,0.0,0,0,2017-04-19,34217100,6397.0,1,0,0,0,0,0,0,0,0,6397.8,14,0,0,0,0,0,0,0,0
38,2017-04-19,09:30:17,600,IC1704,CCFX,6397.0,6392.6,6400.0,142,181706760,13852,13950,7083.4,5795.8,6439.6,6422.2,0.0,6400,0.0,0,0,2017-04-19,34217600,6396.0,1,0,0,0,0,0,0,0,0,6397.8,17,0,0,0,0,0,0,0,0
39,2017-04-19,09:30:18,100,IC1704,CCFX,6397.8,6392.6,6400.0,145,185545400,13849,13950,7083.4,5795.8,6439.6,6422.2,0.0,6400,0.0,0,0,2017-04-19,34218100,6396.0,1,0,0,0,0,0,0,0,0,6397.6,1,0,0,0,0,0,0,0,0
40,2017-04-19,09:30:18,600,IC1704,CCFX,6397.6,6392.6,6400.0,147,188104120,13847,13950,7083.4,5795.8,6439.6,6422.2,0.0,6400,0.0,0,0,2017-04-19,34218600,6396.8,1,0,0,0,0,0,0,0,0,6397.6,1,0,0,0,0,0,0,0,0
41,2017-04-19,09:30:19,100,IC1704,CCFX,6397.8,6392.6,6400.0,154,197061000,13846,13950,7083.4,5795.8,6439.6,6422.2,0.0,6400,0.0,0,0,2017-04-19,34219100,6396.8,1,0,0,0,0,0,0,0,0,6397.8,9,0,0,0,0,0,0,0,0
42,2017-04-19,09:30:19,600,IC1704,CCFX,6397.8,6392.6,6400.0,156,199620120,13846,13950,7083.4,5795.8,6439.6,6422.2,0.0,6400,0.0,0,0,2017-04-19,34219600,6397.0,3,0,0,0,0,0,0,0,0,6397.8,7,0,0,0,0,0,0,0,0
43,2017-04-19,09:30:20,100,IC1704,CCFX,6397.8,6392.6,6400.0,158,202179240,13846,13950,7083.4,5795.8,6439.6,6422.2,0.0,6400,0.0,0,0,2017-04-19,34220100,6396.8,1,0,0,0,0,0,0,0,0,6397.8,5,0,0,0,0,0,0,0,0
44,2017-04-19,09:30:20,600,IC1704,CCFX,6397.8,6392.6,6400.0,161,206017920,13846,13950,7083.4,5795.8,6439.6,6422.2,0.0,6400,0.0,0,0,2017-04-19,34220600,6395.6,1,0,0,0,0,0,0,0,0,6397.8,2,0,0,0,0,0,0,0,0
45,2017-04-19,09:30:21,100,IC1704,CCFX,6396.0,6392.6,6400.0,163,208576680,13845,13950,7083.4,5795.8,6439.6,6422.2,0.0,6400,0.0,0,0,2017-04-19,34221100,6395.8,2,0,0,0,0,0,0,0,0,6397.8,1,0,0,0,0,0,0,0,0
46,2017-04-19,09:30:21,600,IC1704,CCFX,6396.0,6392.6,6400.0,163,208576680,13845,13950,7083.4,5795.8,6439.6,6422.2,0.0,6400,0.0,0,0,2017-04-19,34221600,6396.2,2,0,0,0,0,0,0,0,0,6397.8,1,0,0,0,0,0,0,0,0
47,2017-04-19,09:30:22,100,IC1704,CCFX,6396.0,6392.6,6400.0,164,209855880,13844,13950,7083.4,5795.8,6439.6,6422.2,0.0,6400,0.0,0,0,2017-04-19,34222100,6396.4,2,0,0,0,0,0,0,0,0,6397.8,1,0,0,0,0,0,0,0,0
48,2017-04-19,09:30:22,600,IC1704,CCFX,6396.0,6392.6,6400.0,164,209855880,13844,13950,7083.4,5795.8,6439.6,6422.2,0.0,6400,0.0,0,0,2017-04-19,34222600,6396.4,2,0,0,0,0,0,0,0,0,6397.8,1,0,0,0,0,0,0,0,0
49,2017-04-19,09:30:23,100,IC1704,CCFX,6397.8,6392.6,6400.0,165,211135440,13844,13950,7083.4,5795.8,6439.6,6422.2,0.0,6400,0.0,0,0,2017-04-19,34223100,6396.4,2,0,0,0,0,0,0,0,0,6397.2,1,0,0,0,0,0,0,0,0
50,2017-04-19,09:30:23,600,IC1704,CCFX,6397.8,6392.6,6400.0,167,213694560,13843,13950,7083.4,5795.8,6439.6,6422.2,0.0,6400,0.0,0,0,2017-04-19,34223600,6397.2,1,0,0,0,0,0,0,0,0,6397.6,4,0,0,0,0,0,0,0,0
51,2017-04-19,09:30:24,100,IC1704,CCFX,6397.4,6392.6,6400.0,169,216253560,13844,13950,7083.4,5795.8,6439.6,6422.2,0.0,6400,0.0,0,0,2017-04-19,34224100,6396.2,3,0,0,0,0,0,0,0,0,6397.0,4,0,0,0,0,0,0,0,0
52,2017-04-19,09:30:24,600,IC1704,CCFX,6397.4,6392.6,6400.0,171,218812520,13844,13950,7083.4,5795.8,6439.6,6422.2,0.0,6400,0.0,0,0,2017-04-19,34224600,6396.2,2,0,0,0,0,0,0,0,0,6397.0,2,0,0,0,0,0,0,0,0
53,2017-04-19,09:30:25,100,IC1704,CCFX,6397.0,6392.6,6400.0,172,220091920,13844,13950,7083.4,5795.8,6439.6,6422.2,0.0,6400,0.0,0,0,2017-04-19,34225100,6396.4,2,0,0,0,0,0,0,0,0,6397.0,1,0,0,0,0,0,0,0,0
54,2017-04-19,09:30:25,600,IC1704,CCFX,6397.0,6392.6,6400.0,173,221371320,13844,13950,7083.4,5795.8,6439.6,6422.2,0.0,6400,0.0,0,0,2017-04-19,34225600,6396.6,3,0,0,0,0,0,0,0,0,6396.8,5,0,0,0,0,0,0,0,0
55,2017-04-19,09:30:26,100,IC1704,CCFX,6396.2,6392.6,6400.0,179,229047200,13841,13950,7083.4,5795.8,6439.6,6422.2,0.0,6400,0.0,0,0,2017-04-19,34226100,6396.2,1,0,0,0,0,0,0,0,0,6396.6,5,0,0,0,0,0,0,0,0
56,2017-04-19,09:30:26,600,IC1704,CCFX,6396.2,6392.6,6400.0,179,229047200,13841,13950,7083.4,5795.8,6439.6,6422.2,0.0,6400,0.0,0,0,2017-04-19,34226600,6396.2,3,0,0,0,0,0,0,0,0,6396.6,7,0,0,0,0,0,0,0,0
57,2017-04-19,09:30:27,100,IC1704,CCFX,6396.2,6392.6,6400.0,182,232884920,13838,13950,7083.4,5795.8,6439.6,6422.2,0.0,6400,0.0,0,0,2017-04-19,34227100,6395.2,1,0,0,0,0,0,0,0,0,6396.0,1,0,0,0,0,0,0,0,0
58,2017-04-19,09:30:27,600,IC1704,CCFX,6396.6,6392.6,6400.0,188,240560360,13832,13950,7083.4,5795.8,6439.6,6422.2,0.0,6400,0.0,0,0,2017-04-19,34227600,6396.6,1,0,0,0,0,0,0,0,0,6397.2,2,0,0,0,0,0,0,0,0
59,2017-04-19,09:30:28,100,IC1704,CCFX,6397.2,6392.6,6400.0,190,243119120,13830,13950,7083.4,5795.8,6439.6,6422.2,0.0,6400,0.0,0,0,2017-04-19,34228100,6394.2,1,0,0,0,0,0,0,0,0,6397.2,1,0,0,0,0,0,0,0,0
60,2017-04-19,09:30:28,600,IC1704,CCFX,6397.2,6392.6,6400.0,190,243119120,13830,13950,7083.4,5795.8,6439.6,6422.2,0.0,6400,0.0,0,0,2017-04-19,34228600,6395.0,2,0,0,0,0,0,0,0,0,6397.0,5,0,0,0,0,0,0,0,0
61,2017-04-19,09:30:29,100,IC1704,CCFX,6395.2,6392.6,6400.0,191,244398160,13829,13950,7083.4,5795.8,6439.6,6422.2,0.0,6400,0.0,0,0,2017-04-19,34229100,6395.0,2,0,0,0,0,0,0,0,0,6397.0,5,0,0,0,0,0,0,0,0
62,2017-04-19,09:30:29,600,IC1704,CCFX,6395.2,6392.6,6400.0,191,244398160,13829,13950,7083.4,5795.8,6439.6,6422.2,0.0,6400,0.0,0,0,2017-04-19,34229600,6395.2,1,0,0,0,0,0,0,0,0,6396.8,2,0,0,0,0,0,0,0,0
63,2017-04-19,09:30:30,100,IC1704,CCFX,6395.2,6392.6,6400.0,191,244398160,13829,13950,7083.4,5795.8,6439.6,6422.2,0.0,6400,0.0,0,0,2017-04-19,34230100,6395.2,1,0,0,0,0,0,0,0,0,6396.8,2,0,0,0,0,0,0,0,0
64,2017-04-19,09:30:30,600,IC1704,CCFX,6395.2,6392.6,6400.0,192,245677200,13829,13950,7083.4,5795.8,6439.6,6422.2,0.0,6400,0.0,0,0,2017-04-19,34230600,6395.0,1,0,0,0,0,0,0,0,0,6395.2,2,0,0,0,0,0,0,0,0
65,2017-04-19,09:30:31,100,IC1704,CCFX,6394.2,6392.6,6400.0,194,248235040,13827,13950,7083.4,5795.8,6439.6,6422.2,0.0,6400,0.0,0,0,2017-04-19,34231100,6394.0,16,0,0,0,0,0,0,0,0,6395.2,2,0,0,0,0,0,0,0,0
66,2017-04-19,09:30:31,600,IC1704,CCFX,6395.0,6392.6,6400.0,195,249514040,13826,13950,7083.4,5795.8,6439.6,6422.2,0.0,6400,0.0,0,0,2017-04-19,34231600,6394.0,16,0,0,0,0,0,0,0,0,6395.2,2,0,0,0,0,0,0,0,0
67,2017-04-19,09:30:32,100,IC1704,CCFX,6395.2,6392.6,6400.0,196,250793080,13825,13950,7083.4,5795.8,6439.6,6422.2,0.0,6400,0.0,0,0,2017-04-19,34232100,6394.2,1,0,0,0,0,0,0,0,0,6395.2,1,0,0,0,0,0,0,0,0
68,2017-04-19,09:30:32,600,IC1704,CCFX,6395.2,6392.6,6400.0,197,252072120,13824,13950,7083.4,5795.8,6439.6,6422.2,0.0,6400,0.0,0,0,2017-04-19,34232600,6395.2,2,0,0,0,0,0,0,0,0,6396.6,1,0,0,0,0,0,0,0,0
69,2017-04-19,09:30:33,100,IC1704,CCFX,6395.2,6392.6,6400.0,197,252072120,13824,13950,7083.4,5795.8,6439.6,6422.2,0.0,6400,0.0,0,0,2017-04-19,34233100,6395.2,2,0,0,0,0,0,0,0,0,6396.4,1,0,0,0,0,0,0,0,0
70,2017-04-19,09:30:33,600,IC1704,CCFX,6395.2,6392.6,6400.0,197,252072120,13824,13950,7083.4,5795.8,6439.6,6422.2,0.0,6400,0.0,0,0,2017-04-19,34233600,6396.0,1,0,0,0,0,0,0,0,0,6396.4,1,0,0,0,0,0,0,0,0
71,2017-04-19,09:30:34,100,IC1704,CCFX,6396.4,6392.6,6400.0,198,253351400,13823,13950,7083.4,5795.8,6439.6,6422.2,0.0,6400,0.0,0,0,2017-04-19,34234100,6396.0,2,0,0,0,0,0,0,0,0,6397.2,1,0,0,0,0,0,0,0,0
72,2017-04-19,09:30:34,600,IC1704,CCFX,6397.8,6392.6,6400.0,203,259748160,13821,13950,7083.4,5795.8,6439.6,6422.2,0.0,6400,0.0,0,0,2017-04-19,34234600,6395.2,2,0,0,0,0,0,0,0,0,6399.8,1,0,0,0,0,0,0,0,0
73,2017-04-19,09:30:35,100,IC1704,CCFX,6397.8,6392.6,6400.0,203,259748160,13821,13950,7083.4,5795.8,6439.6,6422.2,0.0,6400,0.0,0,0,2017-04-19,34235100,6395.6,2,0,0,0,0,0,0,0,0,6399.4,1,0,0,0,0,0,0,0,0
74,2017-04-19,09:30:35,600,IC1704,CCFX,6397.8,6392.6,6400.0,203,259748160,13821,13950,7083.4,5795.8,6439.6,6422.2,0.0,6400,0.0,0,0,2017-04-19,34235600,6395.8,2,0,0,0,0,0,0,0,0,6398.6,1,0,0,0,0,0,0,0,0
75,2017-04-19,09:30:36,100,IC1704,CCFX,6397.8,6392.6,6400.0,203,259748160,13821,13950,7083.4,5795.8,6439.6,6422.2,0.0,6400,0.0,0,0,2017-04-19,34236100,6396.4,1,0,0,0,0,0,0,0,0,6398.6,1,0,0,0,0,0,0,0,0
76,2017-04-19,09:30:36,600,IC1704,CCFX,6398.6,6392.6,6400.0,204,261027880,13820,13950,7083.4,5795.8,6439.6,6422.2,0.0,6400,0.0,0,0,2017-04-19,34236600,6397.8,1,0,0,0,0,0,0,0,0,6399.4,1,0,0,0,0,0,0,0,0
77,2017-04-19,09:30:37,100,IC1704,CCFX,6399.2,6392.6,6400.0,206,263587440,13820,13950,7083.4,5795.8,6439.6,6422.2,0.0,6400,0.0,0,0,2017-04-19,34237100,6399.4,1,0,0,0,0,0,0,0,0,6399.8,1,0,0,0,0,0,0,0,0
78,2017-04-19,09:30:37,600,IC1704,CCFX,6399.4,6392.6,6400.0,207,264867320,13819,13950,7083.4,5795.8,6439.6,6422.2,0.0,6400,0.0,0,0,2017-04-19,34237600,6396.6,1,0,0,0,0,0,0,0,0,6397.4,1,0,0,0,0,0,0,0,0
79,2017-04-19,09:30:38,100,IC1704,CCFX,6396.4,6392.6,6400.0,209,267426080,13818,13950,7083.4,5795.8,6439.6,6422.2,0.0,6400,0.0,0,0,2017-04-19,34238100,6395.0,1,0,0,0,0,0,0,0,0,6396.0,1,0,0,0,0,0,0,0,0
80,2017-04-19,09:30:38,600,IC1704,CCFX,6396.0,6392.6,6400.0,211,269984480,13818,13950,7083.4,5795.8,6439.6,6422.2,0.0,6400,0.0,0,0,2017-04-19,34238600,6396.0,2,0,0,0,0,0,0,0,0,6399.4,1,0,0,0,0,0,0,0,0
81,2017-04-19,09:30:39,100,IC1704,CCFX,6396.0,6392.6,6400.0,211,269984480,13818,13950,7083.4,5795.8,6439.6,6422.2,0.0,6400,0.0,0,0,2017-04-19,34239100,6396.2,3,0,0,0,0,0,0,0,0,6399.4,1,0,0,0,0,0,0,0,0
82,2017-04-19,09:30:39,600,IC1704,CCFX,6398.8,6392.6,6400.0,213,272543560,13816,13950,7083.4,5795.8,6439.6,6422.2,0.0,6400,0.0,0,0,2017-04-19,34239600,6396.2,2,0,0,0,0,0,0,0,0,6399.4,1,0,0,0,0,0,0,0,0
83,2017-04-19,09:30:40,100,IC1704,CCFX,6398.8,6392.6,6400.0,213,272543560,13816,13950,7083.4,5795.8,6439.6,6422.2,0.0,6400,0.0,0,0,2017-04-19,34240100,6396.2,2,0,0,0,0,0,0,0,0,6399.0,1,0,0,0,0,0,0,0,0
84,2017-04-19,09:30:40,600,IC1704,CCFX,6399.4,6392.6,6400.0,217,277662840,13812,13950,7083.4,5795.8,6439.6,6422.2,0.0,6400,0.0,0,0,2017-04-19,34240600,6396.4,2,0,0,0,0,0,0,0,0,6399.8,1,0,0,0,0,0,0,0,0
85,2017-04-19,09:30:41,100,IC1704,CCFX,6399.4,6392.6,6400.0,217,277662840,13812,13950,7083.4,5795.8,6439.6,6422.2,0.0,6400,0.0,0,0,2017-04-19,34241100,6396.6,3,0,0,0,0,0,0,0,0,6399.8,1,0,0,0,0,0,0,0,0
86,2017-04-19,09:30:41,600,IC1704,CCFX,6399.8,6392.6,6400.0,218,278942800,13812,13950,7083.4,5795.8,6439.6,6422.2,0.0,6400,0.0,0,0,2017-04-19,34241600,6396.8,2,0,0,0,0,0,0,0,0,6400.0,8,0,0,0,0,0,0,0,0
87,2017-04-19,09:30:42,100,IC1704,CCFX,6399.8,6392.6,6400.0,218,278942800,13812,13950,7083.4,5795.8,6439.6,6422.2,0.0,6400,0.0,0,0,2017-04-19,34242100,6397.2,1,0,0,0,0,0,0,0,0,6399.0,5,0,0,0,0,0,0,0,0
88,2017-04-19,09:30:42,600,IC1704,CCFX,6397.0,6392.6,6400.0,223,285339920,13812,13950,7083.4,5795.8,6439.6,6422.2,0.0,6400,0.0,0,0,2017-04-19,34242600,6395.4,1,0,0,0,0,0,0,0,0,6396.4,5,0,0,0,0,0,0,0,0
89,2017-04-19,09:30:43,100,IC1704,CCFX,6396.4,6392.6,6400.0,225,287898480,13810,13950,7083.4,5795.8,6439.6,6422.2,0.0,6400,0.0,0,0,2017-04-19,34243100,6395.6,2,0,0,0,0,0,0,0,0,6396.4,3,0,0,0,0,0,0,0,0
90,2017-04-19,09:30:43,600,IC1704,CCFX,6399.0,6392.6,6400.0,231,295575720,13806,13950,7083.4,5795.8,6439.6,6422.2,0.0,6400,0.0,0,0,2017-04-19,34243600,6396.4,2,0,0,0,0,0,0,0,0,6399.0,2,0,0,0,0,0,0,0,0
91,2017-04-19,09:30:44,100,IC1704,CCFX,6396.6,6392.6,6400.0,233,298134360,13806,13950,7083.4,5795.8,6439.6,6422.2,0.0,6400,0.0,0,0,2017-04-19,34244100,6396.6,2,0,0,0,0,0,0,0,0,6398.8,1,0,0,0,0,0,0,0,0
92,2017-04-19,09:30:44,600,IC1704,CCFX,6396.6,6392.6,6400.0,233,298134360,13806,13950,7083.4,5795.8,6439.6,6422.2,0.0,6400,0.0,0,0,2017-04-19,34244600,6396.8,1,0,0,0,0,0,0,0,0,6398.6,1,0,0,0,0,0,0,0,0
93,2017-04-19,09:30:45,100,IC1704,CCFX,6398.6,6392.6,6400.0,234,299414080,13805,13950,7083.4,5795.8,6439.6,6422.2,0.0,6400,0.0,0,0,2017-04-19,34245100,6396.8,1,0,0,0,0,0,0,0,0,6398.8,1,0,0,0,0,0,0,0,0
94,2017-04-19,09:30:45,600,IC1704,CCFX,6398.6,6392.6,6400.0,234,299414080,13805,13950,7083.4,5795.8,6439.6,6422.2,0.0,6400,0.0,0,0,2017-04-19,34245600,6396.8,1,0,0,0,0,0,0,0,0,6398.8,1,0,0,0,0,0,0,0,0
95,2017-04-19,09:30:46,100,IC1704,CCFX,6398.6,6392.6,6400.0,234,299414080,13805,13950,7083.4,5795.8,6439.6,6422.2,0.0,6400,0.0,0,0,2017-04-19,34246100,6396.8,3,0,0,0,0,0,0,0,0,6398.8,1,0,0,0,0,0,0,0,0
96,2017-04-19,09:30:46,600,IC1704,CCFX,6398.8,6392.6,6400.0,235,300693840,13804,13950,7083.4,5795.8,6439.6,6422.2,0.0,6400,0.0,0,0,2017-04-19,34246600,6396.8,3,0,0,0,0,0,0,0,0,6398.8,1,0,0,0,0,0,0,0,0
97,2017-04-19,09:30:47,100,IC1704,CCFX,6398.8,6392.6,6400.0,236,301973600,13803,13950,7083.4,5795.8,6439.6,6422.2,0.0,6400,0.0,0,0,2017-04-19,34247100,6398.8,1,0,0,0,0,0,0,0,0,6402.2,1,0,0,0,0,0,0,0,0
98,2017-04-19,09:30:47,600,IC1704,CCFX,6398.8,6392.6,6400.0,236,301973600,13803,13950,7083.4,5795.8,6439.6,6422.2,0.0,6400,0.0,0,0,2017-04-19,34247600,6399.2,1,0,0,0,0,0,0,0,0,6402.0,2,0,0,0,0,0,0,0,0
99,2017-04-19,09:30:48,100,IC1704,CCFX,6401.8,6392.6,6401.8,237,303253960,13803,13950,7083.4,5795.8,6439.6,6422.2,0.0,6400,0.0,0,0,2017-04-19,34248100,6399.4,1,0,0,0,0,0,0,0,0,6402.0,2,0,0,0,0,0,0,0,0
100,2017-04-19,09:30:48,600,IC1704,CCFX,6402.0,6392.6,6402.0,239,305814760,13802,13950,7083.4,5795.8,6439.6,6422.2,0.0,6400,0.0,0,0,2017-04-19,34248600,6399.6,1,0,0,0,0,0,0,0,0,6402.2,1,0,0,0,0,0,0,0,0
101,2017-04-19,09:30:49,100,IC1704,CCFX,6399.6,6392.6,6402.0,242,309654560,13802,13950,7083.4,5795.8,6439.6,6422.2,0.0,6400,0.0,0,0,2017-04-19,34249100,6399.4,1,0,0,0,0,0,0,0,0,6399.6,10,0,0,0,0,0,0,0,0
102,2017-04-19,09:30:49,600,IC1704,CCFX,6399.4,6392.6,6402.0,243,310934440,13801,13950,7083.4,5795.8,6439.6,6422.2,0.0,6400,0.0,0,0,2017-04-19,34249600,6398.8,1,0,0,0,0,0,0,0,0,6399.4,1,0,0,0,0,0,0,0,0
103,2017-04-19,09:30:50,100,IC1704,CCFX,6399.4,6392.6,6402.0,244,312214320,13800,13950,7083.4,5795.8,6439.6,6422.2,0.0,6400,0.0,0,0,2017-04-19,34250100,6399.4,2,0,0,0,0,0,0,0,0,6399.6,10,0,0,0,0,0,0,0,0
104,2017-04-19,09:30:50,600,IC1704,CCFX,6399.4,6392.6,6402.0,244,312214320,13800,13950,7083.4,5795.8,6439.6,6422.2,0.0,6400,0.0,0,0,2017-04-19,34250600,6399.4,2,0,0,0,0,0,0,0,0,6399.6,15,0,0,0,0,0,0,0,0
105,2017-04-19,09:30:51,100,IC1704,CCFX,6399.6,6392.6,6402.0,247,316054040,13799,13950,7083.4,5795.8,6439.6,6422.2,0.0,6400,0.0,0,0,2017-04-19,34251100,6399.4,1,0,0,0,0,0,0,0,0,6399.6,13,0,0,0,0,0,0,0,0
106,2017-04-19,09:30:51,600,IC1704,CCFX,6399.6,6392.6,6402.0,248,317333960,13799,13950,7083.4,5795.8,6439.6,6422.2,0.0,6400,0.0,0,0,2017-04-19,34251600,6399.4,1,0,0,0,0,0,0,0,0,6399.6,12,0,0,0,0,0,0,0,0
107,2017-04-19,09:30:52,100,IC1704,CCFX,6398.8,6392.6,6402.0,251,321173520,13798,13950,7083.4,5795.8,6439.6,6422.2,0.0,6400,0.0,0,0,2017-04-19,34252100,6396.8,4,0,0,0,0,0,0,0,0,6399.4,4,0,0,0,0,0,0,0,0
108,2017-04-19,09:30:52,600,IC1704,CCFX,6398.8,6392.6,6402.0,251,321173520,13798,13950,7083.4,5795.8,6439.6,6422.2,0.0,6400,0.0,0,0,2017-04-19,34252600,6396.8,4,0,0,0,0,0,0,0,0,6399.2,1,0,0,0,0,0,0,0,0
109,2017-04-19,09:30:53,100,IC1704,CCFX,6399.2,6392.6,6402.0,252,322453360,13797,13950,7083.4,5795.8,6439.6,6422.2,0.0,6400,0.0,0,0,2017-04-19,34253100,6397.0,2,0,0,0,0,0,0,0,0,6399.4,4,0,0,0,0,0,0,0,0
110,2017-04-19,09:30:53,600,IC1704,CCFX,6399.2,6392.6,6402.0,252,322453360,13797,13950,7083.4,5795.8,6439.6,6422.2,0.0,6400,0.0,0,0,2017-04-19,34253600,6397.2,1,0,0,0,0,0,0,0,0,6399.4,4,0,0,0,0,0,0,0,0
111,2017-04-19,09:30:54,100,IC1704,CCFX,6397.4,6392.6,6402.0,253,323732840,13797,13950,7083.4,5795.8,6439.6,6422.2,0.0,6400,0.0,0,0,2017-04-19,34254100,6397.6,1,0,0,0,0,0,0,0,0,6399.4,4,0,0,0,0,0,0,0,0
112,2017-04-19,09:30:54,600,IC1704,CCFX,6399.4,6392.6,6402.0,254,325012720,13796,13950,7083.4,5795.8,6439.6,6422.2,0.0,6400,0.0,0,0,2017-04-19,34254600,6397.8,1,0,0,0,0,0,0,0,0,6399.4,3,0,0,0,0,0,0,0,0
113,2017-04-19,09:30:55,600,IC1704,CCFX,6399.4,6392.6,6402.0,255,326292600,13795,13950,7083.4,5795.8,6439.6,6422.2,0.0,6400,0.0,0,0,2017-04-19,34255600,6398.0,1,0,0,0,0,0,0,0,0,6399.4,2,0,0,0,0,0,0,0,0
114,2017-04-19,09:30:56,100,IC1704,CCFX,6399.4,6392.6,6402.0,255,326292600,13795,13950,7083.4,5795.8,6439.6,6422.2,0.0,6400,0.0,0,0,2017-04-19,34256100,6398.2,2,0,0,0,0,0,0,0,0,6399.0,1,0,0,0,0,0,0,0,0
115,2017-04-19,09:30:56,600,IC1704,CCFX,6399.4,6392.6,6402.0,257,328852360,13793,13950,7083.4,5795.8,6439.6,6422.2,0.0,6400,0.0,0,0,2017-04-19,34256600,6398.2,2,0,0,0,0,0,0,0,0,6399.4,1,0,0,0,0,0,0,0,0
116,2017-04-19,09:30:57,100,IC1704,CCFX,6399.4,6392.6,6402.0,260,332691520,13791,13950,7083.4,5795.8,6439.6,6422.2,0.0,6400,0.0,0,0,2017-04-19,34257100,6398.0,1,0,0,0,0,0,0,0,0,6399.6,11,0,0,0,0,0,0,0,0
117,2017-04-19,09:30:57,600,IC1704,CCFX,6399.4,6392.6,6402.0,260,332691520,13791,13950,7083.4,5795.8,6439.6,6422.2,0.0,6400,0.0,0,0,2017-04-19,34257600,6398.0,1,0,0,0,0,0,0,0,0,6399.6,11,0,0,0,0,0,0,0,0
118,2017-04-19,09:30:58,600,IC1704,CCFX,6399.4,6392.6,6402.0,260,332691520,13791,13950,7083.4,5795.8,6439.6,6422.2,0.0,6400,0.0,0,0,2017-04-19,34258600,6398.0,2,0,0,0,0,0,0,0,0,6399.6,11,0,0,0,0,0,0,0,0
119,2017-04-19,09:30:59,100,IC1704,CCFX,6398.0,6392.6,6402.0,261,333971120,13791,13950,7083.4,5795.8,6439.6,6422.2,0.0,6400,0.0,0,0,2017-04-19,34259100,6398.0,1,0,0,0,0,0,0,0,0,6399.6,11,0,0,0,0,0,0,0,0
120,2017-04-19,09:30:59,600,IC1704,CCFX,6398.0,6392.6,6402.0,263,336530320,13793,13950,7083.4,5795.8,6439.6,6422.2,0.0,6400,0.0,0,0,2017-04-19,34259600,6397.6,1,0,0,0,0,0,0,0,0,6399.4,2,0,0,0,0,0,0,0,0
121,2017-04-19,09:31:00,100,IC1704,CCFX,6394.4,6392.6,6402.0,270,345485440,13786,13950,7083.4,5795.8,6439.6,6422.2,0.0,6400,0.0,0,0,2017-04-19,34260100,6394.4,1,0,0,0,0,0,0,0,0,6399.2,1,0,0,0,0,0,0,0,0
122,2017-04-19,09:31:00,600,IC1704,CCFX,6399.0,6392.6,6402.0,274,350604560,13783,13950,7083.4,5795.8,6439.6,6422.2,0.0,6400,0.0,0,0,2017-04-19,34260600,6395.0,1,0,0,0,0,0,0,0,0,6399.0,1,0,0,0,0,0,0,0,0
123,2017-04-19,09:31:01,100,IC1704,CCFX,6399.0,6392.6,6402.0,275,351884360,13782,13950,7083.4,5795.8,6439.6,6422.2,0.0,6400,0.0,0,0,2017-04-19,34261100,6395.4,1,0,0,0,0,0,0,0,0,6399.0,1,0,0,0,0,0,0,0,0
124,2017-04-19,09:31:01,600,IC1704,CCFX,6399.0,6392.6,6402.0,275,351884360,13782,13950,7083.4,5795.8,6439.6,6422.2,0.0,6400,0.0,0,0,2017-04-19,34261600,6396.2,2,0,0,0,0,0,0,0,0,6399.0,1,0,0,0,0,0,0,0,0
125,2017-04-19,09:31:02,100,IC1704,CCFX,6399.0,6392.6,6402.0,275,351884360,13782,13950,7083.4,5795.8,6439.6,6422.2,0.0,6400,0.0,0,0,2017-04-19,34262100,6396.6,1,0,0,0,0,0,0,0,0,6398.6,1,0,0,0,0,0,0,0,0
126,2017-04-19,09:31:02,600,IC1704,CCFX,6399.0,6392.6,6402.0,275,351884360,13782,13950,7083.4,5795.8,6439.6,6422.2,0.0,6400,0.0,0,0,2017-04-19,34262600,6396.8,3,0,0,0,0,0,0,0,0,6398.6,1,0,0,0,0,0,0,0,0
127,2017-04-19,09:31:03,100,IC1704,CCFX,6397.0,6392.6,6402.0,277,354443200,13783,13950,7083.4,5795.8,6439.6,6422.2,0.0,6400,0.0,0,0,2017-04-19,34263100,6396.8,3,0,0,0,0,0,0,0,0,6398.6,1,0,0,0,0,0,0,0,0
128,2017-04-19,09:31:03,600,IC1704,CCFX,6398.4,6392.6,6402.0,278,355722880,13782,13950,7083.4,5795.8,6439.6,6422.2,0.0,6400,0.0,0,0,2017-04-19,34263600,6397.0,1,0,0,0,0,0,0,0,0,6398.6,1,0,0,0,0,0,0,0,0
129,2017-04-19,09:31:04,100,IC1704,CCFX,6398.4,6392.6,6402.0,278,355722880,13782,13950,7083.4,5795.8,6439.6,6422.2,0.0,6400,0.0,0,0,2017-04-19,34264100,6397.2,2,0,0,0,0,0,0,0,0,6399.4,4,0,0,0,0,0,0,0,0
130,2017-04-19,09:31:05,100,IC1704,CCFX,6399.0,6392.6,6402.0,280,358282560,13781,13950,7083.4,5795.8,6439.6,6422.2,0.0,6400,0.0,0,0,2017-04-19,34265100,6397.2,2,0,0,0,0,0,0,0,0,6398.2,1,0,0,0,0,0,0,0,0
131,2017-04-19,09:31:05,600,IC1704,CCFX,6399.0,6392.6,6402.0,280,358282560,13781,13950,7083.4,5795.8,6439.6,6422.2,0.0,6400,0.0,0,0,2017-04-19,34265600,6397.6,1,0,0,0,0,0,0,0,0,6398.2,1,0,0,0,0,0,0,0,0
132,2017-04-19,09:31:06,100,IC1704,CCFX,6399.0,6392.6,6402.0,280,358282560,13781,13950,7083.4,5795.8,6439.6,6422.2,0.0,6400,0.0,0,0,2017-04-19,34266100,6397.8,1,0,0,0,0,0,0,0,0,6398.2,1,0,0,0,0,0,0,0,0
133,2017-04-19,09:31:06,600,IC1704,CCFX,6398.4,6392.6,6402.0,281,359562240,13782,13950,7083.4,5795.8,6439.6,6422.2,0.0,6400,0.0,0,0,2017-04-19,34266600,6397.8,1,0,0,0,0,0,0,0,0,6399.4,3,0,0,0,0,0,0,0,0
134,2017-04-19,09:31:07,100,IC1704,CCFX,6398.4,6392.6,6402.0,281,359562240,13782,13950,7083.4,5795.8,6439.6,6422.2,0.0,6400,0.0,0,0,2017-04-19,34267100,6398.2,1,0,0,0,0,0,0,0,0,6398.4,1,0,0,0,0,0,0,0,0
135,2017-04-19,09:31:07,600,IC1704,CCFX,6397.8,6392.6,6402.0,284,363401120,13779,13950,7083.4,5795.8,6439.6,6422.2,0.0,6400,0.0,0,0,2017-04-19,34267600,6396.2,2,0,0,0,0,0,0,0,0,6397.6,3,0,0,0,0,0,0,0,0
136,2017-04-19,09:31:08,100,IC1704,CCFX,6397.6,6392.6,6402.0,287,367239680,13776,13950,7083.4,5795.8,6439.6,6422.2,0.0,6400,0.0,0,0,2017-04-19,34268100,6396.4,2,0,0,0,0,0,0,0,0,6397.4,1,0,0,0,0,0,0,0,0
137,2017-04-19,09:31:08,600,IC1704,CCFX,6397.4,6392.6,6402.0,288,368519160,13775,13950,7083.4,5795.8,6439.6,6422.2,0.0,6400,0.0,0,0,2017-04-19,34268600,6396.4,2,0,0,0,0,0,0,0,0,6399.4,3,0,0,0,0,0,0,0,0
138,2017-04-19,09:31:09,100,IC1704,CCFX,6397.4,6392.6,6402.0,288,368519160,13775,13950,7083.4,5795.8,6439.6,6422.2,0.0,6400,0.0,0,0,2017-04-19,34269100,6396.8,1,0,0,0,0,0,0,0,0,6399.4,3,0,0,0,0,0,0,0,0
139,2017-04-19,09:31:09,600,IC1704,CCFX,6398.2,6392.6,6402.0,289,369798800,13774,13950,7083.4,5795.8,6439.6,6422.2,0.0,6400,0.0,0,0,2017-04-19,34269600,6397.8,1,0,0,0,0,0,0,0,0,6399.2,1,0,0,0,0,0,0,0,0
140,2017-04-19,09:31:10,100,IC1704,CCFX,6398.0,6392.6,6402.0,291,372358000,13772,13950,7083.4,5795.8,6439.6,6422.2,0.0,6400,0.0,0,0,2017-04-19,34270100,6397.8,1,0,0,0,0,0,0,0,0,6398.0,1,0,0,0,0,0,0,0,0
141,2017-04-19,09:31:10,600,IC1704,CCFX,6397.8,6392.6,6402.0,292,373637560,13771,13950,7083.4,5795.8,6439.6,6422.2,0.0,6400,0.0,0,0,2017-04-19,34270600,6396.2,2,0,0,0,0,0,0,0,0,6398.0,1,0,0,0,0,0,0,0,0
142,2017-04-19,09:31:11,600,IC1704,CCFX,6398.0,6392.6,6402.0,293,374917160,13770,13950,7083.4,5795.8,6439.6,6422.2,0.0,6400,0.0,0,0,2017-04-19,34271600,6396.4,1,0,0,0,0,0,0,0,0,6399.0,1,0,0,0,0,0,0,0,0
143,2017-04-19,09:31:12,600,IC1704,CCFX,6398.0,6392.6,6402.0,293,374917160,13770,13950,7083.4,5795.8,6439.6,6422.2,0.0,6400,0.0,0,0,2017-04-19,34272600,6396.4,1,0,0,0,0,0,0,0,0,6398.2,2,0,0,0,0,0,0,0,0
144,2017-04-19,09:31:13,100,IC1704,CCFX,6398.0,6392.6,6402.0,293,374917160,13770,13950,7083.4,5795.8,6439.6,6422.2,0.0,6400,0.0,0,0,2017-04-19,34273100,6396.4,1,0,0,0,0,0,0,0,0,6398.2,2,0,0,0,0,0,0,0,0
145,2017-04-19,09:31:13,600,IC1704,CCFX,6398.2,6392.6,6402.0,294,376196800,13770,13950,7083.4,5795.8,6439.6,6422.2,0.0,6400,0.0,0,0,2017-04-19,34273600,6398.0,1,0,0,0,0,0,0,0,0,6398.2,1,0,0,0,0,0,0,0,0
146,2017-04-19,09:31:14,100,IC1704,CCFX,6398.0,6392.6,6402.0,295,377476400,13769,13950,7083.4,5795.8,6439.6,6422.2,0.0,6400,0.0,0,0,2017-04-19,34274100,6396.4,1,0,0,0,0,0,0,0,0,6398.0,2,0,0,0,0,0,0,0,0
147,2017-04-19,09:31:14,600,IC1704,CCFX,6398.0,6392.6,6402.0,295,377476400,13769,13950,7083.4,5795.8,6439.6,6422.2,0.0,6400,0.0,0,0,2017-04-19,34274600,6396.4,2,0,0,0,0,0,0,0,0,6398.0,2,0,0,0,0,0,0,0,0
148,2017-04-19,09:31:15,100,IC1704,CCFX,6398.0,6392.6,6402.0,295,377476400,13769,13950,7083.4,5795.8,6439.6,6422.2,0.0,6400,0.0,0,0,2017-04-19,34275100,6396.4,2,0,0,0,0,0,0,0,0,6398.0,2,0,0,0,0,0,0,0,0
149,2017-04-19,09:31:15,600,IC1704,CCFX,6398.0,6392.6,6402.0,295,377476400,13769,13950,7083.4,5795.8,6439.6,6422.2,0.0,6400,0.0,0,0,2017-04-19,34275600,6396.4,2,0,0,0,0,0,0,0,0,6398.0,2,0,0,0,0,0,0,0,0
150,2017-04-19,09:31:16,100,IC1704,CCFX,6398.0,6392.6,6402.0,297,380035600,13768,13950,7083.4,5795.8,6439.6,6422.2,0.0,6400,0.0,0,0,2017-04-19,34276100,6396.4,2,0,0,0,0,0,0,0,0,6398.2,1,0,0,0,0,0,0,0,0
151,2017-04-19,09:31:16,600,IC1704,CCFX,6398.2,6392.6,6402.0,298,381315240,13768,13950,7083.4,5795.8,6439.6,6422.2,0.0,6400,0.0,0,0,2017-04-19,34276600,6396.4,2,0,0,0,0,0,0,0,0,6398.8,1,0,0,0,0,0,0,0,0
152,2017-04-19,09:31:17,600,IC1704,CCFX,6398.6,6392.6,6402.0,299,382594960,13767,13950,7083.4,5795.8,6439.6,6422.2,0.0,6400,0.0,0,0,2017-04-19,34277600,6398.2,2,0,0,0,0,0,0,0,0,6398.8,1,0,0,0,0,0,0,0,0
153,2017-04-19,09:31:18,100,IC1704,CCFX,6398.2,6392.6,6402.0,301,385154240,13767,13950,7083.4,5795.8,6439.6,6422.2,0.0,6400,0.0,0,0,2017-04-19,34278100,6396.8,1,0,0,0,0,0,0,0,0,6398.8,1,0,0,0,0,0,0,0,0
154,2017-04-19,09:31:18,600,IC1704,CCFX,6398.2,6392.6,6402.0,301,385154240,13767,13950,7083.4,5795.8,6439.6,6422.2,0.0,6400,0.0,0,0,2017-04-19,34278600,6398.0,15,0,0,0,0,0,0,0,0,6398.8,1,0,0,0,0,0,0,0,0
155,2017-04-19,09:31:19,100,IC1704,CCFX,6398.8,6392.6,6402.0,302,386434000,13766,13950,7083.4,5795.8,6439.6,6422.2,0.0,6400,0.0,0,0,2017-04-19,34279100,6398.0,15,0,0,0,0,0,0,0,0,6399.0,1,0,0,0,0,0,0,0,0
156,2017-04-19,09:31:19,600,IC1704,CCFX,6399.0,6392.6,6402.0,303,387713800,13765,13950,7083.4,5795.8,6439.6,6422.2,0.0,6400,0.0,0,0,2017-04-19,34279600,6398.2,2,0,0,0,0,0,0,0,0,6399.4,3,0,0,0,0,0,0,0,0
157,2017-04-19,09:31:20,100,IC1704,CCFX,6399.4,6392.6,6402.0,304,388993680,13764,13950,7083.4,5795.8,6439.6,6422.2,0.0,6400,0.0,0,0,2017-04-19,34280100,6398.4,1,0,0,0,0,0,0,0,0,6399.4,2,0,0,0,0,0,0,0,0
158,2017-04-19,09:31:20,600,IC1704,CCFX,6399.4,6392.6,6402.0,306,391553440,13763,13950,7083.4,5795.8,6439.6,6422.2,0.0,6400,0.0,0,0,2017-04-19,34280600,6399.4,1,0,0,0,0,0,0,0,0,6399.8,1,0,0,0,0,0,0,0,0
159,2017-04-19,09:31:21,100,IC1704,CCFX,6399.8,6392.6,6402.0,307,392833400,13762,13950,7083.4,5795.8,6439.6,6422.2,0.0,6400,0.0,0,0,2017-04-19,34281100,6401.8,2,0,0,0,0,0,0,0,0,6402.2,1,0,0,0,0,0,0,0,0
160,2017-04-19,09:31:21,600,IC1704,CCFX,6402.2,6392.6,6402.2,311,397954960,13759,13950,7083.4,5795.8,6439.6,6422.2,0.0,6400,0.0,0,0,2017-04-19,34281600,6402.0,1,0,0,0,0,0,0,0,0,6402.2,5,0,0,0,0,0,0,0,0
161,2017-04-19,09:31:22,100,IC1704,CCFX,6402.0,6392.6,6402.2,316,404356960,13754,13950,7083.4,5795.8,6439.6,6422.2,0.0,6400,0.0,0,0,2017-04-19,34282100,6402.0,1,0,0,0,0,0,0,0,0,6402.2,5,0,0,0,0,0,0,0,0
162,2017-04-19,09:31:22,600,IC1704,CCFX,6402.2,6392.6,6402.2,318,406917800,13753,13950,7083.4,5795.8,6439.6,6422.2,0.0,6400,0.0,0,0,2017-04-19,34282600,6400.0,1,0,0,0,0,0,0,0,0,6402.2,4,0,0,0,0,0,0,0,0
163,2017-04-19,09:31:23,100,IC1704,CCFX,6402.2,6392.6,6402.2,319,408198240,13753,13950,7083.4,5795.8,6439.6,6422.2,0.0,6400,0.0,0,0,2017-04-19,34283100,6402.0,1,0,0,0,0,0,0,0,0,6402.2,3,0,0,0,0,0,0,0,0
164,2017-04-19,09:31:23,600,IC1704,CCFX,6402.0,6392.6,6402.2,320,409478640,13753,13950,7083.4,5795.8,6439.6,6422.2,0.0,6400,0.0,0,0,2017-04-19,34283600,6400.0,2,0,0,0,0,0,0,0,0,6402.2,3,0,0,0,0,0,0,0,0
165,2017-04-19,09:31:24,100,IC1704,CCFX,6402.0,6392.6,6402.2,320,409478640,13753,13950,7083.4,5795.8,6439.6,6422.2,0.0,6400,0.0,0,0,2017-04-19,34284100,6400.0,2,0,0,0,0,0,0,0,0,6402.2,3,0,0,0,0,0,0,0,0
166,2017-04-19,09:31:24,600,IC1704,CCFX,6402.2,6392.6,6402.2,322,412039520,13753,13950,7083.4,5795.8,6439.6,6422.2,0.0,6400,0.0,0,0,2017-04-19,34284600,6400.0,2,0,0,0,0,0,0,0,0,6402.2,1,0,0,0,0,0,0,0,0
167,2017-04-19,09:31:25,100,IC1704,CCFX,6400.0,6392.6,6402.2,324,414599560,13753,13950,7083.4,5795.8,6439.6,6422.2,0.0,6400,0.0,0,0,2017-04-19,34285100,6399.8,2,0,0,0,0,0,0,0,0,6402.2,1,0,0,0,0,0,0,0,0
168,2017-04-19,09:31:25,600,IC1704,CCFX,6400.0,6392.6,6402.2,324,414599560,13753,13950,7083.4,5795.8,6439.6,6422.2,0.0,6400,0.0,0,0,2017-04-19,34285600,6399.8,2,0,0,0,0,0,0,0,0,6402.0,1,0,0,0,0,0,0,0,0
169,2017-04-19,09:31:26,100,IC1704,CCFX,6400.0,6392.6,6402.2,326,417160000,13753,13950,7083.4,5795.8,6439.6,6422.2,0.0,6400,0.0,0,0,2017-04-19,34286100,6399.8,2,0,0,0,0,0,0,0,0,6403.6,1,0,0,0,0,0,0,0,0
170,2017-04-19,09:31:26,600,IC1704,CCFX,6403.2,6392.6,6403.2,327,418440640,13752,13950,7083.4,5795.8,6439.6,6422.2,0.0,6400,0.0,0,0,2017-04-19,34286600,6400.0,2,0,0,0,0,0,0,0,0,6403.4,8,0,0,0,0,0,0,0,0
171,2017-04-19,09:31:27,100,IC1704,CCFX,6403.2,6392.6,6403.2,327,418440640,13752,13950,7083.4,5795.8,6439.6,6422.2,0.0,6400,0.0,0,0,2017-04-19,34287100,6400.2,3,0,0,0,0,0,0,0,0,6403.2,1,0,0,0,0,0,0,0,0
172,2017-04-19,09:31:27,600,IC1704,CCFX,6400.2,6392.6,6403.2,329,421000760,13752,13950,7083.4,5795.8,6439.6,6422.2,0.0,6400,0.0,0,0,2017-04-19,34287600,6400.4,1,0,0,0,0,0,0,0,0,6402.8,1,0,0,0,0,0,0,0,0
173,2017-04-19,09:31:28,100,IC1704,CCFX,6400.2,6392.6,6403.2,329,421000760,13752,13950,7083.4,5795.8,6439.6,6422.2,0.0,6400,0.0,0,0,2017-04-19,34288100,6400.4,1,0,0,0,0,0,0,0,0,6402.6,2,0,0,0,0,0,0,0,0
174,2017-04-19,09:31:28,600,IC1704,CCFX,6400.2,6392.6,6403.2,329,421000760,13752,13950,7083.4,5795.8,6439.6,6422.2,0.0,6400,0.0,0,0,2017-04-19,34288600,6400.2,2,0,0,0,0,0,0,0,0,6402.6,2,0,0,0,0,0,0,0,0
175,2017-04-19,09:31:29,100,IC1704,CCFX,6400.2,6392.6,6403.2,329,421000760,13752,13950,7083.4,5795.8,6439.6,6422.2,0.0,6400,0.0,0,0,2017-04-19,34289100,6400.2,1,0,0,0,0,0,0,0,0,6402.4,2,0,0,0,0,0,0,0,0
176,2017-04-19,09:31:29,600,IC1704,CCFX,6400.2,6392.6,6403.2,330,422280800,13752,13950,7083.4,5795.8,6439.6,6422.2,0.0,6400,0.0,0,0,2017-04-19,34289600,6400.2,1,0,0,0,0,0,0,0,0,6402.2,1,0,0,0,0,0,0,0,0
177,2017-04-19,09:31:30,100,IC1704,CCFX,6400.2,6392.6,6403.2,330,422280800,13752,13950,7083.4,5795.8,6439.6,6422.2,0.0,6400,0.0,0,0,2017-04-19,34290100,6400.2,1,0,0,0,0,0,0,0,0,6402.0,2,0,0,0,0,0,0,0,0
178,2017-04-19,09:31:30,600,IC1704,CCFX,6401.8,6392.6,6403.2,332,424841520,13750,13950,7083.4,5795.8,6439.6,6422.2,0.0,6400,0.0,0,0,2017-04-19,34290600,6400.2,1,0,0,0,0,0,0,0,0,6402.0,2,0,0,0,0,0,0,0,0
179,2017-04-19,09:31:31,100,IC1704,CCFX,6401.8,6392.6,6403.2,332,424841520,13750,13950,7083.4,5795.8,6439.6,6422.2,0.0,6400,0.0,0,0,2017-04-19,34291100,6400.4,2,0,0,0,0,0,0,0,0,6400.8,1,0,0,0,0,0,0,0,0
180,2017-04-19,09:31:31,600,IC1704,CCFX,6400.4,6392.6,6403.2,333,426121600,13750,13950,7083.4,5795.8,6439.6,6422.2,0.0,6400,0.0,0,0,2017-04-19,34291600,6400.4,1,0,0,0,0,0,0,0,0,6400.8,1,0,0,0,0,0,0,0,0
181,2017-04-19,09:31:32,100,IC1704,CCFX,6400.8,6392.6,6403.2,334,427401760,13749,13950,7083.4,5795.8,6439.6,6422.2,0.0,6400,0.0,0,0,2017-04-19,34292100,6400.4,1,0,0,0,0,0,0,0,0,6402.0,1,0,0,0,0,0,0,0,0
182,2017-04-19,09:31:32,600,IC1704,CCFX,6400.8,6392.6,6403.2,334,427401760,13749,13950,7083.4,5795.8,6439.6,6422.2,0.0,6400,0.0,0,0,2017-04-19,34292600,6400.4,1,0,0,0,0,0,0,0,0,6401.8,1,0,0,0,0,0,0,0,0
183,2017-04-19,09:31:33,100,IC1704,CCFX,6401.8,6392.6,6403.2,335,428682120,13748,13950,7083.4,5795.8,6439.6,6422.2,0.0,6400,0.0,0,0,2017-04-19,34293100,6401.8,1,0,0,0,0,0,0,0,0,6402.0,1,0,0,0,0,0,0,0,0
184,2017-04-19,09:31:33,600,IC1704,CCFX,6401.8,6392.6,6403.2,336,429962480,13748,13950,7083.4,5795.8,6439.6,6422.2,0.0,6400,0.0,0,0,2017-04-19,34293600,6400.4,1,0,0,0,0,0,0,0,0,6402.0,1,0,0,0,0,0,0,0,0
185,2017-04-19,09:31:34,100,IC1704,CCFX,6401.8,6392.6,6403.2,336,429962480,13748,13950,7083.4,5795.8,6439.6,6422.2,0.0,6400,0.0,0,0,2017-04-19,34294100,6400.4,1,0,0,0,0,0,0,0,0,6403.4,1,0,0,0,0,0,0,0,0
186,2017-04-19,09:31:34,600,IC1704,CCFX,6403.0,6392.6,6403.2,337,431243080,13747,13950,7083.4,5795.8,6439.6,6422.2,0.0,6400,0.0,0,0,2017-04-19,34294600,6400.8,1,0,0,0,0,0,0,0,0,6403.2,2,0,0,0,0,0,0,0,0
187,2017-04-19,09:31:35,100,IC1704,CCFX,6403.2,6392.6,6403.2,338,432523720,13746,13950,7083.4,5795.8,6439.6,6422.2,0.0,6400,0.0,0,0,2017-04-19,34295100,6401.0,1,0,0,0,0,0,0,0,0,6403.2,1,0,0,0,0,0,0,0,0
188,2017-04-19,09:31:35,600,IC1704,CCFX,6401.0,6392.6,6403.2,340,435084320,13746,13950,7083.4,5795.8,6439.6,6422.2,0.0,6400,0.0,0,0,2017-04-19,34295600,6400.8,1,0,0,0,0,0,0,0,0,6403.2,1,0,0,0,0,0,0,0,0
189,2017-04-19,09:31:36,100,IC1704,CCFX,6400.8,6392.6,6403.2,341,436364480,13745,13950,7083.4,5795.8,6439.6,6422.2,0.0,6400,0.0,0,0,2017-04-19,34296100,6400.4,1,0,0,0,0,0,0,0,0,6403.2,1,0,0,0,0,0,0,0,0
190,2017-04-19,09:31:36,600,IC1704,CCFX,6400.8,6392.6,6403.2,341,436364480,13745,13950,7083.4,5795.8,6439.6,6422.2,0.0,6400,0.0,0,0,2017-04-19,34296600,6400.4,1,0,0,0,0,0,0,0,0,6402.8,1,0,0,0,0,0,0,0,0
191,2017-04-19,09:31:37,100,IC1704,CCFX,6400.4,6392.6,6403.2,343,438924680,13743,13950,7083.4,5795.8,6439.6,6422.2,0.0,6400,0.0,0,0,2017-04-19,34297100,6400.2,3,0,0,0,0,0,0,0,0,6400.4,8,0,0,0,0,0,0,0,0
192,2017-04-19,09:31:37,600,IC1704,CCFX,6400.4,6392.6,6403.2,348,445324960,13738,13950,7083.4,5795.8,6439.6,6422.2,0.0,6400,0.0,0,0,2017-04-19,34297600,6398.0,17,0,0,0,0,0,0,0,0,6400.0,1,0,0,0,0,0,0,0,0
193,2017-04-19,09:31:38,100,IC1704,CCFX,6400.4,6392.6,6403.2,351,449165200,13735,13950,7083.4,5795.8,6439.6,6422.2,0.0,6400,0.0,0,0,2017-04-19,34298100,6398.2,2,0,0,0,0,0,0,0,0,6400.4,4,0,0,0,0,0,0,0,0
194,2017-04-19,09:31:38,600,IC1704,CCFX,6400.4,6392.6,6403.2,351,449165200,13735,13950,7083.4,5795.8,6439.6,6422.2,0.0,6400,0.0,0,0,2017-04-19,34298600,6398.6,1,0,0,0,0,0,0,0,0,6400.4,4,0,0,0,0,0,0,0,0
195,2017-04-19,09:31:39,100,IC1704,CCFX,6400.4,6392.6,6403.2,353,451725360,13733,13950,7083.4,5795.8,6439.6,6422.2,0.0,6400,0.0,0,0,2017-04-19,34299100,6398.6,1,0,0,0,0,0,0,0,0,6400.4,2,0,0,0,0,0,0,0,0
196,2017-04-19,09:31:39,600,IC1704,CCFX,6400.4,6392.6,6403.2,354,453005440,13732,13950,7083.4,5795.8,6439.6,6422.2,0.0,6400,0.0,0,0,2017-04-19,34299600,6398.6,1,0,0,0,0,0,0,0,0,6400.4,1,0,0,0,0,0,0,0,0
197,2017-04-19,09:31:40,100,IC1704,CCFX,6400.4,6392.6,6403.2,355,454285520,13731,13950,7083.4,5795.8,6439.6,6422.2,0.0,6400,0.0,0,0,2017-04-19,34300100,6398.6,1,0,0,0,0,0,0,0,0,6402.6,1,0,0,0,0,0,0,0,0
198,2017-04-19,09:31:40,600,IC1704,CCFX,6400.4,6392.6,6403.2,355,454285520,13731,13950,7083.4,5795.8,6439.6,6422.2,0.0,6400,0.0,0,0,2017-04-19,34300600,6401.2,1,0,0,0,0,0,0,0,0,6402.4,8,0,0,0,0,0,0,0,0
199,2017-04-19,09:31:41,100,IC1704,CCFX,6398.6,6392.6,6403.2,361,461964440,13725,13950,7083.4,5795.8,6439.6,6422.2,0.0,6400,0.0,0,0,2017-04-19,34301100,6398.0,17,0,0,0,0,0,0,0,0,6401.2,7,0,0,0,0,0,0,0,0
200,2017-04-19,09:31:41,600,IC1704,CCFX,6398.6,6392.6,6403.2,361,461964440,13725,13950,7083.4,5795.8,6439.6,6422.2,0.0,6400,0.0,0,0,2017-04-19,34301600,6398.0,17,0,0,0,0,0,0,0,0,6400.0,1,0,0,0,0,0,0,0,0
201,2017-04-19,09:31:42,100,IC1704,CCFX,6399.8,6392.6,6403.2,362,463244400,13724,13950,7083.4,5795.8,6439.6,6422.2,0.0,6400,0.0,0,0,2017-04-19,34302100,6398.0,18,0,0,0,0,0,0,0,0,6400.0,1,0,0,0,0,0,0,0,0
202,2017-04-19,09:31:42,600,IC1704,CCFX,6399.8,6392.6,6403.2,362,463244400,13724,13950,7083.4,5795.8,6439.6,6422.2,0.0,6400,0.0,0,0,2017-04-19,34302600,6398.2,2,0,0,0,0,0,0,0,0,6400.0,1,0,0,0,0,0,0,0,0
203,2017-04-19,09:31:43,100,IC1704,CCFX,6400.0,6392.6,6403.2,363,464524400,13724,13950,7083.4,5795.8,6439.6,6422.2,0.0,6400,0.0,0,0,2017-04-19,34303100,6400.4,10,0,0,0,0,0,0,0,0,6401.0,1,0,0,0,0,0,0,0,0
204,2017-04-19,09:31:43,600,IC1704,CCFX,6400.0,6392.6,6403.2,363,464524400,13724,13950,7083.4,5795.8,6439.6,6422.2,0.0,6400,0.0,0,0,2017-04-19,34303600,6400.4,10,0,0,0,0,0,0,0,0,6401.2,6,0,0,0,0,0,0,0,0
205,2017-04-19,09:31:44,100,IC1704,CCFX,6401.2,6392.6,6403.2,364,465804640,13723,13950,7083.4,5795.8,6439.6,6422.2,0.0,6400,0.0,0,0,2017-04-19,34304100,6400.4,10,0,0,0,0,0,0,0,0,6401.2,5,0,0,0,0,0,0,0,0
206,2017-04-19,09:31:44,600,IC1704,CCFX,6401.2,6392.6,6403.2,364,465804640,13723,13950,7083.4,5795.8,6439.6,6422.2,0.0,6400,0.0,0,0,2017-04-19,34304600,6400.4,10,0,0,0,0,0,0,0,0,6401.2,5,0,0,0,0,0,0,0,0
207,2017-04-19,09:31:45,100,IC1704,CCFX,6400.4,6392.6,6403.2,365,467084720,13722,13950,7083.4,5795.8,6439.6,6422.2,0.0,6400,0.0,0,0,2017-04-19,34305100,6400.4,10,0,0,0,0,0,0,0,0,6401.2,5,0,0,0,0,0,0,0,0
208,2017-04-19,09:31:45,600,IC1704,CCFX,6401.2,6392.6,6403.2,371,474765360,13717,13950,7083.4,5795.8,6439.6,6422.2,0.0,6400,0.0,0,0,2017-04-19,34305600,6400.4,5,0,0,0,0,0,0,0,0,6401.2,4,0,0,0,0,0,0,0,0
209,2017-04-19,09:31:46,100,IC1704,CCFX,6400.4,6392.6,6403.2,376,481165760,13713,13950,7083.4,5795.8,6439.6,6422.2,0.0,6400,0.0,0,0,2017-04-19,34306100,6398.4,1,0,0,0,0,0,0,0,0,6400.2,1,0,0,0,0,0,0,0,0
210,2017-04-19,09:31:47,100,IC1704,CCFX,6400.2,6392.6,6403.2,377,482445800,13712,13950,7083.4,5795.8,6439.6,6422.2,0.0,6400,0.0,0,0,2017-04-19,34307100,6398.4,1,0,0,0,0,0,0,0,0,6400.0,1,0,0,0,0,0,0,0,0
211,2017-04-19,09:31:47,600,IC1704,CCFX,6400.0,6392.6,6403.2,378,483725800,13711,13950,7083.4,5795.8,6439.6,6422.2,0.0,6400,0.0,0,0,2017-04-19,34307600,6398.8,1,0,0,0,0,0,0,0,0,6400.2,1,0,0,0,0,0,0,0,0
212,2017-04-19,09:31:48,100,IC1704,CCFX,6400.2,6392.6,6403.2,379,485005840,13710,13950,7083.4,5795.8,6439.6,6422.2,0.0,6400,0.0,0,0,2017-04-19,34308100,6399.0,1,0,0,0,0,0,0,0,0,6401.2,4,0,0,0,0,0,0,0,0
213,2017-04-19,09:31:48,600,IC1704,CCFX,6400.2,6392.6,6403.2,379,485005840,13710,13950,7083.4,5795.8,6439.6,6422.2,0.0,6400,0.0,0,0,2017-04-19,34308600,6399.2,1,0,0,0,0,0,0,0,0,6401.0,1,0,0,0,0,0,0,0,0
214,2017-04-19,09:31:49,100,IC1704,CCFX,6400.2,6392.6,6403.2,379,485005840,13710,13950,7083.4,5795.8,6439.6,6422.2,0.0,6400,0.0,0,0,2017-04-19,34309100,6399.4,1,0,0,0,0,0,0,0,0,6400.8,1,0,0,0,0,0,0,0,0
215,2017-04-19,09:31:49,600,IC1704,CCFX,6400.8,6392.6,6403.2,380,486286000,13709,13950,7083.4,5795.8,6439.6,6422.2,0.0,6400,0.0,0,0,2017-04-19,34309600,6400.2,4,0,0,0,0,0,0,0,0,6401.2,4,0,0,0,0,0,0,0,0
216,2017-04-19,09:31:50,100,IC1704,CCFX,6401.2,6392.6,6403.2,382,488846480,13709,13950,7083.4,5795.8,6439.6,6422.2,0.0,6400,0.0,0,0,2017-04-19,34310100,6400.4,1,0,0,0,0,0,0,0,0,6401.2,2,0,0,0,0,0,0,0,0
217,2017-04-19,09:31:50,600,IC1704,CCFX,6401.2,6392.6,6403.2,383,490126720,13709,13950,7083.4,5795.8,6439.6,6422.2,0.0,6400,0.0,0,0,2017-04-19,34310600,6400.2,4,0,0,0,0,0,0,0,0,6401.2,1,0,0,0,0,0,0,0,0
218,2017-04-19,09:31:51,100,IC1704,CCFX,6400.4,6392.6,6403.2,385,492686880,13707,13950,7083.4,5795.8,6439.6,6422.2,0.0,6400,0.0,0,0,2017-04-19,34311100,6400.2,4,0,0,0,0,0,0,0,0,6401.2,1,0,0,0,0,0,0,0,0
219,2017-04-19,09:31:52,100,IC1704,CCFX,6400.4,6392.6,6403.2,385,492686880,13707,13950,7083.4,5795.8,6439.6,6422.2,0.0,6400,0.0,0,0,2017-04-19,34312100,6400.2,4,0,0,0,0,0,0,0,0,6401.2,1,0,0,0,0,0,0,0,0
220,2017-04-19,09:31:52,600,IC1704,CCFX,6401.2,6392.6,6403.2,386,493967120,13707,13950,7083.4,5795.8,6439.6,6422.2,0.0,6400,0.0,0,0,2017-04-19,34312600,6400.2,4,0,0,0,0,0,0,0,0,6402.6,1,0,0,0,0,0,0,0,0
221,2017-04-19,09:31:53,100,IC1704,CCFX,6400.2,6392.6,6403.2,388,496527200,13705,13950,7083.4,5795.8,6439.6,6422.2,0.0,6400,0.0,0,0,2017-04-19,34313100,6398.8,1,0,0,0,0,0,0,0,0,6402.4,1,0,0,0,0,0,0,0,0
222,2017-04-19,09:31:53,600,IC1704,CCFX,6400.2,6392.6,6403.2,389,497807240,13705,13950,7083.4,5795.8,6439.6,6422.2,0.0,6400,0.0,0,0,2017-04-19,34313600,6398.8,1,0,0,0,0,0,0,0,0,6400.2,1,0,0,0,0,0,0,0,0
223,2017-04-19,09:31:54,100,IC1704,CCFX,6402.0,6392.6,6403.2,391,500367680,13704,13950,7083.4,5795.8,6439.6,6422.2,0.0,6400,0.0,0,0,2017-04-19,34314100,6401.2,1,0,0,0,0,0,0,0,0,6402.4,1,0,0,0,0,0,0,0,0
224,2017-04-19,09:31:54,600,IC1704,CCFX,6402.0,6392.6,6403.2,391,500367680,13704,13950,7083.4,5795.8,6439.6,6422.2,0.0,6400,0.0,0,0,2017-04-19,34314600,6401.2,1,0,0,0,0,0,0,0,0,6402.6,1,0,0,0,0,0,0,0,0
225,2017-04-19,09:31:55,100,IC1704,CCFX,6402.6,6392.6,6403.2,392,501648200,13703,13950,7083.4,5795.8,6439.6,6422.2,0.0,6400,0.0,0,0,2017-04-19,34315100,6402.6,7,0,0,0,0,0,0,0,0,6403.0,1,0,0,0,0,0,0,0,0
226,2017-04-19,09:31:55,600,IC1704,CCFX,6402.8,6392.6,6403.2,396,506770400,13699,13950,7083.4,5795.8,6439.6,6422.2,0.0,6400,0.0,0,0,2017-04-19,34315600,6402.6,5,0,0,0,0,0,0,0,0,6403.4,1,0,0,0,0,0,0,0,0
227,2017-04-19,09:31:56,100,IC1704,CCFX,6403.4,6392.6,6403.4,399,510612280,13698,13950,7083.4,5795.8,6439.6,6422.2,0.0,6400,0.0,0,0,2017-04-19,34316100,6402.6,22,0,0,0,0,0,0,0,0,6403.4,4,0,0,0,0,0,0,0,0
228,2017-04-19,09:31:56,600,IC1704,CCFX,6403.4,6392.6,6403.4,402,514454000,13696,13950,7083.4,5795.8,6439.6,6422.2,0.0,6400,0.0,0,0,2017-04-19,34316600,6402.6,20,0,0,0,0,0,0,0,0,6403.4,3,0,0,0,0,0,0,0,0
229,2017-04-19,09:31:57,100,IC1704,CCFX,6402.6,6392.6,6403.4,404,517015040,13696,13950,7083.4,5795.8,6439.6,6422.2,0.0,6400,0.0,0,0,2017-04-19,34317100,6402.6,18,0,0,0,0,0,0,0,0,6403.4,3,0,0,0,0,0,0,0,0
230,2017-04-19,09:31:57,600,IC1704,CCFX,6402.6,6392.6,6403.4,408,522137120,13696,13950,7083.4,5795.8,6439.6,6422.2,0.0,6400,0.0,0,0,2017-04-19,34317600,6402.6,14,0,0,0,0,0,0,0,0,6403.2,1,0,0,0,0,0,0,0,0
231,2017-04-19,09:31:58,100,IC1704,CCFX,6403.4,6392.6,6403.4,417,533662240,13696,13950,7083.4,5795.8,6439.6,6422.2,0.0,6400,0.0,0,0,2017-04-19,34318100,6402.6,8,0,0,0,0,0,0,0,0,6403.4,1,0,0,0,0,0,0,0,0
232,2017-04-19,09:31:58,600,IC1704,CCFX,6402.6,6392.6,6403.4,421,538784320,13696,13950,7083.4,5795.8,6439.6,6422.2,0.0,6400,0.0,0,0,2017-04-19,34318600,6402.6,4,0,0,0,0,0,0,0,0,6403.4,1,0,0,0,0,0,0,0,0
233,2017-04-19,09:31:59,100,IC1704,CCFX,6402.6,6392.6,6403.4,424,542626040,13696,13950,7083.4,5795.8,6439.6,6422.2,0.0,6400,0.0,0,0,2017-04-19,34319100,6402.6,2,0,0,0,0,0,0,0,0,6403.4,1,0,0,0,0,0,0,0,0
234,2017-04-19,09:31:59,600,IC1704,CCFX,6402.6,6392.6,6403.4,427,546467720,13695,13950,7083.4,5795.8,6439.6,6422.2,0.0,6400,0.0,0,0,2017-04-19,34319600,6401.2,1,0,0,0,0,0,0,0,0,6403.2,1,0,0,0,0,0,0,0,0
235,2017-04-19,09:32:00,100,IC1704,CCFX,6401.2,6392.6,6403.4,428,547747960,13694,13950,7083.4,5795.8,6439.6,6422.2,0.0,6400,0.0,0,0,2017-04-19,34320100,6399.0,5,0,0,0,0,0,0,0,0,6403.2,1,0,0,0,0,0,0,0,0
236,2017-04-19,09:32:00,600,IC1704,CCFX,6399.4,6392.6,6403.4,429,549027840,13693,13950,7083.4,5795.8,6439.6,6422.2,0.0,6400,0.0,0,0,2017-04-19,34320600,6399.2,2,0,0,0,0,0,0,0,0,6402.8,1,0,0,0,0,0,0,0,0
237,2017-04-19,09:32:01,100,IC1704,CCFX,6399.4,6392.6,6403.4,429,549027840,13693,13950,7083.4,5795.8,6439.6,6422.2,0.0,6400,0.0,0,0,2017-04-19,34321100,6399.6,1,0,0,0,0,0,0,0,0,6402.6,3,0,0,0,0,0,0,0,0
238,2017-04-19,09:32:01,600,IC1704,CCFX,6402.4,6392.6,6403.4,430,550308320,13693,13950,7083.4,5795.8,6439.6,6422.2,0.0,6400,0.0,0,0,2017-04-19,34321600,6399.8,2,0,0,0,0,0,0,0,0,6402.6,2,0,0,0,0,0,0,0,0
239,2017-04-19,09:32:02,100,IC1704,CCFX,6402.6,6392.6,6403.4,431,551588840,13692,13950,7083.4,5795.8,6439.6,6422.2,0.0,6400,0.0,0,0,2017-04-19,34322100,6402.0,1,0,0,0,0,0,0,0,0,6403.4,1,0,0,0,0,0,0,0,0
240,2017-04-19,09:32:02,600,IC1704,CCFX,6402.6,6392.6,6403.4,431,551588840,13692,13950,7083.4,5795.8,6439.6,6422.2,0.0,6400,0.0,0,0,2017-04-19,34322600,6402.2,1,0,0,0,0,0,0,0,0,6403.4,1,0,0,0,0,0,0,0,0
241,2017-04-19,09:32:03,100,IC1704,CCFX,6402.6,6392.6,6403.4,431,551588840,13692,13950,7083.4,5795.8,6439.6,6422.2,0.0,6400,0.0,0,0,2017-04-19,34323100,6401.4,5,0,0,0,0,0,0,0,0,6403.4,1,0,0,0,0,0,0,0,0
242,2017-04-19,09:32:03,600,IC1704,CCFX,6403.4,6392.6,6403.4,432,552869520,13692,13950,7083.4,5795.8,6439.6,6422.2,0.0,6400,0.0,0,0,2017-04-19,34323600,6402.2,1,0,0,0,0,0,0,0,0,6403.2,1,0,0,0,0,0,0,0,0
243,2017-04-19,09:32:04,100,IC1704,CCFX,6403.4,6392.6,6403.4,433,554150200,13691,13950,7083.4,5795.8,6439.6,6422.2,0.0,6400,0.0,0,0,2017-04-19,34324100,6402.2,1,0,0,0,0,0,0,0,0,6403.6,1,0,0,0,0,0,0,0,0
244,2017-04-19,09:32:04,600,IC1704,CCFX,6402.2,6392.6,6403.4,434,555430640,13691,13950,7083.4,5795.8,6439.6,6422.2,0.0,6400,0.0,0,0,2017-04-19,34324600,6401.4,5,0,0,0,0,0,0,0,0,6402.2,8,0,0,0,0,0,0,0,0
245,2017-04-19,09:32:05,100,IC1704,CCFX,6401.4,6392.6,6403.4,438,560552080,13687,13950,7083.4,5795.8,6439.6,6422.2,0.0,6400,0.0,0,0,2017-04-19,34325100,6401.4,3,0,0,0,0,0,0,0,0,6402.2,8,0,0,0,0,0,0,0,0
246,2017-04-19,09:32:05,600,IC1704,CCFX,6401.4,6392.6,6403.4,441,564392920,13684,13950,7083.4,5795.8,6439.6,6422.2,0.0,6400,0.0,0,0,2017-04-19,34325600,6400.0,1,0,0,0,0,0,0,0,0,6401.4,6,0,0,0,0,0,0,0,0
247,2017-04-19,09:32:06,100,IC1704,CCFX,6401.4,6392.6,6403.4,443,566953480,13682,13950,7083.4,5795.8,6439.6,6422.2,0.0,6400,0.0,0,0,2017-04-19,34326100,6400.0,1,0,0,0,0,0,0,0,0,6401.4,4,0,0,0,0,0,0,0,0
248,2017-04-19,09:32:06,600,IC1704,CCFX,6401.4,6392.6,6403.4,443,566953480,13682,13950,7083.4,5795.8,6439.6,6422.2,0.0,6400,0.0,0,0,2017-04-19,34326600,6400.2,1,0,0,0,0,0,0,0,0,6401.4,4,0,0,0,0,0,0,0,0
249,2017-04-19,09:32:07,100,IC1704,CCFX,6400.0,6392.6,6403.4,445,569513520,13680,13950,7083.4,5795.8,6439.6,6422.2,0.0,6400,0.0,0,0,2017-04-19,34327100,6399.0,5,0,0,0,0,0,0,0,0,6401.4,4,0,0,0,0,0,0,0,0
250,2017-04-19,09:32:07,600,IC1704,CCFX,6400.0,6392.6,6403.4,445,569513520,13680,13950,7083.4,5795.8,6439.6,6422.2,0.0,6400,0.0,0,0,2017-04-19,34327600,6399.2,1,0,0,0,0,0,0,0,0,6401.2,1,0,0,0,0,0,0,0,0
251,2017-04-19,09:32:08,100,IC1704,CCFX,6400.0,6392.6,6403.4,445,569513520,13680,13950,7083.4,5795.8,6439.6,6422.2,0.0,6400,0.0,0,0,2017-04-19,34328100,6399.2,1,0,0,0,0,0,0,0,0,6400.0,1,0,0,0,0,0,0,0,0
252,2017-04-19,09:32:08,600,IC1704,CCFX,6400.0,6392.6,6403.4,446,570793520,13679,13950,7083.4,5795.8,6439.6,6422.2,0.0,6400,0.0,0,0,2017-04-19,34328600,6400.4,1,0,0,0,0,0,0,0,0,6401.4,4,0,0,0,0,0,0,0,0
253,2017-04-19,09:32:09,100,IC1704,CCFX,6400.0,6392.6,6403.4,446,570793520,13679,13950,7083.4,5795.8,6439.6,6422.2,0.0,6400,0.0,0,0,2017-04-19,34329100,6400.4,1,0,0,0,0,0,0,0,0,6401.4,4,0,0,0,0,0,0,0,0
254,2017-04-19,09:32:09,600,IC1704,CCFX,6401.4,6392.6,6403.4,449,574634360,13676,13950,7083.4,5795.8,6439.6,6422.2,0.0,6400,0.0,0,0,2017-04-19,34329600,6400.4,1,0,0,0,0,0,0,0,0,6401.4,1,0,0,0,0,0,0,0,0
255,2017-04-19,09:32:10,100,IC1704,CCFX,6401.4,6392.6,6403.4,450,575914640,13675,13950,7083.4,5795.8,6439.6,6422.2,0.0,6400,0.0,0,0,2017-04-19,34330100,6401.4,1,0,0,0,0,0,0,0,0,6402.2,8,0,0,0,0,0,0,0,0
256,2017-04-19,09:32:10,600,IC1704,CCFX,6401.4,6392.6,6403.4,451,577194920,13675,13950,7083.4,5795.8,6439.6,6422.2,0.0,6400,0.0,0,0,2017-04-19,34330600,6400.6,1,0,0,0,0,0,0,0,0,6402.0,1,0,0,0,0,0,0,0,0
257,2017-04-19,09:32:11,100,IC1704,CCFX,6402.0,6392.6,6403.4,452,578475320,13674,13950,7083.4,5795.8,6439.6,6422.2,0.0,6400,0.0,0,0,2017-04-19,34331100,6399.0,5,0,0,0,0,0,0,0,0,6402.2,8,0,0,0,0,0,0,0,0
258,2017-04-19,09:32:11,600,IC1704,CCFX,6402.0,6392.6,6403.4,452,578475320,13674,13950,7083.4,5795.8,6439.6,6422.2,0.0,6400,0.0,0,0,2017-04-19,34331600,6401.4,1,0,0,0,0,0,0,0,0,6401.8,1,0,0,0,0,0,0,0,0
259,2017-04-19,09:32:12,100,IC1704,CCFX,6401.6,6392.6,6403.4,454,581035920,13672,13950,7083.4,5795.8,6439.6,6422.2,0.0,6400,0.0,0,0,2017-04-19,34332100,6400.0,3,0,0,0,0,0,0,0,0,6402.0,1,0,0,0,0,0,0,0,0
260,2017-04-19,09:32:12,600,IC1704,CCFX,6400.0,6392.6,6403.4,456,583595960,13670,13950,7083.4,5795.8,6439.6,6422.2,0.0,6400,0.0,0,0,2017-04-19,34332600,6400.0,2,0,0,0,0,0,0,0,0,6401.0,1,0,0,0,0,0,0,0,0
261,2017-04-19,09:32:13,100,IC1704,CCFX,6400.0,6392.6,6403.4,460,588716160,13666,13950,7083.4,5795.8,6439.6,6422.2,0.0,6400,0.0,0,0,2017-04-19,34333100,6399.2,1,0,0,0,0,0,0,0,0,6400.0,1,0,0,0,0,0,0,0,0
262,2017-04-19,09:32:13,600,IC1704,CCFX,6400.0,6392.6,6403.4,461,589996160,13665,13950,7083.4,5795.8,6439.6,6422.2,0.0,6400,0.0,0,0,2017-04-19,34333600,6400.4,1,0,0,0,0,0,0,0,0,6400.6,1,0,0,0,0,0,0,0,0
263,2017-04-19,09:32:14,100,IC1704,CCFX,6400.0,6392.6,6403.4,461,589996160,13665,13950,7083.4,5795.8,6439.6,6422.2,0.0,6400,0.0,0,0,2017-04-19,34334100,6399.4,1,0,0,0,0,0,0,0,0,6400.6,1,0,0,0,0,0,0,0,0
264,2017-04-19,09:32:14,600,IC1704,CCFX,6399.4,6392.6,6403.4,463,592556160,13663,13950,7083.4,5795.8,6439.6,6422.2,0.0,6400,0.0,0,0,2017-04-19,34334600,6399.2,1,0,0,0,0,0,0,0,0,6400.4,1,0,0,0,0,0,0,0,0
265,2017-04-19,09:32:15,100,IC1704,CCFX,6400.4,6392.6,6403.4,464,593836240,13662,13950,7083.4,5795.8,6439.6,6422.2,0.0,6400,0.0,0,0,2017-04-19,34335100,6399.4,1,0,0,0,0,0,0,0,0,6402.0,1,0,0,0,0,0,0,0,0
266,2017-04-19,09:32:15,600,IC1704,CCFX,6399.4,6392.6,6403.4,465,595116120,13661,13950,7083.4,5795.8,6439.6,6422.2,0.0,6400,0.0,0,0,2017-04-19,34335600,6399.2,2,0,0,0,0,0,0,0,0,6401.8,1,0,0,0,0,0,0,0,0
267,2017-04-19,09:32:16,100,IC1704,CCFX,6401.6,6392.6,6403.4,466,596396440,13660,13950,7083.4,5795.8,6439.6,6422.2,0.0,6400,0.0,0,0,2017-04-19,34336100,6399.8,1,0,0,0,0,0,0,0,0,6401.8,1,0,0,0,0,0,0,0,0
268,2017-04-19,09:32:16,600,IC1704,CCFX,6401.6,6392.6,6403.4,466,596396440,13660,13950,7083.4,5795.8,6439.6,6422.2,0.0,6400,0.0,0,0,2017-04-19,34336600,6399.8,1,0,0,0,0,0,0,0,0,6401.8,1,0,0,0,0,0,0,0,0
269,2017-04-19,09:32:17,100,IC1704,CCFX,6399.8,6392.6,6403.4,469,600237160,13658,13950,7083.4,5795.8,6439.6,6422.2,0.0,6400,0.0,0,0,2017-04-19,34337100,6401.8,1,0,0,0,0,0,0,0,0,6402.2,8,0,0,0,0,0,0,0,0
270,2017-04-19,09:32:17,600,IC1704,CCFX,6399.8,6392.6,6403.4,469,600237160,13658,13950,7083.4,5795.8,6439.6,6422.2,0.0,6400,0.0,0,0,2017-04-19,34337600,6402.0,1,0,0,0,0,0,0,0,0,6402.2,8,0,0,0,0,0,0,0,0
271,2017-04-19,09:32:18,100,IC1704,CCFX,6401.6,6392.6,6403.4,470,601517480,13657,13950,7083.4,5795.8,6439.6,6422.2,0.0,6400,0.0,0,0,2017-04-19,34338100,6401.8,1,0,0,0,0,0,0,0,0,6402.2,8,0,0,0,0,0,0,0,0
272,2017-04-19,09:32:18,600,IC1704,CCFX,6401.6,6392.6,6403.4,470,601517480,13657,13950,7083.4,5795.8,6439.6,6422.2,0.0,6400,0.0,0,0,2017-04-19,34338600,6401.8,1,0,0,0,0,0,0,0,0,6402.0,1,0,0,0,0,0,0,0,0
273,2017-04-19,09:32:19,100,IC1704,CCFX,6401.6,6392.6,6403.4,470,601517480,13657,13950,7083.4,5795.8,6439.6,6422.2,0.0,6400,0.0,0,0,2017-04-19,34339100,6401.8,1,0,0,0,0,0,0,0,0,6402.0,1,0,0,0,0,0,0,0,0
274,2017-04-19,09:32:19,600,IC1704,CCFX,6401.6,6392.6,6403.4,470,601517480,13657,13950,7083.4,5795.8,6439.6,6422.2,0.0,6400,0.0,0,0,2017-04-19,34339600,6401.8,1,0,0,0,0,0,0,0,0,6402.0,1,0,0,0,0,0,0,0,0
275,2017-04-19,09:32:20,100,IC1704,CCFX,6402.0,6392.6,6403.4,471,602797880,13656,13950,7083.4,5795.8,6439.6,6422.2,0.0,6400,0.0,0,0,2017-04-19,34340100,6401.8,1,0,0,0,0,0,0,0,0,6402.0,1,0,0,0,0,0,0,0,0
276,2017-04-19,09:32:20,600,IC1704,CCFX,6402.0,6392.6,6403.4,472,604078280,13656,13950,7083.4,5795.8,6439.6,6422.2,0.0,6400,0.0,0,0,2017-04-19,34340600,6401.8,1,0,0,0,0,0,0,0,0,6402.2,8,0,0,0,0,0,0,0,0
277,2017-04-19,09:32:21,100,IC1704,CCFX,6402.2,6392.6,6403.4,474,606639160,13655,13950,7083.4,5795.8,6439.6,6422.2,0.0,6400,0.0,0,0,2017-04-19,34341100,6402.0,1,0,0,0,0,0,0,0,0,6402.2,6,0,0,0,0,0,0,0,0
278,2017-04-19,09:32:21,600,IC1704,CCFX,6402.2,6392.6,6403.4,477,610480480,13652,13950,7083.4,5795.8,6439.6,6422.2,0.0,6400,0.0,0,0,2017-04-19,34341600,6402.0,2,0,0,0,0,0,0,0,0,6402.2,3,0,0,0,0,0,0,0,0
279,2017-04-19,09:32:22,100,IC1704,CCFX,6402.0,6392.6,6403.4,484,619443520,13648,13950,7083.4,5795.8,6439.6,6422.2,0.0,6400,0.0,0,0,2017-04-19,34342100,6402.2,1,0,0,0,0,0,0,0,0,6402.6,1,0,0,0,0,0,0,0,0
280,2017-04-19,09:32:22,600,IC1704,CCFX,6402.6,6392.6,6403.4,486,622004560,13646,13950,7083.4,5795.8,6439.6,6422.2,0.0,6400,0.0,0,0,2017-04-19,34342600,6402.8,2,0,0,0,0,0,0,0,0,6403.4,2,0,0,0,0,0,0,0,0
281,2017-04-19,09:32:23,100,IC1704,CCFX,6403.6,6392.6,6403.6,489,625846640,13644,13950,7083.4,5795.8,6439.6,6422.2,0.0,6400,0.0,0,0,2017-04-19,34343100,6403.0,1,0,0,0,0,0,0,0,0,6404.0,1,0,0,0,0,0,0,0,0
282,2017-04-19,09:32:23,600,IC1704,CCFX,6404.0,6392.6,6404.0,490,627127440,13643,13950,7083.4,5795.8,6439.6,6422.2,0.0,6400,0.0,0,0,2017-04-19,34343600,6402.8,1,0,0,0,0,0,0,0,0,6404.6,3,0,0,0,0,0,0,0,0
283,2017-04-19,09:32:24,100,IC1704,CCFX,6402.8,6392.6,6404.6,493,630969840,13642,13950,7083.4,5795.8,6439.6,6422.2,0.0,6400,0.0,0,0,2017-04-19,34344100,6402.4,1,0,0,0,0,0,0,0,0,6404.6,1,0,0,0,0,0,0,0,0
284,2017-04-19,09:32:24,600,IC1704,CCFX,6407.0,6392.6,6407.0,501,641218840,13634,13950,7083.4,5795.8,6439.6,6422.2,0.0,6400,0.0,0,0,2017-04-19,34344600,6402.4,1,0,0,0,0,0,0,0,0,6409.4,1,0,0,0,0,0,0,0,0
285,2017-04-19,09:32:25,100,IC1704,CCFX,6407.0,6392.6,6407.0,501,641218840,13634,13950,7083.4,5795.8,6439.6,6422.2,0.0,6400,0.0,0,0,2017-04-19,34345100,6403.0,3,0,0,0,0,0,0,0,0,6409.2,3,0,0,0,0,0,0,0,0
286,2017-04-19,09:32:25,600,IC1704,CCFX,6407.0,6392.6,6407.0,501,641218840,13634,13950,7083.4,5795.8,6439.6,6422.2,0.0,6400,0.0,0,0,2017-04-19,34345600,6403.4,1,0,0,0,0,0,0,0,0,6409.0,2,0,0,0,0,0,0,0,0
287,2017-04-19,09:32:26,100,IC1704,CCFX,6403.6,6392.6,6407.0,502,642499560,13634,13950,7083.4,5795.8,6439.6,6422.2,0.0,6400,0.0,0,0,2017-04-19,34346100,6403.6,3,0,0,0,0,0,0,0,0,6408.6,1,0,0,0,0,0,0,0,0
288,2017-04-19,09:32:26,600,IC1704,CCFX,6403.6,6392.6,6407.0,502,642499560,13634,13950,7083.4,5795.8,6439.6,6422.2,0.0,6400,0.0,0,0,2017-04-19,34346600,6404.6,1,0,0,0,0,0,0,0,0,6408.4,5,0,0,0,0,0,0,0,0
289,2017-04-19,09:32:27,100,IC1704,CCFX,6403.6,6392.6,6407.0,503,643780280,13634,13950,7083.4,5795.8,6439.6,6422.2,0.0,6400,0.0,0,0,2017-04-19,34347100,6404.6,5,0,0,0,0,0,0,0,0,6408.0,1,0,0,0,0,0,0,0,0
290,2017-04-19,09:32:27,600,IC1704,CCFX,6407.6,6392.6,6407.6,504,645061800,13634,13950,7083.4,5795.8,6439.6,6422.2,0.0,6400,0.0,0,0,2017-04-19,34347600,6405.0,1,0,0,0,0,0,0,0,0,6407.8,4,0,0,0,0,0,0,0,0
291,2017-04-19,09:32:28,100,IC1704,CCFX,6407.8,6392.6,6407.8,505,646343360,13633,13950,7083.4,5795.8,6439.6,6422.2,0.0,6400,0.0,0,0,2017-04-19,34348100,6405.2,1,0,0,0,0,0,0,0,0,6407.8,2,0,0,0,0,0,0,0,0
292,2017-04-19,09:32:28,600,IC1704,CCFX,6407.8,6392.6,6407.8,505,646343360,13633,13950,7083.4,5795.8,6439.6,6422.2,0.0,6400,0.0,0,0,2017-04-19,34348600,6406.2,1,0,0,0,0,0,0,0,0,6407.8,2,0,0,0,0,0,0,0,0
293,2017-04-19,09:32:29,100,IC1704,CCFX,6406.2,6392.6,6407.8,507,648905840,13632,13950,7083.4,5795.8,6439.6,6422.2,0.0,6400,0.0,0,0,2017-04-19,34349100,6405.4,1,0,0,0,0,0,0,0,0,6407.8,2,0,0,0,0,0,0,0,0
294,2017-04-19,09:32:29,600,IC1704,CCFX,6405.4,6392.6,6407.8,509,651468040,13630,13950,7083.4,5795.8,6439.6,6422.2,0.0,6400,0.0,0,0,2017-04-19,34349600,6405.0,1,0,0,0,0,0,0,0,0,6405.4,4,0,0,0,0,0,0,0,0
295,2017-04-19,09:32:30,100,IC1704,CCFX,6405.4,6392.6,6407.8,513,656592360,13630,13950,7083.4,5795.8,6439.6,6422.2,0.0,6400,0.0,0,0,2017-04-19,34350100,6405.0,1,0,0,0,0,0,0,0,0,6405.2,1,0,0,0,0,0,0,0,0
296,2017-04-19,09:32:30,600,IC1704,CCFX,6405.2,6392.6,6407.8,514,657873400,13629,13950,7083.4,5795.8,6439.6,6422.2,0.0,6400,0.0,0,0,2017-04-19,34350600,6405.0,1,0,0,0,0,0,0,0,0,6406.2,4,0,0,0,0,0,0,0,0
297,2017-04-19,09:32:31,100,IC1704,CCFX,6406.2,6392.6,6407.8,515,659154640,13628,13950,7083.4,5795.8,6439.6,6422.2,0.0,6400,0.0,0,0,2017-04-19,34351100,6405.0,1,0,0,0,0,0,0,0,0,6406.2,3,0,0,0,0,0,0,0,0
298,2017-04-19,09:32:31,600,IC1704,CCFX,6405.0,6392.6,6407.8,516,660435640,13627,13950,7083.4,5795.8,6439.6,6422.2,0.0,6400,0.0,0,0,2017-04-19,34351600,6404.6,5,0,0,0,0,0,0,0,0,6406.2,3,0,0,0,0,0,0,0,0
299,2017-04-19,09:32:32,100,IC1704,CCFX,6405.0,6392.6,6407.8,516,660435640,13627,13950,7083.4,5795.8,6439.6,6422.2,0.0,6400,0.0,0,0,2017-04-19,34352100,6404.6,5,0,0,0,0,0,0,0,0,6406.2,3,0,0,0,0,0,0,0,0
300,2017-04-19,09:32:32,600,IC1704,CCFX,6405.0,6392.6,6407.8,516,660435640,13627,13950,7083.4,5795.8,6439.6,6422.2,0.0,6400,0.0,0,0,2017-04-19,34352600,6404.8,1,0,0,0,0,0,0,0,0,6406.2,3,0,0,0,0,0,0,0,0
301,2017-04-19,09:32:33,100,IC1704,CCFX,6406.2,6392.6,6407.8,517,661716880,13626,13950,7083.4,5795.8,6439.6,6422.2,0.0,6400,0.0,0,0,2017-04-19,34353100,6404.8,1,0,0,0,0,0,0,0,0,6406.0,1,0,0,0,0,0,0,0,0
302,2017-04-19,09:32:33,600,IC1704,CCFX,6405.4,6392.6,6407.8,518,662997960,13626,13950,7083.4,5795.8,6439.6,6422.2,0.0,6400,0.0,0,0,2017-04-19,34353600,6404.8,1,0,0,0,0,0,0,0,0,6406.0,1,0,0,0,0,0,0,0,0
303,2017-04-19,09:32:34,100,IC1704,CCFX,6405.4,6392.6,6407.8,518,662997960,13626,13950,7083.4,5795.8,6439.6,6422.2,0.0,6400,0.0,0,0,2017-04-19,34354100,6405.0,2,0,0,0,0,0,0,0,0,6406.0,1,0,0,0,0,0,0,0,0
304,2017-04-19,09:32:34,600,IC1704,CCFX,6405.4,6392.6,6407.8,518,662997960,13626,13950,7083.4,5795.8,6439.6,6422.2,0.0,6400,0.0,0,0,2017-04-19,34354600,6405.4,1,0,0,0,0,0,0,0,0,6406.0,1,0,0,0,0,0,0,0,0
305,2017-04-19,09:32:35,100,IC1704,CCFX,6405.4,6392.6,6407.8,518,662997960,13626,13950,7083.4,5795.8,6439.6,6422.2,0.0,6400,0.0,0,0,2017-04-19,34355100,6405.4,1,0,0,0,0,0,0,0,0,6406.0,2,0,0,0,0,0,0,0,0
306,2017-04-19,09:32:35,600,IC1704,CCFX,6405.4,6392.6,6407.8,519,664279040,13625,13950,7083.4,5795.8,6439.6,6422.2,0.0,6400,0.0,0,0,2017-04-19,34355600,6405.0,2,0,0,0,0,0,0,0,0,6406.0,2,0,0,0,0,0,0,0,0
307,2017-04-19,09:32:36,100,IC1704,CCFX,6405.4,6392.6,6407.8,522,668122120,13622,13950,7083.4,5795.8,6439.6,6422.2,0.0,6400,0.0,0,0,2017-04-19,34356100,6405.0,1,0,0,0,0,0,0,0,0,6405.8,1,0,0,0,0,0,0,0,0
308,2017-04-19,09:32:36,600,IC1704,CCFX,6405.0,6392.6,6407.8,523,669403120,13621,13950,7083.4,5795.8,6439.6,6422.2,0.0,6400,0.0,0,0,2017-04-19,34356600,6404.6,5,0,0,0,0,0,0,0,0,6405.6,3,0,0,0,0,0,0,0,0
309,2017-04-19,09:32:37,100,IC1704,CCFX,6405.0,6392.6,6407.8,523,669403120,13621,13950,7083.4,5795.8,6439.6,6422.2,0.0,6400,0.0,0,0,2017-04-19,34357100,6404.6,5,0,0,0,0,0,0,0,0,6405.4,1,0,0,0,0,0,0,0,0
310,2017-04-19,09:32:37,600,IC1704,CCFX,6404.6,6392.6,6407.8,525,671965120,13620,13950,7083.4,5795.8,6439.6,6422.2,0.0,6400,0.0,0,0,2017-04-19,34357600,6404.6,4,0,0,0,0,0,0,0,0,6405.8,6,0,0,0,0,0,0,0,0
311,2017-04-19,09:32:38,100,IC1704,CCFX,6405.8,6392.6,6407.8,527,674527440,13618,13950,7083.4,5795.8,6439.6,6422.2,0.0,6400,0.0,0,0,2017-04-19,34358100,6404.6,5,0,0,0,0,0,0,0,0,6405.2,1,0,0,0,0,0,0,0,0
312,2017-04-19,09:32:38,600,IC1704,CCFX,6405.8,6392.6,6407.8,527,674527440,13618,13950,7083.4,5795.8,6439.6,6422.2,0.0,6400,0.0,0,0,2017-04-19,34358600,6404.8,1,0,0,0,0,0,0,0,0,6405.2,1,0,0,0,0,0,0,0,0
313,2017-04-19,09:32:39,100,IC1704,CCFX,6405.6,6392.6,6407.8,528,675808560,13617,13950,7083.4,5795.8,6439.6,6422.2,0.0,6400,0.0,0,0,2017-04-19,34359100,6405.2,1,0,0,0,0,0,0,0,0,6405.6,1,0,0,0,0,0,0,0,0
314,2017-04-19,09:32:39,600,IC1704,CCFX,6405.2,6392.6,6407.8,529,677089600,13616,13950,7083.4,5795.8,6439.6,6422.2,0.0,6400,0.0,0,0,2017-04-19,34359600,6404.8,1,0,0,0,0,0,0,0,0,6405.2,1,0,0,0,0,0,0,0,0
315,2017-04-19,09:32:40,100,IC1704,CCFX,6404.8,6392.6,6407.8,530,678370560,13615,13950,7083.4,5795.8,6439.6,6422.2,0.0,6400,0.0,0,0,2017-04-19,34360100,6404.6,5,0,0,0,0,0,0,0,0,6404.8,3,0,0,0,0,0,0,0,0
316,2017-04-19,09:32:40,600,IC1704,CCFX,6404.6,6392.6,6407.8,533,682213320,13614,13950,7083.4,5795.8,6439.6,6422.2,0.0,6400,0.0,0,0,2017-04-19,34360600,6404.6,2,0,0,0,0,0,0,0,0,6404.8,5,0,0,0,0,0,0,0,0
317,2017-04-19,09:32:41,100,IC1704,CCFX,6405.4,6392.6,6407.8,545,697584880,13602,13950,7083.4,5795.8,6439.6,6422.2,0.0,6400,0.0,0,0,2017-04-19,34361100,6405.6,3,0,0,0,0,0,0,0,0,6405.8,4,0,0,0,0,0,0,0,0
318,2017-04-19,09:32:41,600,IC1704,CCFX,6405.6,6392.6,6407.8,548,701428240,13599,13950,7083.4,5795.8,6439.6,6422.2,0.0,6400,0.0,0,0,2017-04-19,34361600,6403.8,1,0,0,0,0,0,0,0,0,6405.4,2,0,0,0,0,0,0,0,0
319,2017-04-19,09:32:42,100,IC1704,CCFX,6405.6,6392.6,6407.8,548,701428240,13599,13950,7083.4,5795.8,6439.6,6422.2,0.0,6400,0.0,0,0,2017-04-19,34362100,6403.8,1,0,0,0,0,0,0,0,0,6404.4,2,0,0,0,0,0,0,0,0
320,2017-04-19,09:32:42,600,IC1704,CCFX,6405.6,6392.6,6407.8,548,701428240,13599,13950,7083.4,5795.8,6439.6,6422.2,0.0,6400,0.0,0,0,2017-04-19,34362600,6403.8,1,0,0,0,0,0,0,0,0,6404.2,1,0,0,0,0,0,0,0,0
321,2017-04-19,09:32:43,100,IC1704,CCFX,6403.8,6392.6,6407.8,549,702709000,13598,13950,7083.4,5795.8,6439.6,6422.2,0.0,6400,0.0,0,0,2017-04-19,34363100,6403.4,1,0,0,0,0,0,0,0,0,6403.8,1,0,0,0,0,0,0,0,0
322,2017-04-19,09:32:43,600,IC1704,CCFX,6403.4,6392.6,6407.8,552,706551080,13596,13950,7083.4,5795.8,6439.6,6422.2,0.0,6400,0.0,0,0,2017-04-19,34363600,6403.0,1,0,0,0,0,0,0,0,0,6403.4,1,0,0,0,0,0,0,0,0
323,2017-04-19,09:32:44,100,IC1704,CCFX,6403.4,6392.6,6407.8,552,706551080,13596,13950,7083.4,5795.8,6439.6,6422.2,0.0,6400,0.0,0,0,2017-04-19,34364100,6403.2,1,0,0,0,0,0,0,0,0,6403.4,1,0,0,0,0,0,0,0,0
324,2017-04-19,09:32:44,600,IC1704,CCFX,6403.4,6392.6,6407.8,552,706551080,13596,13950,7083.4,5795.8,6439.6,6422.2,0.0,6400,0.0,0,0,2017-04-19,34364600,6403.2,1,0,0,0,0,0,0,0,0,6403.4,1,0,0,0,0,0,0,0,0
325,2017-04-19,09:32:45,100,IC1704,CCFX,6403.2,6392.6,6407.8,553,707831720,13596,13950,7083.4,5795.8,6439.6,6422.2,0.0,6400,0.0,0,0,2017-04-19,34365100,6403.0,1,0,0,0,0,0,0,0,0,6403.4,1,0,0,0,0,0,0,0,0
326,2017-04-19,09:32:45,600,IC1704,CCFX,6403.4,6392.6,6407.8,555,710393000,13596,13950,7083.4,5795.8,6439.6,6422.2,0.0,6400,0.0,0,0,2017-04-19,34365600,6401.8,1,0,0,0,0,0,0,0,0,6403.8,1,0,0,0,0,0,0,0,0
327,2017-04-19,09:32:46,100,IC1704,CCFX,6403.4,6392.6,6407.8,555,710393000,13596,13950,7083.4,5795.8,6439.6,6422.2,0.0,6400,0.0,0,0,2017-04-19,34366100,6402.0,2,0,0,0,0,0,0,0,0,6403.8,1,0,0,0,0,0,0,0,0
328,2017-04-19,09:32:46,600,IC1704,CCFX,6403.4,6392.6,6407.8,555,710393000,13596,13950,7083.4,5795.8,6439.6,6422.2,0.0,6400,0.0,0,0,2017-04-19,34366600,6402.0,2,0,0,0,0,0,0,0,0,6403.8,1,0,0,0,0,0,0,0,0
329,2017-04-19,09:32:47,100,IC1704,CCFX,6403.4,6392.6,6407.8,555,710393000,13596,13950,7083.4,5795.8,6439.6,6422.2,0.0,6400,0.0,0,0,2017-04-19,34367100,6402.0,3,0,0,0,0,0,0,0,0,6403.8,1,0,0,0,0,0,0,0,0
330,2017-04-19,09:32:47,600,IC1704,CCFX,6403.4,6392.6,6407.8,555,710393000,13596,13950,7083.4,5795.8,6439.6,6422.2,0.0,6400,0.0,0,0,2017-04-19,34367600,6402.0,3,0,0,0,0,0,0,0,0,6403.8,1,0,0,0,0,0,0,0,0
331,2017-04-19,09:32:48,600,IC1704,CCFX,6403.4,6392.6,6407.8,555,710393000,13596,13950,7083.4,5795.8,6439.6,6422.2,0.0,6400,0.0,0,0,2017-04-19,34368600,6402.0,4,0,0,0,0,0,0,0,0,6403.8,1,0,0,0,0,0,0,0,0
332,2017-04-19,09:32:49,100,IC1704,CCFX,6403.8,6392.6,6407.8,556,711673760,13595,13950,7083.4,5795.8,6439.6,6422.2,0.0,6400,0.0,0,0,2017-04-19,34369100,6403.8,1,0,0,0,0,0,0,0,0,6405.2,1,0,0,0,0,0,0,0,0
333,2017-04-19,09:32:49,600,IC1704,CCFX,6403.8,6392.6,6407.8,556,711673760,13595,13950,7083.4,5795.8,6439.6,6422.2,0.0,6400,0.0,0,0,2017-04-19,34369600,6403.8,1,0,0,0,0,0,0,0,0,6405.2,1,0,0,0,0,0,0,0,0
334,2017-04-19,09:32:50,100,IC1704,CCFX,6403.8,6392.6,6407.8,556,711673760,13595,13950,7083.4,5795.8,6439.6,6422.2,0.0,6400,0.0,0,0,2017-04-19,34370100,6403.8,2,0,0,0,0,0,0,0,0,6405.2,1,0,0,0,0,0,0,0,0
335,2017-04-19,09:32:50,600,IC1704,CCFX,6405.2,6392.6,6407.8,557,712954800,13594,13950,7083.4,5795.8,6439.6,6422.2,0.0,6400,0.0,0,0,2017-04-19,34370600,6403.8,2,0,0,0,0,0,0,0,0,6404.0,1,0,0,0,0,0,0,0,0
336,2017-04-19,09:32:51,100,IC1704,CCFX,6404.0,6392.6,6407.8,558,714235600,13593,13950,7083.4,5795.8,6439.6,6422.2,0.0,6400,0.0,0,0,2017-04-19,34371100,6404.0,2,0,0,0,0,0,0,0,0,6405.0,1,0,0,0,0,0,0,0,0
337,2017-04-19,09:32:51,600,IC1704,CCFX,6405.0,6392.6,6407.8,560,716797600,13591,13950,7083.4,5795.8,6439.6,6422.2,0.0,6400,0.0,0,0,2017-04-19,34371600,6405.0,1,0,0,0,0,0,0,0,0,6405.6,2,0,0,0,0,0,0,0,0
338,2017-04-19,09:32:52,100,IC1704,CCFX,6404.2,6392.6,6407.8,564,721921680,13587,13950,7083.4,5795.8,6439.6,6422.2,0.0,6400,0.0,0,0,2017-04-19,34372100,6403.8,2,0,0,0,0,0,0,0,0,6405.8,4,0,0,0,0,0,0,0,0
339,2017-04-19,09:32:52,600,IC1704,CCFX,6404.2,6392.6,6407.8,564,721921680,13587,13950,7083.4,5795.8,6439.6,6422.2,0.0,6400,0.0,0,0,2017-04-19,34372600,6403.8,2,0,0,0,0,0,0,0,0,6404.0,4,0,0,0,0,0,0,0,0
340,2017-04-19,09:32:53,100,IC1704,CCFX,6404.0,6392.6,6407.8,568,727044880,13584,13950,7083.4,5795.8,6439.6,6422.2,0.0,6400,0.0,0,0,2017-04-19,34373100,6403.8,2,0,0,0,0,0,0,0,0,6406.2,2,0,0,0,0,0,0,0,0
341,2017-04-19,09:32:53,600,IC1704,CCFX,6406.2,6392.6,6407.8,571,730887640,13582,13950,7083.4,5795.8,6439.6,6422.2,0.0,6400,0.0,0,0,2017-04-19,34373600,6402.4,1,0,0,0,0,0,0,0,0,6406.2,1,0,0,0,0,0,0,0,0
342,2017-04-19,09:32:54,100,IC1704,CCFX,6406.0,6392.6,6407.8,576,737292160,13578,13950,7083.4,5795.8,6439.6,6422.2,0.0,6400,0.0,0,0,2017-04-19,34374100,6402.6,1,0,0,0,0,0,0,0,0,6406.0,1,0,0,0,0,0,0,0,0
343,2017-04-19,09:32:54,600,IC1704,CCFX,6402.6,6392.6,6407.8,580,742414320,13575,13950,7083.4,5795.8,6439.6,6422.2,0.0,6400,0.0,0,0,2017-04-19,34374600,6403.0,1,0,0,0,0,0,0,0,0,6405.6,1,0,0,0,0,0,0,0,0
344,2017-04-19,09:32:55,100,IC1704,CCFX,6402.6,6392.6,6407.8,580,742414320,13575,13950,7083.4,5795.8,6439.6,6422.2,0.0,6400,0.0,0,0,2017-04-19,34375100,6403.0,1,0,0,0,0,0,0,0,0,6403.8,1,0,0,0,0,0,0,0,0
345,2017-04-19,09:32:55,600,IC1704,CCFX,6402.6,6392.6,6407.8,580,742414320,13575,13950,7083.4,5795.8,6439.6,6422.2,0.0,6400,0.0,0,0,2017-04-19,34375600,6403.0,1,0,0,0,0,0,0,0,0,6403.8,1,0,0,0,0,0,0,0,0
346,2017-04-19,09:32:56,100,IC1704,CCFX,6402.6,6392.6,6407.8,580,742414320,13575,13950,7083.4,5795.8,6439.6,6422.2,0.0,6400,0.0,0,0,2017-04-19,34376100,6403.0,1,0,0,0,0,0,0,0,0,6403.8,1,0,0,0,0,0,0,0,0
347,2017-04-19,09:32:56,600,IC1704,CCFX,6404.4,6392.6,6407.8,582,744975960,13574,13950,7083.4,5795.8,6439.6,6422.2,0.0,6400,0.0,0,0,2017-04-19,34376600,6403.2,1,0,0,0,0,0,0,0,0,6404.2,1,0,0,0,0,0,0,0,0
348,2017-04-19,09:32:57,100,IC1704,CCFX,6405.6,6392.6,6407.8,584,747537960,13573,13950,7083.4,5795.8,6439.6,6422.2,0.0,6400,0.0,0,0,2017-04-19,34377100,6404.4,1,0,0,0,0,0,0,0,0,6406.0,1,0,0,0,0,0,0,0,0
349,2017-04-19,09:32:57,600,IC1704,CCFX,6404.4,6392.6,6407.8,585,748818840,13573,13950,7083.4,5795.8,6439.6,6422.2,0.0,6400,0.0,0,0,2017-04-19,34377600,6403.8,1,0,0,0,0,0,0,0,0,6404.4,3,0,0,0,0,0,0,0,0
350,2017-04-19,09:32:58,100,IC1704,CCFX,6403.8,6392.6,6407.8,586,750099600,13572,13950,7083.4,5795.8,6439.6,6422.2,0.0,6400,0.0,0,0,2017-04-19,34378100,6403.2,1,0,0,0,0,0,0,0,0,6403.8,5,0,0,0,0,0,0,0,0
351,2017-04-19,09:32:58,600,IC1704,CCFX,6403.8,6392.6,6407.8,586,750099600,13572,13950,7083.4,5795.8,6439.6,6422.2,0.0,6400,0.0,0,0,2017-04-19,34378600,6403.2,1,0,0,0,0,0,0,0,0,6403.6,1,0,0,0,0,0,0,0,0
352,2017-04-19,09:32:59,600,IC1704,CCFX,6403.2,6392.6,6407.8,588,752661000,13571,13950,7083.4,5795.8,6439.6,6422.2,0.0,6400,0.0,0,0,2017-04-19,34379600,6403.0,2,0,0,0,0,0,0,0,0,6403.2,4,0,0,0,0,0,0,0,0
353,2017-04-19,09:33:00,100,IC1704,CCFX,6403.8,6392.6,6407.8,598,765467600,13562,13950,7083.4,5795.8,6439.6,6422.2,0.0,6400,0.0,0,0,2017-04-19,34380100,6402.4,1,0,0,0,0,0,0,0,0,6403.8,4,0,0,0,0,0,0,0,0
354,2017-04-19,09:33:00,600,IC1704,CCFX,6403.8,6392.6,6407.8,599,766748360,13562,13950,7083.4,5795.8,6439.6,6422.2,0.0,6400,0.0,0,0,2017-04-19,34380600,6402.6,1,0,0,0,0,0,0,0,0,6403.8,3,0,0,0,0,0,0,0,0
355,2017-04-19,09:33:01,600,IC1704,CCFX,6402.6,6392.6,6407.8,600,768028880,13561,13950,7083.4,5795.8,6439.6,6422.2,0.0,6400,0.0,0,0,2017-04-19,34381600,6402.4,1,0,0,0,0,0,0,0,0,6402.6,4,0,0,0,0,0,0,0,0
356,2017-04-19,09:33:02,100,IC1704,CCFX,6402.6,6392.6,6407.8,603,771870440,13559,13950,7083.4,5795.8,6439.6,6422.2,0.0,6400,0.0,0,0,2017-04-19,34382100,6402.4,1,0,0,0,0,0,0,0,0,6402.6,1,0,0,0,0,0,0,0,0
357,2017-04-19,09:33:02,600,IC1704,CCFX,6402.6,6392.6,6407.8,604,773150960,13559,13950,7083.4,5795.8,6439.6,6422.2,0.0,6400,0.0,0,0,2017-04-19,34382600,6402.6,1,0,0,0,0,0,0,0,0,6403.0,1,0,0,0,0,0,0,0,0
358,2017-04-19,09:33:03,100,IC1704,CCFX,6403.0,6392.6,6407.8,606,775712160,13558,13950,7083.4,5795.8,6439.6,6422.2,0.0,6400,0.0,0,0,2017-04-19,34383100,6403.0,1,0,0,0,0,0,0,0,0,6403.8,3,0,0,0,0,0,0,0,0
359,2017-04-19,09:33:03,600,IC1704,CCFX,6403.8,6392.6,6407.8,608,778273520,13558,13950,7083.4,5795.8,6439.6,6422.2,0.0,6400,0.0,0,0,2017-04-19,34383600,6402.4,2,0,0,0,0,0,0,0,0,6403.8,2,0,0,0,0,0,0,0,0
360,2017-04-19,09:33:05,100,IC1704,CCFX,6402.4,6392.6,6407.8,609,779554000,13557,13950,7083.4,5795.8,6439.6,6422.2,0.0,6400,0.0,0,0,2017-04-19,34385100,6402.4,1,0,0,0,0,0,0,0,0,6403.8,2,0,0,0,0,0,0,0,0
361,2017-04-19,09:33:05,600,IC1704,CCFX,6403.6,6392.6,6407.8,610,780834720,13556,13950,7083.4,5795.8,6439.6,6422.2,0.0,6400,0.0,0,0,2017-04-19,34385600,6402.4,1,0,0,0,0,0,0,0,0,6403.8,2,0,0,0,0,0,0,0,0
362,2017-04-19,09:33:06,100,IC1704,CCFX,6403.8,6392.6,6407.8,611,782115480,13556,13950,7083.4,5795.8,6439.6,6422.2,0.0,6400,0.0,0,0,2017-04-19,34386100,6402.4,1,0,0,0,0,0,0,0,0,6403.8,1,0,0,0,0,0,0,0,0
363,2017-04-19,09:33:07,100,IC1704,CCFX,6403.8,6392.6,6407.8,611,782115480,13556,13950,7083.4,5795.8,6439.6,6422.2,0.0,6400,0.0,0,0,2017-04-19,34387100,6402.4,1,0,0,0,0,0,0,0,0,6403.6,4,0,0,0,0,0,0,0,0
364,2017-04-19,09:33:08,600,IC1704,CCFX,6403.8,6392.6,6407.8,611,782115480,13556,13950,7083.4,5795.8,6439.6,6422.2,0.0,6400,0.0,0,0,2017-04-19,34388600,6402.4,1,0,0,0,0,0,0,0,0,6403.4,1,0,0,0,0,0,0,0,0
365,2017-04-19,09:33:09,100,IC1704,CCFX,6403.8,6392.6,6407.8,611,782115480,13556,13950,7083.4,5795.8,6439.6,6422.2,0.0,6400,0.0,0,0,2017-04-19,34389100,6402.6,1,0,0,0,0,0,0,0,0,6403.2,1,0,0,0,0,0,0,0,0
366,2017-04-19,09:33:10,600,IC1704,CCFX,6403.8,6392.6,6407.8,613,784677000,13555,13950,7083.4,5795.8,6439.6,6422.2,0.0,6400,0.0,0,0,2017-04-19,34390600,6402.6,1,0,0,0,0,0,0,0,0,6403.6,3,0,0,0,0,0,0,0,0
367,2017-04-19,09:33:11,100,IC1704,CCFX,6403.8,6392.6,6407.8,613,784677000,13555,13950,7083.4,5795.8,6439.6,6422.2,0.0,6400,0.0,0,0,2017-04-19,34391100,6403.2,4,0,0,0,0,0,0,0,0,6403.6,3,0,0,0,0,0,0,0,0
368,2017-04-19,09:33:11,600,IC1704,CCFX,6403.2,6392.6,6407.8,614,785957640,13554,13950,7083.4,5795.8,6439.6,6422.2,0.0,6400,0.0,0,0,2017-04-19,34391600,6403.2,3,0,0,0,0,0,0,0,0,6403.6,3,0,0,0,0,0,0,0,0
369,2017-04-19,09:33:12,100,IC1704,CCFX,6403.2,6392.6,6407.8,614,785957640,13554,13950,7083.4,5795.8,6439.6,6422.2,0.0,6400,0.0,0,0,2017-04-19,34392100,6403.2,3,0,0,0,0,0,0,0,0,6403.6,3,0,0,0,0,0,0,0,0
370,2017-04-19,09:33:13,100,IC1704,CCFX,6403.2,6392.6,6407.8,620,793641720,13551,13950,7083.4,5795.8,6439.6,6422.2,0.0,6400,0.0,0,0,2017-04-19,34393100,6402.6,3,0,0,0,0,0,0,0,0,6403.8,1,0,0,0,0,0,0,0,0
371,2017-04-19,09:33:13,600,IC1704,CCFX,6403.2,6392.6,6407.8,620,793641720,13551,13950,7083.4,5795.8,6439.6,6422.2,0.0,6400,0.0,0,0,2017-04-19,34393600,6402.6,2,0,0,0,0,0,0,0,0,6403.8,1,0,0,0,0,0,0,0,0
372,2017-04-19,09:33:14,100,IC1704,CCFX,6403.2,6392.6,6407.8,620,793641720,13551,13950,7083.4,5795.8,6439.6,6422.2,0.0,6400,0.0,0,0,2017-04-19,34394100,6402.8,1,0,0,0,0,0,0,0,0,6403.2,1,0,0,0,0,0,0,0,0
373,2017-04-19,09:33:14,600,IC1704,CCFX,6403.2,6392.6,6407.8,620,793641720,13551,13950,7083.4,5795.8,6439.6,6422.2,0.0,6400,0.0,0,0,2017-04-19,34394600,6402.6,3,0,0,0,0,0,0,0,0,6403.2,1,0,0,0,0,0,0,0,0
374,2017-04-19,09:33:15,100,IC1704,CCFX,6403.2,6392.6,6407.8,621,794922360,13550,13950,7083.4,5795.8,6439.6,6422.2,0.0,6400,0.0,0,0,2017-04-19,34395100,6402.6,3,0,0,0,0,0,0,0,0,6403.8,1,0,0,0,0,0,0,0,0
375,2017-04-19,09:33:16,100,IC1704,CCFX,6403.2,6392.6,6407.8,622,796203000,13550,13950,7083.4,5795.8,6439.6,6422.2,0.0,6400,0.0,0,0,2017-04-19,34396100,6402.6,3,0,0,0,0,0,0,0,0,6403.8,1,0,0,0,0,0,0,0,0
376,2017-04-19,09:33:16,600,IC1704,CCFX,6402.6,6392.6,6407.8,623,797483520,13549,13950,7083.4,5795.8,6439.6,6422.2,0.0,6400,0.0,0,0,2017-04-19,34396600,6402.6,2,0,0,0,0,0,0,0,0,6403.8,1,0,0,0,0,0,0,0,0
377,2017-04-19,09:33:17,100,IC1704,CCFX,6402.6,6392.6,6407.8,624,798764040,13549,13950,7083.4,5795.8,6439.6,6422.2,0.0,6400,0.0,0,0,2017-04-19,34397100,6402.6,1,0,0,0,0,0,0,0,0,6403.8,1,0,0,0,0,0,0,0,0
378,2017-04-19,09:33:17,600,IC1704,CCFX,6402.4,6392.6,6407.8,626,801325040,13549,13950,7083.4,5795.8,6439.6,6422.2,0.0,6400,0.0,0,0,2017-04-19,34397600,6402.6,1,0,0,0,0,0,0,0,0,6403.8,1,0,0,0,0,0,0,0,0
379,2017-04-19,09:33:18,100,IC1704,CCFX,6403.8,6392.6,6407.8,628,803886320,13548,13950,7083.4,5795.8,6439.6,6422.2,0.0,6400,0.0,0,0,2017-04-19,34398100,6402.0,1,0,0,0,0,0,0,0,0,6404.4,5,0,0,0,0,0,0,0,0
380,2017-04-19,09:33:18,600,IC1704,CCFX,6402.0,6392.6,6407.8,629,805166720,13547,13950,7083.4,5795.8,6439.6,6422.2,0.0,6400,0.0,0,0,2017-04-19,34398600,6402.0,1,0,0,0,0,0,0,0,0,6404.4,5,0,0,0,0,0,0,0,0
381,2017-04-19,09:33:19,100,IC1704,CCFX,6404.2,6392.6,6407.8,630,806447560,13547,13950,7083.4,5795.8,6439.6,6422.2,0.0,6400,0.0,0,0,2017-04-19,34399100,6403.8,1,0,0,0,0,0,0,0,0,6404.4,5,0,0,0,0,0,0,0,0
382,2017-04-19,09:33:19,600,IC1704,CCFX,6404.0,6392.6,6407.8,633,810290000,13545,13950,7083.4,5795.8,6439.6,6422.2,0.0,6400,0.0,0,0,2017-04-19,34399600,6403.2,1,0,0,0,0,0,0,0,0,6403.8,4,0,0,0,0,0,0,0,0
383,2017-04-19,09:33:20,100,IC1704,CCFX,6403.8,6392.6,6407.8,640,819254960,13539,13950,7083.4,5795.8,6439.6,6422.2,0.0,6400,0.0,0,0,2017-04-19,34400100,6403.8,10,0,0,0,0,0,0,0,0,6404.4,4,0,0,0,0,0,0,0,0
384,2017-04-19,09:33:20,600,IC1704,CCFX,6403.8,6392.6,6407.8,642,821816480,13537,13950,7083.4,5795.8,6439.6,6422.2,0.0,6400,0.0,0,0,2017-04-19,34400600,6403.8,8,0,0,0,0,0,0,0,0,6404.4,4,0,0,0,0,0,0,0,0
385,2017-04-19,09:33:21,100,IC1704,CCFX,6403.8,6392.6,6407.8,643,823097240,13537,13950,7083.4,5795.8,6439.6,6422.2,0.0,6400,0.0,0,0,2017-04-19,34401100,6403.8,7,0,0,0,0,0,0,0,0,6404.4,4,0,0,0,0,0,0,0,0
386,2017-04-19,09:33:21,600,IC1704,CCFX,6403.8,6392.6,6407.8,644,824378000,13536,13950,7083.4,5795.8,6439.6,6422.2,0.0,6400,0.0,0,0,2017-04-19,34401600,6403.8,6,0,0,0,0,0,0,0,0,6404.4,4,0,0,0,0,0,0,0,0
387,2017-04-19,09:33:22,100,IC1704,CCFX,6403.8,6392.6,6407.8,649,830781800,13535,13950,7083.4,5795.8,6439.6,6422.2,0.0,6400,0.0,0,0,2017-04-19,34402100,6403.8,1,0,0,0,0,0,0,0,0,6404.4,4,0,0,0,0,0,0,0,0
388,2017-04-19,09:33:22,600,IC1704,CCFX,6403.8,6392.6,6407.8,650,832062560,13534,13950,7083.4,5795.8,6439.6,6422.2,0.0,6400,0.0,0,0,2017-04-19,34402600,6403.0,9,0,0,0,0,0,0,0,0,6403.8,2,0,0,0,0,0,0,0,0
389,2017-04-19,09:33:23,100,IC1704,CCFX,6403.0,6392.6,6407.8,656,839746160,13528,13950,7083.4,5795.8,6439.6,6422.2,0.0,6400,0.0,0,0,2017-04-19,34403100,6403.0,3,0,0,0,0,0,0,0,0,6403.6,1,0,0,0,0,0,0,0,0
390,2017-04-19,09:33:23,600,IC1704,CCFX,6403.4,6392.6,6407.8,659,843588120,13525,13950,7083.4,5795.8,6439.6,6422.2,0.0,6400,0.0,0,0,2017-04-19,34403600,6403.0,2,0,0,0,0,0,0,0,0,6403.4,1,0,0,0,0,0,0,0,0
391,2017-04-19,09:33:24,100,IC1704,CCFX,6403.0,6392.6,6407.8,661,846149320,13523,13950,7083.4,5795.8,6439.6,6422.2,0.0,6400,0.0,0,0,2017-04-19,34404100,6401.6,2,0,0,0,0,0,0,0,0,6403.0,1,0,0,0,0,0,0,0,0
392,2017-04-19,09:33:24,600,IC1704,CCFX,6403.0,6392.6,6407.8,661,846149320,13523,13950,7083.4,5795.8,6439.6,6422.2,0.0,6400,0.0,0,0,2017-04-19,34404600,6401.6,2,0,0,0,0,0,0,0,0,6402.8,1,0,0,0,0,0,0,0,0
393,2017-04-19,09:33:25,100,IC1704,CCFX,6403.0,6392.6,6407.8,662,847429920,13522,13950,7083.4,5795.8,6439.6,6422.2,0.0,6400,0.0,0,0,2017-04-19,34405100,6401.6,2,0,0,0,0,0,0,0,0,6402.8,1,0,0,0,0,0,0,0,0
394,2017-04-19,09:33:25,600,IC1704,CCFX,6403.0,6392.6,6407.8,662,847429920,13522,13950,7083.4,5795.8,6439.6,6422.2,0.0,6400,0.0,0,0,2017-04-19,34405600,6401.6,2,0,0,0,0,0,0,0,0,6402.8,1,0,0,0,0,0,0,0,0
395,2017-04-19,09:33:26,100,IC1704,CCFX,6401.6,6392.6,6407.8,663,848710240,13522,13950,7083.4,5795.8,6439.6,6422.2,0.0,6400,0.0,0,0,2017-04-19,34406100,6401.6,1,0,0,0,0,0,0,0,0,6403.8,1,0,0,0,0,0,0,0,0
396,2017-04-19,09:33:26,600,IC1704,CCFX,6401.6,6392.6,6407.8,664,849990560,13522,13950,7083.4,5795.8,6439.6,6422.2,0.0,6400,0.0,0,0,2017-04-19,34406600,6401.0,1,0,0,0,0,0,0,0,0,6401.6,4,0,0,0,0,0,0,0,0
397,2017-04-19,09:33:27,100,IC1704,CCFX,6403.4,6392.6,6407.8,669,856392520,13525,13950,7083.4,5795.8,6439.6,6422.2,0.0,6400,0.0,0,0,2017-04-19,34407100,6401.6,1,0,0,0,0,0,0,0,0,6403.8,1,0,0,0,0,0,0,0,0
398,2017-04-19,09:33:27,600,IC1704,CCFX,6403.8,6392.6,6407.8,670,857673280,13524,13950,7083.4,5795.8,6439.6,6422.2,0.0,6400,0.0,0,0,2017-04-19,34407600,6404.0,4,0,0,0,0,0,0,0,0,6404.4,4,0,0,0,0,0,0,0,0
399,2017-04-19,09:33:28,100,IC1704,CCFX,6404.4,6392.6,6407.8,674,862796800,13522,13950,7083.4,5795.8,6439.6,6422.2,0.0,6400,0.0,0,0,2017-04-19,34408100,6404.2,1,0,0,0,0,0,0,0,0,6405.0,1,0,0,0,0,0,0,0,0
400,2017-04-19,09:33:28,600,IC1704,CCFX,6404.2,6392.6,6407.8,679,869201600,13521,13950,7083.4,5795.8,6439.6,6422.2,0.0,6400,0.0,0,0,2017-04-19,34408600,6404.0,4,0,0,0,0,0,0,0,0,6404.2,2,0,0,0,0,0,0,0,0
401,2017-04-19,09:33:29,100,IC1704,CCFX,6404.2,6392.6,6407.8,681,871763280,13521,13950,7083.4,5795.8,6439.6,6422.2,0.0,6400,0.0,0,0,2017-04-19,34409100,6404.6,1,0,0,0,0,0,0,0,0,6404.8,1,0,0,0,0,0,0,0,0
402,2017-04-19,09:33:29,600,IC1704,CCFX,6404.8,6392.6,6407.8,683,874325200,13519,13950,7083.4,5795.8,6439.6,6422.2,0.0,6400,0.0,0,0,2017-04-19,34409600,6404.0,4,0,0,0,0,0,0,0,0,6404.4,2,0,0,0,0,0,0,0,0
403,2017-04-19,09:33:30,100,IC1704,CCFX,6404.4,6392.6,6407.8,685,876886960,13517,13950,7083.4,5795.8,6439.6,6422.2,0.0,6400,0.0,0,0,2017-04-19,34410100,6404.2,1,0,0,0,0,0,0,0,0,6406.0,1,0,0,0,0,0,0,0,0
404,2017-04-19,09:33:30,600,IC1704,CCFX,6404.2,6392.6,6407.8,687,879448680,13517,13950,7083.4,5795.8,6439.6,6422.2,0.0,6400,0.0,0,0,2017-04-19,34410600,6404.0,4,0,0,0,0,0,0,0,0,6404.2,3,0,0,0,0,0,0,0,0
405,2017-04-19,09:33:31,100,IC1704,CCFX,6404.2,6392.6,6407.8,690,883291200,13517,13950,7083.4,5795.8,6439.6,6422.2,0.0,6400,0.0,0,0,2017-04-19,34411100,6404.6,1,0,0,0,0,0,0,0,0,6406.0,1,0,0,0,0,0,0,0,0
406,2017-04-19,09:33:31,600,IC1704,CCFX,6404.2,6392.6,6407.8,690,883291200,13517,13950,7083.4,5795.8,6439.6,6422.2,0.0,6400,0.0,0,0,2017-04-19,34411600,6404.6,1,0,0,0,0,0,0,0,0,6406.0,1,0,0,0,0,0,0,0,0
407,2017-04-19,09:33:32,100,IC1704,CCFX,6404.6,6392.6,6407.8,691,884572120,13516,13950,7083.4,5795.8,6439.6,6422.2,0.0,6400,0.0,0,0,2017-04-19,34412100,6404.2,1,0,0,0,0,0,0,0,0,6406.0,1,0,0,0,0,0,0,0,0
408,2017-04-19,09:33:32,600,IC1704,CCFX,6404.6,6392.6,6407.8,691,884572120,13516,13950,7083.4,5795.8,6439.6,6422.2,0.0,6400,0.0,0,0,2017-04-19,34412600,6404.4,1,0,0,0,0,0,0,0,0,6406.0,1,0,0,0,0,0,0,0,0
409,2017-04-19,09:33:33,100,IC1704,CCFX,6404.6,6392.6,6407.8,691,884572120,13516,13950,7083.4,5795.8,6439.6,6422.2,0.0,6400,0.0,0,0,2017-04-19,34413100,6404.4,2,0,0,0,0,0,0,0,0,6406.0,3,0,0,0,0,0,0,0,0
410,2017-04-19,09:33:33,600,IC1704,CCFX,6404.6,6392.6,6407.8,691,884572120,13516,13950,7083.4,5795.8,6439.6,6422.2,0.0,6400,0.0,0,0,2017-04-19,34413600,6404.6,1,0,0,0,0,0,0,0,0,6406.0,3,0,0,0,0,0,0,0,0
411,2017-04-19,09:33:34,100,IC1704,CCFX,6404.6,6392.6,6407.8,694,888415440,13515,13950,7083.4,5795.8,6439.6,6422.2,0.0,6400,0.0,0,0,2017-04-19,34414100,6404.4,2,0,0,0,0,0,0,0,0,6406.0,1,0,0,0,0,0,0,0,0
412,2017-04-19,09:33:34,600,IC1704,CCFX,6404.6,6392.6,6407.8,694,888415440,13515,13950,7083.4,5795.8,6439.6,6422.2,0.0,6400,0.0,0,0,2017-04-19,34414600,6404.4,1,0,0,0,0,0,0,0,0,6406.0,1,0,0,0,0,0,0,0,0
413,2017-04-19,09:33:35,600,IC1704,CCFX,6408.4,6392.6,6408.4,699,894823160,13512,13950,7083.4,5795.8,6439.6,6422.2,0.0,6400,0.0,0,0,2017-04-19,34415600,6404.4,1,0,0,0,0,0,0,0,0,6408.8,1,0,0,0,0,0,0,0,0
414,2017-04-19,09:33:36,100,IC1704,CCFX,6406.0,6392.6,6408.4,700,896104360,13511,13950,7083.4,5795.8,6439.6,6422.2,0.0,6400,0.0,0,0,2017-04-19,34416100,6406.0,1,0,0,0,0,0,0,0,0,6408.4,1,0,0,0,0,0,0,0,0
415,2017-04-19,09:33:36,600,IC1704,CCFX,6406.0,6392.6,6408.4,700,896104360,13511,13950,7083.4,5795.8,6439.6,6422.2,0.0,6400,0.0,0,0,2017-04-19,34416600,6406.0,1,0,0,0,0,0,0,0,0,6406.8,2,0,0,0,0,0,0,0,0
416,2017-04-19,09:33:37,100,IC1704,CCFX,6406.0,6392.6,6408.4,700,896104360,13511,13950,7083.4,5795.8,6439.6,6422.2,0.0,6400,0.0,0,0,2017-04-19,34417100,6406.0,1,0,0,0,0,0,0,0,0,6408.4,1,0,0,0,0,0,0,0,0
417,2017-04-19,09:33:37,600,IC1704,CCFX,6406.0,6392.6,6408.4,700,896104360,13511,13950,7083.4,5795.8,6439.6,6422.2,0.0,6400,0.0,0,0,2017-04-19,34417600,6406.0,1,0,0,0,0,0,0,0,0,6406.6,2,0,0,0,0,0,0,0,0
418,2017-04-19,09:33:38,100,IC1704,CCFX,6406.0,6392.6,6408.4,700,896104360,13511,13950,7083.4,5795.8,6439.6,6422.2,0.0,6400,0.0,0,0,2017-04-19,34418100,6406.0,1,0,0,0,0,0,0,0,0,6408.6,1,0,0,0,0,0,0,0,0
419,2017-04-19,09:33:38,600,IC1704,CCFX,6406.0,6392.6,6408.4,700,896104360,13511,13950,7083.4,5795.8,6439.6,6422.2,0.0,6400,0.0,0,0,2017-04-19,34418600,6406.0,1,0,0,0,0,0,0,0,0,6406.6,1,0,0,0,0,0,0,0,0
420,2017-04-19,09:33:39,100,IC1704,CCFX,6406.6,6392.6,6408.4,702,898666880,13510,13950,7083.4,5795.8,6439.6,6422.2,0.0,6400,0.0,0,0,2017-04-19,34419100,6406.4,1,0,0,0,0,0,0,0,0,6408.6,1,0,0,0,0,0,0,0,0
421,2017-04-19,09:33:39,600,IC1704,CCFX,6406.6,6392.6,6408.4,702,898666880,13510,13950,7083.4,5795.8,6439.6,6422.2,0.0,6400,0.0,0,0,2017-04-19,34419600,6405.8,1,0,0,0,0,0,0,0,0,6406.6,1,0,0,0,0,0,0,0,0
422,2017-04-19,09:33:40,100,IC1704,CCFX,6405.8,6392.6,6408.4,703,899948040,13509,13950,7083.4,5795.8,6439.6,6422.2,0.0,6400,0.0,0,0,2017-04-19,34420100,6404.0,4,0,0,0,0,0,0,0,0,6405.4,1,0,0,0,0,0,0,0,0
423,2017-04-19,09:33:40,600,IC1704,CCFX,6405.4,6392.6,6408.4,704,901229120,13508,13950,7083.4,5795.8,6439.6,6422.2,0.0,6400,0.0,0,0,2017-04-19,34420600,6408.6,1,0,0,0,0,0,0,0,0,6409.0,2,0,0,0,0,0,0,0,0
424,2017-04-19,09:33:41,100,IC1704,CCFX,6408.6,6392.6,6408.6,706,903792560,13506,13950,7083.4,5795.8,6439.6,6422.2,0.0,6400,0.0,0,0,2017-04-19,34421100,6405.4,1,0,0,0,0,0,0,0,0,6406.6,1,0,0,0,0,0,0,0,0
425,2017-04-19,09:33:41,600,IC1704,CCFX,6405.4,6392.6,6408.6,707,905073640,13506,13950,7083.4,5795.8,6439.6,6422.2,0.0,6400,0.0,0,0,2017-04-19,34421600,6404.4,1,0,0,0,0,0,0,0,0,6405.4,4,0,0,0,0,0,0,0,0
426,2017-04-19,09:33:42,100,IC1704,CCFX,6405.4,6392.6,6408.6,708,906354720,13506,13950,7083.4,5795.8,6439.6,6422.2,0.0,6400,0.0,0,0,2017-04-19,34422100,6404.4,1,0,0,0,0,0,0,0,0,6405.4,3,0,0,0,0,0,0,0,0
427,2017-04-19,09:33:42,600,IC1704,CCFX,6405.4,6392.6,6408.6,711,910197960,13506,13950,7083.4,5795.8,6439.6,6422.2,0.0,6400,0.0,0,0,2017-04-19,34422600,6404.8,1,0,0,0,0,0,0,0,0,6408.4,2,0,0,0,0,0,0,0,0
428,2017-04-19,09:33:43,100,IC1704,CCFX,6405.4,6392.6,6408.6,711,910197960,13506,13950,7083.4,5795.8,6439.6,6422.2,0.0,6400,0.0,0,0,2017-04-19,34423100,6405.2,2,0,0,0,0,0,0,0,0,6408.0,1,0,0,0,0,0,0,0,0
429,2017-04-19,09:33:43,600,IC1704,CCFX,6405.4,6392.6,6408.6,711,910197960,13506,13950,7083.4,5795.8,6439.6,6422.2,0.0,6400,0.0,0,0,2017-04-19,34423600,6405.2,2,0,0,0,0,0,0,0,0,6408.0,1,0,0,0,0,0,0,0,0
430,2017-04-19,09:33:44,100,IC1704,CCFX,6405.4,6392.6,6408.6,711,910197960,13506,13950,7083.4,5795.8,6439.6,6422.2,0.0,6400,0.0,0,0,2017-04-19,34424100,6405.2,2,0,0,0,0,0,0,0,0,6407.4,1,0,0,0,0,0,0,0,0
431,2017-04-19,09:33:44,600,IC1704,CCFX,6407.4,6392.6,6408.6,712,911479440,13505,13950,7083.4,5795.8,6439.6,6422.2,0.0,6400,0.0,0,0,2017-04-19,34424600,6405.4,1,0,0,0,0,0,0,0,0,6408.0,1,0,0,0,0,0,0,0,0
432,2017-04-19,09:33:45,100,IC1704,CCFX,6407.4,6392.6,6408.6,712,911479440,13505,13950,7083.4,5795.8,6439.6,6422.2,0.0,6400,0.0,0,0,2017-04-19,34425100,6405.8,1,0,0,0,0,0,0,0,0,6406.6,1,0,0,0,0,0,0,0,0
433,2017-04-19,09:33:45,600,IC1704,CCFX,6407.8,6392.6,6408.6,714,914042320,13504,13950,7083.4,5795.8,6439.6,6422.2,0.0,6400,0.0,0,0,2017-04-19,34425600,6406.2,1,0,0,0,0,0,0,0,0,6408.4,2,0,0,0,0,0,0,0,0
434,2017-04-19,09:33:46,100,IC1704,CCFX,6407.8,6392.6,6408.6,714,914042320,13504,13950,7083.4,5795.8,6439.6,6422.2,0.0,6400,0.0,0,0,2017-04-19,34426100,6406.2,1,0,0,0,0,0,0,0,0,6408.4,2,0,0,0,0,0,0,0,0
435,2017-04-19,09:33:46,600,IC1704,CCFX,6407.8,6392.6,6408.6,714,914042320,13504,13950,7083.4,5795.8,6439.6,6422.2,0.0,6400,0.0,0,0,2017-04-19,34426600,6406.2,1,0,0,0,0,0,0,0,0,6406.6,1,0,0,0,0,0,0,0,0
436,2017-04-19,09:33:47,100,IC1704,CCFX,6407.8,6392.6,6408.6,714,914042320,13504,13950,7083.4,5795.8,6439.6,6422.2,0.0,6400,0.0,0,0,2017-04-19,34427100,6406.2,1,0,0,0,0,0,0,0,0,6408.4,2,0,0,0,0,0,0,0,0
437,2017-04-19,09:33:47,600,IC1704,CCFX,6407.8,6392.6,6408.6,714,914042320,13504,13950,7083.4,5795.8,6439.6,6422.2,0.0,6400,0.0,0,0,2017-04-19,34427600,6406.2,1,0,0,0,0,0,0,0,0,6408.2,1,0,0,0,0,0,0,0,0
438,2017-04-19,09:33:48,100,IC1704,CCFX,6406.2,6392.6,6408.6,716,916604800,13502,13950,7083.4,5795.8,6439.6,6422.2,0.0,6400,0.0,0,0,2017-04-19,34428100,6405.6,2,0,0,0,0,0,0,0,0,6408.2,1,0,0,0,0,0,0,0,0
439,2017-04-19,09:33:48,600,IC1704,CCFX,6406.2,6392.6,6408.6,717,917886040,13501,13950,7083.4,5795.8,6439.6,6422.2,0.0,6400,0.0,0,0,2017-04-19,34428600,6405.6,2,0,0,0,0,0,0,0,0,6406.4,2,0,0,0,0,0,0,0,0
440,2017-04-19,09:33:49,100,IC1704,CCFX,6408.0,6392.6,6408.6,721,923011120,13498,13950,7083.4,5795.8,6439.6,6422.2,0.0,6400,0.0,0,0,2017-04-19,34429100,6407.0,1,0,0,0,0,0,0,0,0,6408.0,1,0,0,0,0,0,0,0,0
441,2017-04-19,09:33:49,600,IC1704,CCFX,6407.0,6392.6,6408.6,723,925573920,13496,13950,7083.4,5795.8,6439.6,6422.2,0.0,6400,0.0,0,0,2017-04-19,34429600,6406.4,1,0,0,0,0,0,0,0,0,6406.8,1,0,0,0,0,0,0,0,0
442,2017-04-19,09:33:50,100,IC1704,CCFX,6405.0,6392.6,6408.6,726,929417200,13494,13950,7083.4,5795.8,6439.6,6422.2,0.0,6400,0.0,0,0,2017-04-19,34430100,6404.2,1,0,0,0,0,0,0,0,0,6406.0,1,0,0,0,0,0,0,0,0
443,2017-04-19,09:33:50,600,IC1704,CCFX,6405.0,6392.6,6408.6,726,929417200,13494,13950,7083.4,5795.8,6439.6,6422.2,0.0,6400,0.0,0,0,2017-04-19,34430600,6406.2,1,0,0,0,0,0,0,0,0,6406.4,1,0,0,0,0,0,0,0,0
444,2017-04-19,09:33:51,100,IC1704,CCFX,6405.0,6392.6,6408.6,726,929417200,13494,13950,7083.4,5795.8,6439.6,6422.2,0.0,6400,0.0,0,0,2017-04-19,34431100,6406.2,1,0,0,0,0,0,0,0,0,6408.4,2,0,0,0,0,0,0,0,0
445,2017-04-19,09:33:51,600,IC1704,CCFX,6406.2,6392.6,6408.6,727,930698440,13493,13950,7083.4,5795.8,6439.6,6422.2,0.0,6400,0.0,0,0,2017-04-19,34431600,6404.2,1,0,0,0,0,0,0,0,0,6408.2,3,0,0,0,0,0,0,0,0
446,2017-04-19,09:33:52,100,IC1704,CCFX,6406.2,6392.6,6408.6,727,930698440,13493,13950,7083.4,5795.8,6439.6,6422.2,0.0,6400,0.0,0,0,2017-04-19,34432100,6404.6,1,0,0,0,0,0,0,0,0,6407.8,1,0,0,0,0,0,0,0,0
447,2017-04-19,09:33:52,600,IC1704,CCFX,6406.2,6392.6,6408.6,727,930698440,13493,13950,7083.4,5795.8,6439.6,6422.2,0.0,6400,0.0,0,0,2017-04-19,34432600,6404.6,1,0,0,0,0,0,0,0,0,6407.8,1,0,0,0,0,0,0,0,0
448,2017-04-19,09:33:53,100,IC1704,CCFX,6406.2,6392.6,6408.6,727,930698440,13493,13950,7083.4,5795.8,6439.6,6422.2,0.0,6400,0.0,0,0,2017-04-19,34433100,6404.8,1,0,0,0,0,0,0,0,0,6407.6,1,0,0,0,0,0,0,0,0
449,2017-04-19,09:33:53,600,IC1704,CCFX,6406.2,6392.6,6408.6,727,930698440,13493,13950,7083.4,5795.8,6439.6,6422.2,0.0,6400,0.0,0,0,2017-04-19,34433600,6404.8,1,0,0,0,0,0,0,0,0,6407.6,2,0,0,0,0,0,0,0,0
450,2017-04-19,09:33:54,600,IC1704,CCFX,6404.8,6392.6,6408.6,729,933260360,13492,13950,7083.4,5795.8,6439.6,6422.2,0.0,6400,0.0,0,0,2017-04-19,34434600,6404.6,2,0,0,0,0,0,0,0,0,6404.8,1,0,0,0,0,0,0,0,0
451,2017-04-19,09:33:55,100,IC1704,CCFX,6407.6,6392.6,6408.6,732,937103800,13489,13950,7083.4,5795.8,6439.6,6422.2,0.0,6400,0.0,0,0,2017-04-19,34435100,6406.2,1,0,0,0,0,0,0,0,0,6407.6,1,0,0,0,0,0,0,0,0
452,2017-04-19,09:33:55,600,IC1704,CCFX,6407.8,6392.6,6408.6,734,939666880,13488,13950,7083.4,5795.8,6439.6,6422.2,0.0,6400,0.0,0,0,2017-04-19,34435600,6406.2,1,0,0,0,0,0,0,0,0,6408.2,1,0,0,0,0,0,0,0,0
453,2017-04-19,09:33:56,100,IC1704,CCFX,6407.8,6392.6,6408.6,734,939666880,13488,13950,7083.4,5795.8,6439.6,6422.2,0.0,6400,0.0,0,0,2017-04-19,34436100,6406.2,1,0,0,0,0,0,0,0,0,6407.8,1,0,0,0,0,0,0,0,0
454,2017-04-19,09:33:56,600,IC1704,CCFX,6406.2,6392.6,6408.6,735,940948120,13488,13950,7083.4,5795.8,6439.6,6422.2,0.0,6400,0.0,0,0,2017-04-19,34436600,6405.0,1,0,0,0,0,0,0,0,0,6406.2,1,0,0,0,0,0,0,0,0
455,2017-04-19,09:33:57,100,IC1704,CCFX,6406.2,6392.6,6408.6,736,942229360,13487,13950,7083.4,5795.8,6439.6,6422.2,0.0,6400,0.0,0,0,2017-04-19,34437100,6405.0,1,0,0,0,0,0,0,0,0,6407.4,1,0,0,0,0,0,0,0,0
456,2017-04-19,09:33:57,600,IC1704,CCFX,6406.2,6392.6,6408.6,736,942229360,13487,13950,7083.4,5795.8,6439.6,6422.2,0.0,6400,0.0,0,0,2017-04-19,34437600,6405.2,1,0,0,0,0,0,0,0,0,6407.4,1,0,0,0,0,0,0,0,0
457,2017-04-19,09:33:58,100,IC1704,CCFX,6405.0,6392.6,6408.6,739,946073320,13485,13950,7083.4,5795.8,6439.6,6422.2,0.0,6400,0.0,0,0,2017-04-19,34438100,6404.8,1,0,0,0,0,0,0,0,0,6407.8,2,0,0,0,0,0,0,0,0
458,2017-04-19,09:33:58,600,IC1704,CCFX,6405.0,6392.6,6408.6,739,946073320,13485,13950,7083.4,5795.8,6439.6,6422.2,0.0,6400,0.0,0,0,2017-04-19,34438600,6405.2,1,0,0,0,0,0,0,0,0,6407.8,2,0,0,0,0,0,0,0,0
459,2017-04-19,09:34:00,100,IC1704,CCFX,6405.0,6392.6,6408.6,739,946073320,13485,13950,7083.4,5795.8,6439.6,6422.2,0.0,6400,0.0,0,0,2017-04-19,34440100,6405.2,2,0,0,0,0,0,0,0,0,6407.8,2,0,0,0,0,0,0,0,0
460,2017-04-19,09:34:00,600,IC1704,CCFX,6407.8,6392.6,6408.6,741,948636440,13485,13950,7083.4,5795.8,6439.6,6422.2,0.0,6400,0.0,0,0,2017-04-19,34440600,6405.2,2,0,0,0,0,0,0,0,0,6408.2,1,0,0,0,0,0,0,0,0
461,2017-04-19,09:34:01,100,IC1704,CCFX,6407.8,6392.6,6408.6,741,948636440,13485,13950,7083.4,5795.8,6439.6,6422.2,0.0,6400,0.0,0,0,2017-04-19,34441100,6405.4,1,0,0,0,0,0,0,0,0,6407.8,1,0,0,0,0,0,0,0,0
462,2017-04-19,09:34:01,600,IC1704,CCFX,6407.8,6392.6,6408.6,741,948636440,13485,13950,7083.4,5795.8,6439.6,6422.2,0.0,6400,0.0,0,0,2017-04-19,34441600,6405.4,1,0,0,0,0,0,0,0,0,6407.6,1,0,0,0,0,0,0,0,0
463,2017-04-19,09:34:02,100,IC1704,CCFX,6407.8,6392.6,6408.6,741,948636440,13485,13950,7083.4,5795.8,6439.6,6422.2,0.0,6400,0.0,0,0,2017-04-19,34442100,6405.4,1,0,0,0,0,0,0,0,0,6407.6,1,0,0,0,0,0,0,0,0
464,2017-04-19,09:34:03,100,IC1704,CCFX,6407.6,6392.6,6408.6,742,949917960,13485,13950,7083.4,5795.8,6439.6,6422.2,0.0,6400,0.0,0,0,2017-04-19,34443100,6405.4,2,0,0,0,0,0,0,0,0,6407.6,1,0,0,0,0,0,0,0,0
465,2017-04-19,09:34:03,600,IC1704,CCFX,6407.8,6392.6,6408.6,744,952481040,13485,13950,7083.4,5795.8,6439.6,6422.2,0.0,6400,0.0,0,0,2017-04-19,34443600,6405.4,2,0,0,0,0,0,0,0,0,6407.8,1,0,0,0,0,0,0,0,0
466,2017-04-19,09:34:04,100,IC1704,CCFX,6407.8,6392.6,6408.6,744,952481040,13485,13950,7083.4,5795.8,6439.6,6422.2,0.0,6400,0.0,0,0,2017-04-19,34444100,6405.4,3,0,0,0,0,0,0,0,0,6407.6,1,0,0,0,0,0,0,0,0
467,2017-04-19,09:34:04,600,IC1704,CCFX,6407.6,6392.6,6408.6,745,953762560,13484,13950,7083.4,5795.8,6439.6,6422.2,0.0,6400,0.0,0,0,2017-04-19,34444600,6405.4,3,0,0,0,0,0,0,0,0,6407.8,1,0,0,0,0,0,0,0,0
468,2017-04-19,09:34:05,100,IC1704,CCFX,6407.6,6392.6,6408.6,745,953762560,13484,13950,7083.4,5795.8,6439.6,6422.2,0.0,6400,0.0,0,0,2017-04-19,34445100,6405.6,1,0,0,0,0,0,0,0,0,6407.8,1,0,0,0,0,0,0,0,0
469,2017-04-19,09:34:05,600,IC1704,CCFX,6408.2,6392.6,6408.6,749,958888040,13482,13950,7083.4,5795.8,6439.6,6422.2,0.0,6400,0.0,0,0,2017-04-19,34445600,6405.4,3,0,0,0,0,0,0,0,0,6408.4,1,0,0,0,0,0,0,0,0
470,2017-04-19,09:34:06,100,IC1704,CCFX,6408.2,6392.6,6408.6,750,960169680,13482,13950,7083.4,5795.8,6439.6,6422.2,0.0,6400,0.0,0,0,2017-04-19,34446100,6405.4,3,0,0,0,0,0,0,0,0,6408.0,1,0,0,0,0,0,0,0,0
471,2017-04-19,09:34:07,100,IC1704,CCFX,6408.2,6392.6,6408.6,750,960169680,13482,13950,7083.4,5795.8,6439.6,6422.2,0.0,6400,0.0,0,0,2017-04-19,34447100,6405.4,3,0,0,0,0,0,0,0,0,6408.0,1,0,0,0,0,0,0,0,0
472,2017-04-19,09:34:07,600,IC1704,CCFX,6408.2,6392.6,6408.6,750,960169680,13482,13950,7083.4,5795.8,6439.6,6422.2,0.0,6400,0.0,0,0,2017-04-19,34447600,6405.4,3,0,0,0,0,0,0,0,0,6408.0,2,0,0,0,0,0,0,0,0
473,2017-04-19,09:34:08,100,IC1704,CCFX,6408.2,6392.6,6408.6,750,960169680,13482,13950,7083.4,5795.8,6439.6,6422.2,0.0,6400,0.0,0,0,2017-04-19,34448100,6405.4,2,0,0,0,0,0,0,0,0,6406.4,1,0,0,0,0,0,0,0,0
474,2017-04-19,09:34:08,600,IC1704,CCFX,6408.2,6392.6,6408.6,750,960169680,13482,13950,7083.4,5795.8,6439.6,6422.2,0.0,6400,0.0,0,0,2017-04-19,34448600,6405.4,2,0,0,0,0,0,0,0,0,6408.0,2,0,0,0,0,0,0,0,0
475,2017-04-19,09:34:09,100,IC1704,CCFX,6408.2,6392.6,6408.6,750,960169680,13482,13950,7083.4,5795.8,6439.6,6422.2,0.0,6400,0.0,0,0,2017-04-19,34449100,6405.6,1,0,0,0,0,0,0,0,0,6407.8,1,0,0,0,0,0,0,0,0
476,2017-04-19,09:34:09,600,IC1704,CCFX,6408.2,6392.6,6408.6,750,960169680,13482,13950,7083.4,5795.8,6439.6,6422.2,0.0,6400,0.0,0,0,2017-04-19,34449600,6405.6,1,0,0,0,0,0,0,0,0,6408.0,5,0,0,0,0,0,0,0,0
477,2017-04-19,09:34:10,100,IC1704,CCFX,6408.2,6392.6,6408.6,754,965296240,13478,13950,7083.4,5795.8,6439.6,6422.2,0.0,6400,0.0,0,0,2017-04-19,34450100,6405.6,1,0,0,0,0,0,0,0,0,6408.0,1,0,0,0,0,0,0,0,0
478,2017-04-19,09:34:10,600,IC1704,CCFX,6408.2,6392.6,6408.6,754,965296240,13478,13950,7083.4,5795.8,6439.6,6422.2,0.0,6400,0.0,0,0,2017-04-19,34450600,6405.8,1,0,0,0,0,0,0,0,0,6407.8,1,0,0,0,0,0,0,0,0
479,2017-04-19,09:34:11,100,IC1704,CCFX,6408.2,6392.6,6408.6,754,965296240,13478,13950,7083.4,5795.8,6439.6,6422.2,0.0,6400,0.0,0,0,2017-04-19,34451100,6405.8,1,0,0,0,0,0,0,0,0,6407.8,1,0,0,0,0,0,0,0,0
480,2017-04-19,09:34:11,600,IC1704,CCFX,6407.8,6392.6,6408.6,755,966577800,13479,13950,7083.4,5795.8,6439.6,6422.2,0.0,6400,0.0,0,0,2017-04-19,34451600,6405.8,1,0,0,0,0,0,0,0,0,6408.0,1,0,0,0,0,0,0,0,0
481,2017-04-19,09:34:12,100,IC1704,CCFX,6408.0,6392.6,6408.6,756,967859400,13479,13950,7083.4,5795.8,6439.6,6422.2,0.0,6400,0.0,0,0,2017-04-19,34452100,6405.8,1,0,0,0,0,0,0,0,0,6408.4,1,0,0,0,0,0,0,0,0
482,2017-04-19,09:34:12,600,IC1704,CCFX,6408.0,6392.6,6408.6,756,967859400,13479,13950,7083.4,5795.8,6439.6,6422.2,0.0,6400,0.0,0,0,2017-04-19,34452600,6406.2,1,0,0,0,0,0,0,0,0,6408.4,1,0,0,0,0,0,0,0,0
483,2017-04-19,09:34:14,100,IC1704,CCFX,6408.0,6392.6,6408.6,756,967859400,13479,13950,7083.4,5795.8,6439.6,6422.2,0.0,6400,0.0,0,0,2017-04-19,34454100,6406.2,1,0,0,0,0,0,0,0,0,6408.4,1,0,0,0,0,0,0,0,0
484,2017-04-19,09:34:14,600,IC1704,CCFX,6408.0,6392.6,6408.6,756,967859400,13479,13950,7083.4,5795.8,6439.6,6422.2,0.0,6400,0.0,0,0,2017-04-19,34454600,6406.2,2,0,0,0,0,0,0,0,0,6408.2,1,0,0,0,0,0,0,0,0
485,2017-04-19,09:34:15,100,IC1704,CCFX,6408.0,6392.6,6408.6,756,967859400,13479,13950,7083.4,5795.8,6439.6,6422.2,0.0,6400,0.0,0,0,2017-04-19,34455100,6406.2,2,0,0,0,0,0,0,0,0,6406.8,1,0,0,0,0,0,0,0,0
486,2017-04-19,09:34:15,600,IC1704,CCFX,6407.6,6392.6,6408.6,757,969140920,13478,13950,7083.4,5795.8,6439.6,6422.2,0.0,6400,0.0,0,0,2017-04-19,34455600,6408.0,1,0,0,0,0,0,0,0,0,6408.2,1,0,0,0,0,0,0,0,0
487,2017-04-19,09:34:16,100,IC1704,CCFX,6406.2,6392.6,6408.6,760,972985000,13477,13950,7083.4,5795.8,6439.6,6422.2,0.0,6400,0.0,0,0,2017-04-19,34456100,6406.0,1,0,0,0,0,0,0,0,0,6407.2,1,0,0,0,0,0,0,0,0
488,2017-04-19,09:34:16,600,IC1704,CCFX,6406.2,6392.6,6408.6,760,972985000,13477,13950,7083.4,5795.8,6439.6,6422.2,0.0,6400,0.0,0,0,2017-04-19,34456600,6406.0,1,0,0,0,0,0,0,0,0,6406.2,1,0,0,0,0,0,0,0,0
489,2017-04-19,09:34:17,100,IC1704,CCFX,6406.0,6392.6,6408.6,761,974266200,13476,13950,7083.4,5795.8,6439.6,6422.2,0.0,6400,0.0,0,0,2017-04-19,34457100,6405.6,1,0,0,0,0,0,0,0,0,6407.8,2,0,0,0,0,0,0,0,0
490,2017-04-19,09:34:17,600,IC1704,CCFX,6406.4,6392.6,6408.6,763,976828720,13476,13950,7083.4,5795.8,6439.6,6422.2,0.0,6400,0.0,0,0,2017-04-19,34457600,6405.6,1,0,0,0,0,0,0,0,0,6407.6,1,0,0,0,0,0,0,0,0
491,2017-04-19,09:34:18,100,IC1704,CCFX,6406.4,6392.6,6408.6,763,976828720,13476,13950,7083.4,5795.8,6439.6,6422.2,0.0,6400,0.0,0,0,2017-04-19,34458100,6405.6,1,0,0,0,0,0,0,0,0,6406.2,1,0,0,0,0,0,0,0,0
492,2017-04-19,09:34:18,600,IC1704,CCFX,6406.4,6392.6,6408.6,763,976828720,13476,13950,7083.4,5795.8,6439.6,6422.2,0.0,6400,0.0,0,0,2017-04-19,34458600,6405.6,1,0,0,0,0,0,0,0,0,6407.6,1,0,0,0,0,0,0,0,0
