,dataDate,dataTime,dataMillisec,instrumentID,exchangeCD,lastPrice,lowPrice,highPrice,volume,value,openInterest,preOpenInterest,upperLimitPrice,lowerLimitPrice,preSettlementPrice,prevClosePrice,settlementPrice,openPrice,closePrice,preDelta,currDelta,clearingDay,milliSecOffset,bidPrice1,bidVolume1,bidPrice2,bidVolume2,bidPrice3,bidVolume3,bidPrice4,bidVolume4,bidPrice5,bidVolume5,askPrice1,askVolume1,askPrice2,askVolume2,askPrice3,askVolume3,askPrice4,askVolume4,askPrice5,askVolume5
0,2017-04-19,00:00:00,0,IF1704,CCFX,3462.6,0.0,0.0,0,0,19123,19123,0,0,3471,3462.6,0.0,0.0,0,0,0,2017-04-19,0,0.0,0,0,0,0,0,0,0,0,0,0.0,0,0,0,0,0,0,0,0,0
1,2017-04-19,07:03:20,100,IF1704,CCFX,3462.6,0.0,0.0,0,0,19123,19123,3818,3124,3471,3462.6,0.0,0.0,0,0,0,2017-04-19,25400100,0.0,0,0,0,0,0,0,0,0,0,0.0,0,0,0,0,0,0,0,0,0
2,2017-04-19,09:29:00,100,IF1704,CCFX,3459.2,3459.2,3459.2,39,40472640,19101,19123,3818,3124,3471,3462.6,0.0,3459.2,0,0,0,2017-04-19,34140100,3459.0,1,0,0,0,0,0,0,0,0,3459.6,2,0,0,0,0,0,0,0,0
3,2017-04-19,09:30:00,100,IF1704,CCFX,3459.0,3459.0,3459.6,42,43585920,19100,19123,3818,3124,3471,3462.6,0.0,3459.2,0,0,0,2017-04-19,34200100,3458.2,2,0,0,0,0,0,0,0,0,3459.4,3,0,0,0,0,0,0,0,0
4,2017-04-19,09:30:00,600,IF1704,CCFX,3458.0,3457.0,3459.6,50,51884580,19096,19123,3818,3124,3471,3462.6,0.0,3459.2,0,0,0,2017-04-19,34200600,3456.6,2,0,0,0,0,0,0,0,0,3458.2,1,0,0,0,0,0,0,0,0
5,2017-04-19,09:30:01,100,IF1704,CCFX,3456.8,3456.6,3459.6,58,60182280,19090,19123,3818,3124,3471,3462.6,0.0,3459.2,0,0,0,2017-04-19,34201100,3456.8,1,0,0,0,0,0,0,0,0,3457.8,2,0,0,0,0,0,0,0,0
6,2017-04-19,09:30:01,600,IF1704,CCFX,3456.8,3456.0,3459.6,64,66404100,19085,19123,3818,3124,3471,3462.6,0.0,3459.2,0,0,0,2017-04-19,34201600,3456.0,2,0,0,0,0,0,0,0,0,3456.8,2,0,0,0,0,0,0,0,0
7,2017-04-19,09:30:02,100,IF1704,CCFX,3455.4,3455.0,3459.6,74,76770900,19076,19123,3818,3124,3471,3462.6,0.0,3459.2,0,0,0,2017-04-19,34202100,3455.0,19,0,0,0,0,0,0,0,0,3456.6,1,0,0,0,0,0,0,0,0
8,2017-04-19,09:30:02,600,IF1704,CCFX,3456.4,3455.0,3459.6,90,93355500,19066,19123,3818,3124,3471,3462.6,0.0,3459.2,0,0,0,2017-04-19,34202600,3455.2,1,0,0,0,0,0,0,0,0,3456.6,1,0,0,0,0,0,0,0,0
9,2017-04-19,09:30:03,100,IF1704,CCFX,3455.0,3455.0,3459.6,100,103720920,19058,19123,3818,3124,3471,3462.6,0.0,3459.2,0,0,0,2017-04-19,34203100,3455.2,1,0,0,0,0,0,0,0,0,3456.4,4,0,0,0,0,0,0,0,0
10,2017-04-19,09:30:03,600,IF1704,CCFX,3455.0,3445.0,3459.6,135,139965120,19046,19123,3818,3124,3471,3462.6,0.0,3459.2,0,0,0,2017-04-19,34203600,3445.0,1,0,0,0,0,0,0,0,0,3452.8,4,0,0,0,0,0,0,0,0
11,2017-04-19,09:30:04,100,IF1704,CCFX,3445.8,3445.0,3459.6,154,159632760,19036,19123,3818,3124,3471,3462.6,0.0,3459.2,0,0,0,2017-04-19,34204100,3445.8,4,0,0,0,0,0,0,0,0,3452.0,1,0,0,0,0,0,0,0,0
12,2017-04-19,09:30:04,600,IF1704,CCFX,3452.0,3445.0,3459.6,186,192760020,19012,19123,3818,3124,3471,3462.6,0.0,3459.2,0,0,0,2017-04-19,34204600,3447.8,3,0,0,0,0,0,0,0,0,3454.8,2,0,0,0,0,0,0,0,0
13,2017-04-19,09:30:05,100,IF1704,CCFX,3453.8,3445.0,3459.6,199,206215440,19001,19123,3818,3124,3471,3462.6,0.0,3459.2,0,0,0,2017-04-19,34205100,3448.4,1,0,0,0,0,0,0,0,0,3450.2,2,0,0,0,0,0,0,0,0
14,2017-04-19,09:30:05,600,IF1704,CCFX,3451.4,3445.0,3459.6,210,217608900,18993,19123,3818,3124,3471,3462.6,0.0,3459.2,0,0,0,2017-04-19,34205600,3451.2,2,0,0,0,0,0,0,0,0,3454.0,1,0,0,0,0,0,0,0,0
15,2017-04-19,09:30:06,100,IF1704,CCFX,3453.6,3445.0,3459.6,220,227966280,18990,19123,3818,3124,3471,3462.6,0.0,3459.2,0,0,0,2017-04-19,34206100,3453.6,1,0,0,0,0,0,0,0,0,3454.0,1,0,0,0,0,0,0,0,0
16,2017-04-19,09:30:06,600,IF1704,CCFX,3454.0,3445.0,3459.6,227,235219200,18987,19123,3818,3124,3471,3462.6,0.0,3459.2,0,0,0,2017-04-19,34206600,3452.0,1,0,0,0,0,0,0,0,0,3453.6,1,0,0,0,0,0,0,0,0
17,2017-04-19,09:30:07,100,IF1704,CCFX,3453.6,3445.0,3459.6,233,241435800,18982,19123,3818,3124,3471,3462.6,0.0,3459.2,0,0,0,2017-04-19,34207100,3452.6,1,0,0,0,0,0,0,0,0,3453.4,3,0,0,0,0,0,0,0,0
18,2017-04-19,09:30:07,600,IF1704,CCFX,3452.8,3445.0,3459.6,236,244543800,18979,19123,3818,3124,3471,3462.6,0.0,3459.2,0,0,0,2017-04-19,34207600,3452.8,3,0,0,0,0,0,0,0,0,3453.2,2,0,0,0,0,0,0,0,0
19,2017-04-19,09:30:08,100,IF1704,CCFX,3452.8,3445.0,3459.6,242,250759320,18976,19123,3818,3124,3471,3462.6,0.0,3459.2,0,0,0,2017-04-19,34208100,3450.2,1,0,0,0,0,0,0,0,0,3453.0,1,0,0,0,0,0,0,0,0
20,2017-04-19,09:30:08,600,IF1704,CCFX,3452.8,3445.0,3459.6,245,253866840,18974,19123,3818,3124,3471,3462.6,0.0,3459.2,0,0,0,2017-04-19,34208600,3450.8,1,0,0,0,0,0,0,0,0,3452.8,6,0,0,0,0,0,0,0,0
21,2017-04-19,09:30:09,100,IF1704,CCFX,3452.6,3445.0,3459.6,247,255938280,18973,19123,3818,3124,3471,3462.6,0.0,3459.2,0,0,0,2017-04-19,34209100,3451.0,8,0,0,0,0,0,0,0,0,3452.6,3,0,0,0,0,0,0,0,0
22,2017-04-19,09:30:09,600,IF1704,CCFX,3451.2,3445.0,3459.6,251,260080980,18971,19123,3818,3124,3471,3462.6,0.0,3459.2,0,0,0,2017-04-19,34209600,3451.2,3,0,0,0,0,0,0,0,0,3452.2,1,0,0,0,0,0,0,0,0
23,2017-04-19,09:30:10,100,IF1704,CCFX,3451.4,3445.0,3459.6,257,266293740,18967,19123,3818,3124,3471,3462.6,0.0,3459.2,0,0,0,2017-04-19,34210100,3452.2,8,0,0,0,0,0,0,0,0,3452.8,2,0,0,0,0,0,0,0,0
24,2017-04-19,09:30:10,600,IF1704,CCFX,3452.6,3445.0,3459.6,266,275615700,18959,19123,3818,3124,3471,3462.6,0.0,3459.2,0,0,0,2017-04-19,34210600,3452.8,6,0,0,0,0,0,0,0,0,3453.6,1,0,0,0,0,0,0,0,0
25,2017-04-19,09:30:11,100,IF1704,CCFX,3453.4,3445.0,3459.6,279,289082220,18949,19123,3818,3124,3471,3462.6,0.0,3459.2,0,0,0,2017-04-19,34211100,3452.2,6,0,0,0,0,0,0,0,0,3453.4,1,0,0,0,0,0,0,0,0
26,2017-04-19,09:30:11,600,IF1704,CCFX,3452.4,3445.0,3459.6,284,294261120,18947,19123,3818,3124,3471,3462.6,0.0,3459.2,0,0,0,2017-04-19,34211600,3452.2,6,0,0,0,0,0,0,0,0,3453.4,1,0,0,0,0,0,0,0,0
27,2017-04-19,09:30:12,100,IF1704,CCFX,3452.4,3445.0,3459.6,286,296332500,18946,19123,3818,3124,3471,3462.6,0.0,3459.2,0,0,0,2017-04-19,34212100,3452.2,5,0,0,0,0,0,0,0,0,3453.2,2,0,0,0,0,0,0,0,0
28,2017-04-19,09:30:12,600,IF1704,CCFX,3453.2,3445.0,3459.6,287,297368460,18945,19123,3818,3124,3471,3462.6,0.0,3459.2,0,0,0,2017-04-19,34212600,3452.2,7,0,0,0,0,0,0,0,0,3453.2,3,0,0,0,0,0,0,0,0
29,2017-04-19,09:30:13,100,IF1704,CCFX,3452.2,3445.0,3459.6,289,299440080,18943,19123,3818,3124,3471,3462.6,0.0,3459.2,0,0,0,2017-04-19,34213100,3452.2,6,0,0,0,0,0,0,0,0,3452.4,2,0,0,0,0,0,0,0,0
30,2017-04-19,09:30:13,600,IF1704,CCFX,3452.2,3445.0,3459.6,292,302547060,18940,19123,3818,3124,3471,3462.6,0.0,3459.2,0,0,0,2017-04-19,34213600,3452.2,3,0,0,0,0,0,0,0,0,3452.4,2,0,0,0,0,0,0,0,0
31,2017-04-19,09:30:14,100,IF1704,CCFX,3452.2,3445.0,3459.6,296,306689760,18936,19123,3818,3124,3471,3462.6,0.0,3459.2,0,0,0,2017-04-19,34214100,3452.0,1,0,0,0,0,0,0,0,0,3452.4,1,0,0,0,0,0,0,0,0
32,2017-04-19,09:30:14,600,IF1704,CCFX,3452.4,3445.0,3459.6,298,308761200,18934,19123,3818,3124,3471,3462.6,0.0,3459.2,0,0,0,2017-04-19,34214600,3452.4,5,0,0,0,0,0,0,0,0,3452.8,2,0,0,0,0,0,0,0,0
33,2017-04-19,09:30:15,100,IF1704,CCFX,3452.8,3445.0,3459.6,301,311868600,18934,19123,3818,3124,3471,3462.6,0.0,3459.2,0,0,0,2017-04-19,34215100,3452.8,3,0,0,0,0,0,0,0,0,3453.0,2,0,0,0,0,0,0,0,0
34,2017-04-19,09:30:15,600,IF1704,CCFX,3453.0,3445.0,3459.6,303,313940400,18932,19123,3818,3124,3471,3462.6,0.0,3459.2,0,0,0,2017-04-19,34215600,3453.0,12,0,0,0,0,0,0,0,0,3453.2,3,0,0,0,0,0,0,0,0
35,2017-04-19,09:30:16,100,IF1704,CCFX,3453.2,3445.0,3459.6,306,317048280,18929,19123,3818,3124,3471,3462.6,0.0,3459.2,0,0,0,2017-04-19,34216100,3453.2,4,0,0,0,0,0,0,0,0,3455.0,5,0,0,0,0,0,0,0,0
36,2017-04-19,09:30:16,600,IF1704,CCFX,3453.2,3445.0,3459.6,308,319120200,18927,19123,3818,3124,3471,3462.6,0.0,3459.2,0,0,0,2017-04-19,34216600,3453.4,2,0,0,0,0,0,0,0,0,3454.8,4,0,0,0,0,0,0,0,0
37,2017-04-19,09:30:17,100,IF1704,CCFX,3453.2,3445.0,3459.6,309,320156160,18927,19123,3818,3124,3471,3462.6,0.0,3459.2,0,0,0,2017-04-19,34217100,3453.4,1,0,0,0,0,0,0,0,0,3454.4,1,0,0,0,0,0,0,0,0
38,2017-04-19,09:30:17,600,IF1704,CCFX,3454.4,3445.0,3459.6,310,321192480,18926,19123,3818,3124,3471,3462.6,0.0,3459.2,0,0,0,2017-04-19,34217600,3454.4,1,0,0,0,0,0,0,0,0,3454.8,3,0,0,0,0,0,0,0,0
39,2017-04-19,09:30:18,100,IF1704,CCFX,3454.4,3445.0,3459.6,317,328445460,18919,19123,3818,3124,3471,3462.6,0.0,3459.2,0,0,0,2017-04-19,34218100,3453.4,1,0,0,0,0,0,0,0,0,3454.8,3,0,0,0,0,0,0,0,0
40,2017-04-19,09:30:18,600,IF1704,CCFX,3454.8,3445.0,3459.6,321,332591160,18918,19123,3818,3124,3471,3462.6,0.0,3459.2,0,0,0,2017-04-19,34218600,3454.8,8,0,0,0,0,0,0,0,0,3455.0,5,0,0,0,0,0,0,0,0
41,2017-04-19,09:30:19,100,IF1704,CCFX,3453.4,3445.0,3459.6,333,345028200,18913,19123,3818,3124,3471,3462.6,0.0,3459.2,0,0,0,2017-04-19,34219100,3453.2,6,0,0,0,0,0,0,0,0,3453.4,6,0,0,0,0,0,0,0,0
42,2017-04-19,09:30:19,600,IF1704,CCFX,3453.4,3445.0,3459.6,340,352280340,18908,19123,3818,3124,3471,3462.6,0.0,3459.2,0,0,0,2017-04-19,34219600,3453.4,12,0,0,0,0,0,0,0,0,3455.0,2,0,0,0,0,0,0,0,0
43,2017-04-19,09:30:20,100,IF1704,CCFX,3454.8,3445.0,3459.6,342,354353220,18906,19123,3818,3124,3471,3462.6,0.0,3459.2,0,0,0,2017-04-19,34220100,3454.8,4,0,0,0,0,0,0,0,0,3455.0,2,0,0,0,0,0,0,0,0
44,2017-04-19,09:30:20,600,IF1704,CCFX,3454.8,3445.0,3459.6,347,359535480,18902,19123,3818,3124,3471,3462.6,0.0,3459.2,0,0,0,2017-04-19,34220600,3453.6,2,0,0,0,0,0,0,0,0,3454.8,1,0,0,0,0,0,0,0,0
45,2017-04-19,09:30:21,100,IF1704,CCFX,3454.6,3445.0,3459.6,350,362644020,18901,19123,3818,3124,3471,3462.6,0.0,3459.2,0,0,0,2017-04-19,34221100,3453.8,1,0,0,0,0,0,0,0,0,3454.8,1,0,0,0,0,0,0,0,0
46,2017-04-19,09:30:21,600,IF1704,CCFX,3454.6,3445.0,3459.6,351,363680400,18901,19123,3818,3124,3471,3462.6,0.0,3459.2,0,0,0,2017-04-19,34221600,3453.8,1,0,0,0,0,0,0,0,0,3454.6,1,0,0,0,0,0,0,0,0
47,2017-04-19,09:30:22,100,IF1704,CCFX,3454.8,3445.0,3459.6,353,365753220,18900,19123,3818,3124,3471,3462.6,0.0,3459.2,0,0,0,2017-04-19,34222100,3453.8,2,0,0,0,0,0,0,0,0,3455.0,1,0,0,0,0,0,0,0,0
48,2017-04-19,09:30:22,600,IF1704,CCFX,3454.8,3445.0,3459.6,353,365753220,18900,19123,3818,3124,3471,3462.6,0.0,3459.2,0,0,0,2017-04-19,34222600,3453.8,1,0,0,0,0,0,0,0,0,3455.0,1,0,0,0,0,0,0,0,0
49,2017-04-19,09:30:23,100,IF1704,CCFX,3453.8,3445.0,3459.6,354,366789360,18899,19123,3818,3124,3471,3462.6,0.0,3459.2,0,0,0,2017-04-19,34223100,3453.4,3,0,0,0,0,0,0,0,0,3455.0,1,0,0,0,0,0,0,0,0
50,2017-04-19,09:30:23,600,IF1704,CCFX,3454.8,3445.0,3459.6,356,368862240,18897,19123,3818,3124,3471,3462.6,0.0,3459.2,0,0,0,2017-04-19,34223600,3453.6,4,0,0,0,0,0,0,0,0,3454.6,1,0,0,0,0,0,0,0,0
51,2017-04-19,09:30:24,100,IF1704,CCFX,3455.0,3445.0,3459.6,360,373008180,18895,19123,3818,3124,3471,3462.6,0.0,3459.2,0,0,0,2017-04-19,34224100,3455.0,11,0,0,0,0,0,0,0,0,3455.2,1,0,0,0,0,0,0,0,0
52,2017-04-19,09:30:24,600,IF1704,CCFX,3455.0,3445.0,3459.6,370,383373240,18896,19123,3818,3124,3471,3462.6,0.0,3459.2,0,0,0,2017-04-19,34224600,3455.0,2,0,0,0,0,0,0,0,0,3455.4,1,0,0,0,0,0,0,0,0
53,2017-04-19,09:30:25,100,IF1704,CCFX,3455.4,3445.0,3459.6,373,386482980,18893,19123,3818,3124,3471,3462.6,0.0,3459.2,0,0,0,2017-04-19,34225100,3455.4,8,0,0,0,0,0,0,0,0,3456.0,3,0,0,0,0,0,0,0,0
54,2017-04-19,09:30:25,600,IF1704,CCFX,3455.4,3445.0,3459.6,373,386482980,18893,19123,3818,3124,3471,3462.6,0.0,3459.2,0,0,0,2017-04-19,34225600,3455.6,2,0,0,0,0,0,0,0,0,3455.8,4,0,0,0,0,0,0,0,0
55,2017-04-19,09:30:26,100,IF1704,CCFX,3455.6,3445.0,3459.6,376,389593020,18890,19123,3818,3124,3471,3462.6,0.0,3459.2,0,0,0,2017-04-19,34226100,3455.4,8,0,0,0,0,0,0,0,0,3455.8,4,0,0,0,0,0,0,0,0
56,2017-04-19,09:30:26,600,IF1704,CCFX,3455.6,3445.0,3459.6,384,397886100,18882,19123,3818,3124,3471,3462.6,0.0,3459.2,0,0,0,2017-04-19,34226600,3455.4,4,0,0,0,0,0,0,0,0,3455.8,4,0,0,0,0,0,0,0,0
57,2017-04-19,09:30:27,100,IF1704,CCFX,3455.4,3445.0,3459.6,386,399959340,18880,19123,3818,3124,3471,3462.6,0.0,3459.2,0,0,0,2017-04-19,34227100,3455.4,2,0,0,0,0,0,0,0,0,3455.6,2,0,0,0,0,0,0,0,0
58,2017-04-19,09:30:27,600,IF1704,CCFX,3455.4,3445.0,3459.6,388,402032580,18878,19123,3818,3124,3471,3462.6,0.0,3459.2,0,0,0,2017-04-19,34227600,3455.2,1,0,0,0,0,0,0,0,0,3455.4,2,0,0,0,0,0,0,0,0
59,2017-04-19,09:30:28,100,IF1704,CCFX,3455.2,3445.0,3459.6,392,406178760,18874,19123,3818,3124,3471,3462.6,0.0,3459.2,0,0,0,2017-04-19,34228100,3455.0,1,0,0,0,0,0,0,0,0,3455.2,1,0,0,0,0,0,0,0,0
60,2017-04-19,09:30:28,600,IF1704,CCFX,3455.2,3445.0,3459.6,396,410324820,18872,19123,3818,3124,3471,3462.6,0.0,3459.2,0,0,0,2017-04-19,34228600,3455.2,7,0,0,0,0,0,0,0,0,3455.4,1,0,0,0,0,0,0,0,0
61,2017-04-19,09:30:29,100,IF1704,CCFX,3455.4,3445.0,3459.6,398,412398000,18870,19123,3818,3124,3471,3462.6,0.0,3459.2,0,0,0,2017-04-19,34229100,3455.2,6,0,0,0,0,0,0,0,0,3455.6,2,0,0,0,0,0,0,0,0
62,2017-04-19,09:30:29,600,IF1704,CCFX,3455.2,3445.0,3459.6,401,415507860,18868,19123,3818,3124,3471,3462.6,0.0,3459.2,0,0,0,2017-04-19,34229600,3455.2,5,0,0,0,0,0,0,0,0,3455.4,3,0,0,0,0,0,0,0,0
63,2017-04-19,09:30:30,100,IF1704,CCFX,3455.4,3445.0,3459.6,408,422763900,18864,19123,3818,3124,3471,3462.6,0.0,3459.2,0,0,0,2017-04-19,34230100,3454.2,1,0,0,0,0,0,0,0,0,3455.4,2,0,0,0,0,0,0,0,0
64,2017-04-19,09:30:30,600,IF1704,CCFX,3455.4,3445.0,3459.6,408,422763900,18864,19123,3818,3124,3471,3462.6,0.0,3459.2,0,0,0,2017-04-19,34230600,3454.2,1,0,0,0,0,0,0,0,0,3454.8,4,0,0,0,0,0,0,0,0
65,2017-04-19,09:30:31,100,IF1704,CCFX,3454.8,3445.0,3459.6,412,426910020,18862,19123,3818,3124,3471,3462.6,0.0,3459.2,0,0,0,2017-04-19,34231100,3454.8,3,0,0,0,0,0,0,0,0,3455.2,1,0,0,0,0,0,0,0,0
66,2017-04-19,09:30:31,600,IF1704,CCFX,3455.0,3445.0,3459.6,413,427946520,18861,19123,3818,3124,3471,3462.6,0.0,3459.2,0,0,0,2017-04-19,34231600,3454.8,13,0,0,0,0,0,0,0,0,3455.2,1,0,0,0,0,0,0,0,0
67,2017-04-19,09:30:32,100,IF1704,CCFX,3455.4,3445.0,3459.6,417,432093000,18858,19123,3818,3124,3471,3462.6,0.0,3459.2,0,0,0,2017-04-19,34232100,3454.8,13,0,0,0,0,0,0,0,0,3455.8,2,0,0,0,0,0,0,0,0
68,2017-04-19,09:30:32,600,IF1704,CCFX,3455.4,3445.0,3459.6,417,432093000,18858,19123,3818,3124,3471,3462.6,0.0,3459.2,0,0,0,2017-04-19,34232600,3454.8,13,0,0,0,0,0,0,0,0,3455.6,1,0,0,0,0,0,0,0,0
69,2017-04-19,09:30:33,100,IF1704,CCFX,3455.4,3445.0,3459.6,417,432093000,18858,19123,3818,3124,3471,3462.6,0.0,3459.2,0,0,0,2017-04-19,34233100,3455.0,2,0,0,0,0,0,0,0,0,3455.6,1,0,0,0,0,0,0,0,0
70,2017-04-19,09:30:33,600,IF1704,CCFX,3455.6,3445.0,3459.6,418,433129680,18857,19123,3818,3124,3471,3462.6,0.0,3459.2,0,0,0,2017-04-19,34233600,3455.2,1,0,0,0,0,0,0,0,0,3455.4,1,0,0,0,0,0,0,0,0
71,2017-04-19,09:30:34,100,IF1704,CCFX,3455.4,3445.0,3459.6,420,435202860,18856,19123,3818,3124,3471,3462.6,0.0,3459.2,0,0,0,2017-04-19,34234100,3455.0,2,0,0,0,0,0,0,0,0,3455.2,4,0,0,0,0,0,0,0,0
72,2017-04-19,09:30:34,600,IF1704,CCFX,3455.4,3445.0,3459.6,424,439349340,18852,19123,3818,3124,3471,3462.6,0.0,3459.2,0,0,0,2017-04-19,34234600,3455.2,1,0,0,0,0,0,0,0,0,3455.8,2,0,0,0,0,0,0,0,0
73,2017-04-19,09:30:35,100,IF1704,CCFX,3455.4,3445.0,3459.6,424,439349340,18852,19123,3818,3124,3471,3462.6,0.0,3459.2,0,0,0,2017-04-19,34235100,3455.4,1,0,0,0,0,0,0,0,0,3455.8,2,0,0,0,0,0,0,0,0
74,2017-04-19,09:30:36,100,IF1704,CCFX,3455.4,3445.0,3459.6,424,439349340,18852,19123,3818,3124,3471,3462.6,0.0,3459.2,0,0,0,2017-04-19,34236100,3455.4,1,0,0,0,0,0,0,0,0,3455.8,2,0,0,0,0,0,0,0,0
75,2017-04-19,09:30:36,600,IF1704,CCFX,3455.6,3445.0,3459.6,426,441422700,18850,19123,3818,3124,3471,3462.6,0.0,3459.2,0,0,0,2017-04-19,34236600,3455.4,1,0,0,0,0,0,0,0,0,3455.6,2,0,0,0,0,0,0,0,0
76,2017-04-19,09:30:37,100,IF1704,CCFX,3455.8,3445.0,3459.6,430,445569420,18846,19123,3818,3124,3471,3462.6,0.0,3459.2,0,0,0,2017-04-19,34237100,3455.4,1,0,0,0,0,0,0,0,0,3455.8,1,0,0,0,0,0,0,0,0
77,2017-04-19,09:30:37,600,IF1704,CCFX,3455.8,3445.0,3459.6,430,445569420,18846,19123,3818,3124,3471,3462.6,0.0,3459.2,0,0,0,2017-04-19,34237600,3455.6,1,0,0,0,0,0,0,0,0,3455.8,1,0,0,0,0,0,0,0,0
78,2017-04-19,09:30:38,100,IF1704,CCFX,3455.8,3445.0,3459.6,431,446606160,18845,19123,3818,3124,3471,3462.6,0.0,3459.2,0,0,0,2017-04-19,34238100,3455.6,1,0,0,0,0,0,0,0,0,3456.0,3,0,0,0,0,0,0,0,0
79,2017-04-19,09:30:38,600,IF1704,CCFX,3456.0,3445.0,3459.6,435,450753000,18843,19123,3818,3124,3471,3462.6,0.0,3459.2,0,0,0,2017-04-19,34238600,3455.8,9,0,0,0,0,0,0,0,0,3456.0,2,0,0,0,0,0,0,0,0
80,2017-04-19,09:30:39,100,IF1704,CCFX,3456.0,3445.0,3459.6,441,456973800,18838,19123,3818,3124,3471,3462.6,0.0,3459.2,0,0,0,2017-04-19,34239100,3455.8,9,0,0,0,0,0,0,0,0,3456.6,1,0,0,0,0,0,0,0,0
81,2017-04-19,09:30:39,600,IF1704,CCFX,3456.0,3445.0,3459.6,441,456973800,18838,19123,3818,3124,3471,3462.6,0.0,3459.2,0,0,0,2017-04-19,34239600,3456.0,1,0,0,0,0,0,0,0,0,3456.6,1,0,0,0,0,0,0,0,0
82,2017-04-19,09:30:40,100,IF1704,CCFX,3456.0,3445.0,3459.6,441,456973800,18838,19123,3818,3124,3471,3462.6,0.0,3459.2,0,0,0,2017-04-19,34240100,3456.0,1,0,0,0,0,0,0,0,0,3456.4,4,0,0,0,0,0,0,0,0
83,2017-04-19,09:30:40,600,IF1704,CCFX,3455.8,3445.0,3459.6,443,459047340,18838,19123,3818,3124,3471,3462.6,0.0,3459.2,0,0,0,2017-04-19,34240600,3455.8,7,0,0,0,0,0,0,0,0,3456.2,1,0,0,0,0,0,0,0,0
84,2017-04-19,09:30:41,100,IF1704,CCFX,3455.8,3445.0,3459.6,443,459047340,18838,19123,3818,3124,3471,3462.6,0.0,3459.2,0,0,0,2017-04-19,34241100,3455.8,8,0,0,0,0,0,0,0,0,3456.2,1,0,0,0,0,0,0,0,0
85,2017-04-19,09:30:41,600,IF1704,CCFX,3455.8,3445.0,3459.6,443,459047340,18838,19123,3818,3124,3471,3462.6,0.0,3459.2,0,0,0,2017-04-19,34241600,3455.8,9,0,0,0,0,0,0,0,0,3456.2,1,0,0,0,0,0,0,0,0
86,2017-04-19,09:30:42,600,IF1704,CCFX,3455.8,3445.0,3459.6,443,459047340,18838,19123,3818,3124,3471,3462.6,0.0,3459.2,0,0,0,2017-04-19,34242600,3455.8,9,0,0,0,0,0,0,0,0,3456.2,1,0,0,0,0,0,0,0,0
87,2017-04-19,09:30:43,100,IF1704,CCFX,3456.6,3445.0,3459.6,449,465268860,18832,19123,3818,3124,3471,3462.6,0.0,3459.2,0,0,0,2017-04-19,34243100,3458.0,4,0,0,0,0,0,0,0,0,3458.2,7,0,0,0,0,0,0,0,0
88,2017-04-19,09:30:43,600,IF1704,CCFX,3455.2,3445.0,3459.6,465,481858920,18822,19123,3818,3124,3471,3462.6,0.0,3459.2,0,0,0,2017-04-19,34243600,3455.0,2,0,0,0,0,0,0,0,0,3456.2,1,0,0,0,0,0,0,0,0
89,2017-04-19,09:30:44,100,IF1704,CCFX,3455.4,3445.0,3459.6,467,483932400,18822,19123,3818,3124,3471,3462.6,0.0,3459.2,0,0,0,2017-04-19,34244100,3455.2,4,0,0,0,0,0,0,0,0,3456.2,1,0,0,0,0,0,0,0,0
90,2017-04-19,09:30:44,600,IF1704,CCFX,3455.2,3445.0,3459.6,468,484968960,18821,19123,3818,3124,3471,3462.6,0.0,3459.2,0,0,0,2017-04-19,34244600,3455.8,2,0,0,0,0,0,0,0,0,3456.2,1,0,0,0,0,0,0,0,0
91,2017-04-19,09:30:45,100,IF1704,CCFX,3456.0,3445.0,3459.6,469,486005760,18821,19123,3818,3124,3471,3462.6,0.0,3459.2,0,0,0,2017-04-19,34245100,3456.0,1,0,0,0,0,0,0,0,0,3456.2,1,0,0,0,0,0,0,0,0
92,2017-04-19,09:30:45,600,IF1704,CCFX,3456.0,3445.0,3459.6,470,487042560,18820,19123,3818,3124,3471,3462.6,0.0,3459.2,0,0,0,2017-04-19,34245600,3455.8,2,0,0,0,0,0,0,0,0,3456.2,1,0,0,0,0,0,0,0,0
93,2017-04-19,09:30:46,100,IF1704,CCFX,3455.8,3445.0,3459.6,471,488079300,18820,19123,3818,3124,3471,3462.6,0.0,3459.2,0,0,0,2017-04-19,34246100,3455.8,1,0,0,0,0,0,0,0,0,3456.2,1,0,0,0,0,0,0,0,0
94,2017-04-19,09:30:47,100,IF1704,CCFX,3456.2,3445.0,3459.6,472,489116160,18819,19123,3818,3124,3471,3462.6,0.0,3459.2,0,0,0,2017-04-19,34247100,3455.8,1,0,0,0,0,0,0,0,0,3457.0,3,0,0,0,0,0,0,0,0
95,2017-04-19,09:30:48,100,IF1704,CCFX,3457.0,3445.0,3459.6,474,491190000,18817,19123,3818,3124,3471,3462.6,0.0,3459.2,0,0,0,2017-04-19,34248100,3455.2,1,0,0,0,0,0,0,0,0,3457.0,2,0,0,0,0,0,0,0,0
96,2017-04-19,09:30:48,600,IF1704,CCFX,3457.0,3445.0,3459.6,474,491190000,18817,19123,3818,3124,3471,3462.6,0.0,3459.2,0,0,0,2017-04-19,34248600,3455.4,6,0,0,0,0,0,0,0,0,3457.0,2,0,0,0,0,0,0,0,0
97,2017-04-19,09:30:49,100,IF1704,CCFX,3457.0,3445.0,3459.6,476,493264200,18815,19123,3818,3124,3471,3462.6,0.0,3459.2,0,0,0,2017-04-19,34249100,3455.6,4,0,0,0,0,0,0,0,0,3457.8,2,0,0,0,0,0,0,0,0
98,2017-04-19,09:30:49,600,IF1704,CCFX,3457.0,3445.0,3459.6,476,493264200,18815,19123,3818,3124,3471,3462.6,0.0,3459.2,0,0,0,2017-04-19,34249600,3456.6,5,0,0,0,0,0,0,0,0,3457.6,3,0,0,0,0,0,0,0,0
99,2017-04-19,09:30:50,100,IF1704,CCFX,3456.6,3445.0,3459.6,480,497412120,18815,19123,3818,3124,3471,3462.6,0.0,3459.2,0,0,0,2017-04-19,34250100,3456.8,1,0,0,0,0,0,0,0,0,3457.0,1,0,0,0,0,0,0,0,0
100,2017-04-19,09:30:50,600,IF1704,CCFX,3456.8,3445.0,3459.6,481,498449160,18814,19123,3818,3124,3471,3462.6,0.0,3459.2,0,0,0,2017-04-19,34250600,3456.6,1,0,0,0,0,0,0,0,0,3456.8,1,0,0,0,0,0,0,0,0
101,2017-04-19,09:30:51,100,IF1704,CCFX,3456.8,3445.0,3459.6,482,499486200,18814,19123,3818,3124,3471,3462.6,0.0,3459.2,0,0,0,2017-04-19,34251100,3456.6,2,0,0,0,0,0,0,0,0,3457.0,1,0,0,0,0,0,0,0,0
102,2017-04-19,09:30:51,600,IF1704,CCFX,3456.6,3445.0,3459.6,483,500523180,18814,19123,3818,3124,3471,3462.6,0.0,3459.2,0,0,0,2017-04-19,34251600,3456.6,1,0,0,0,0,0,0,0,0,3457.0,1,0,0,0,0,0,0,0,0
103,2017-04-19,09:30:52,100,IF1704,CCFX,3456.6,3445.0,3459.6,483,500523180,18814,19123,3818,3124,3471,3462.6,0.0,3459.2,0,0,0,2017-04-19,34252100,3456.6,1,0,0,0,0,0,0,0,0,3457.0,1,0,0,0,0,0,0,0,0
104,2017-04-19,09:30:52,600,IF1704,CCFX,3456.6,3445.0,3459.6,484,501560160,18813,19123,3818,3124,3471,3462.6,0.0,3459.2,0,0,0,2017-04-19,34252600,3455.6,3,0,0,0,0,0,0,0,0,3457.0,1,0,0,0,0,0,0,0,0
105,2017-04-19,09:30:53,100,IF1704,CCFX,3456.6,3445.0,3459.6,486,503634120,18811,19123,3818,3124,3471,3462.6,0.0,3459.2,0,0,0,2017-04-19,34253100,3455.8,3,0,0,0,0,0,0,0,0,3456.6,1,0,0,0,0,0,0,0,0
106,2017-04-19,09:30:53,600,IF1704,CCFX,3456.6,3445.0,3459.6,487,504671100,18810,19123,3818,3124,3471,3462.6,0.0,3459.2,0,0,0,2017-04-19,34253600,3455.8,1,0,0,0,0,0,0,0,0,3457.0,1,0,0,0,0,0,0,0,0
107,2017-04-19,09:30:54,100,IF1704,CCFX,3456.6,3445.0,3459.6,487,504671100,18810,19123,3818,3124,3471,3462.6,0.0,3459.2,0,0,0,2017-04-19,34254100,3455.8,1,0,0,0,0,0,0,0,0,3456.8,3,0,0,0,0,0,0,0,0
108,2017-04-19,09:30:54,600,IF1704,CCFX,3456.6,3445.0,3459.6,487,504671100,18810,19123,3818,3124,3471,3462.6,0.0,3459.2,0,0,0,2017-04-19,34254600,3456.0,1,0,0,0,0,0,0,0,0,3456.6,2,0,0,0,0,0,0,0,0
109,2017-04-19,09:30:55,100,IF1704,CCFX,3458.0,3445.0,3459.6,496,514004640,18802,19123,3818,3124,3471,3462.6,0.0,3459.2,0,0,0,2017-04-19,34255100,3458.0,1,0,0,0,0,0,0,0,0,3458.2,7,0,0,0,0,0,0,0,0
110,2017-04-19,09:30:55,600,IF1704,CCFX,3458.0,3445.0,3459.6,499,517116840,18801,19123,3818,3124,3471,3462.6,0.0,3459.2,0,0,0,2017-04-19,34255600,3456.6,1,0,0,0,0,0,0,0,0,3458.0,7,0,0,0,0,0,0,0,0
111,2017-04-19,09:30:56,100,IF1704,CCFX,3456.0,3445.0,3459.6,502,520227660,18798,19123,3818,3124,3471,3462.6,0.0,3459.2,0,0,0,2017-04-19,34256100,3455.4,4,0,0,0,0,0,0,0,0,3455.6,3,0,0,0,0,0,0,0,0
112,2017-04-19,09:30:56,600,IF1704,CCFX,3455.6,3445.0,3459.6,505,523337700,18798,19123,3818,3124,3471,3462.6,0.0,3459.2,0,0,0,2017-04-19,34256600,3455.6,10,0,0,0,0,0,0,0,0,3456.0,1,0,0,0,0,0,0,0,0
113,2017-04-19,09:30:57,100,IF1704,CCFX,3456.4,3445.0,3459.6,508,526448340,18795,19123,3818,3124,3471,3462.6,0.0,3459.2,0,0,0,2017-04-19,34257100,3456.2,1,0,0,0,0,0,0,0,0,3456.4,2,0,0,0,0,0,0,0,0
114,2017-04-19,09:30:57,600,IF1704,CCFX,3456.4,3445.0,3459.6,511,529559100,18792,19123,3818,3124,3471,3462.6,0.0,3459.2,0,0,0,2017-04-19,34257600,3456.4,1,0,0,0,0,0,0,0,0,3456.6,1,0,0,0,0,0,0,0,0
115,2017-04-19,09:30:58,100,IF1704,CCFX,3456.6,3445.0,3459.6,513,531633060,18791,19123,3818,3124,3471,3462.6,0.0,3459.2,0,0,0,2017-04-19,34258100,3456.4,1,0,0,0,0,0,0,0,0,3456.8,1,0,0,0,0,0,0,0,0
116,2017-04-19,09:30:58,600,IF1704,CCFX,3456.8,3445.0,3459.6,514,532670100,18791,19123,3818,3124,3471,3462.6,0.0,3459.2,0,0,0,2017-04-19,34258600,3456.8,1,0,0,0,0,0,0,0,0,3457.2,1,0,0,0,0,0,0,0,0
117,2017-04-19,09:30:59,100,IF1704,CCFX,3457.0,3445.0,3459.6,517,535781160,18789,19123,3818,3124,3471,3462.6,0.0,3459.2,0,0,0,2017-04-19,34259100,3456.2,1,0,0,0,0,0,0,0,0,3457.2,2,0,0,0,0,0,0,0,0
118,2017-04-19,09:30:59,600,IF1704,CCFX,3456.2,3445.0,3459.6,518,536818020,18789,19123,3818,3124,3471,3462.6,0.0,3459.2,0,0,0,2017-04-19,34259600,3455.8,2,0,0,0,0,0,0,0,0,3456.4,1,0,0,0,0,0,0,0,0
119,2017-04-19,09:31:00,100,IF1704,CCFX,3457.2,3445.0,3459.6,521,539929260,18788,19123,3818,3124,3471,3462.6,0.0,3459.2,0,0,0,2017-04-19,34260100,3456.8,2,0,0,0,0,0,0,0,0,3458.0,3,0,0,0,0,0,0,0,0
120,2017-04-19,09:31:00,600,IF1704,CCFX,3456.8,3445.0,3459.6,524,543040380,18786,19123,3818,3124,3471,3462.6,0.0,3459.2,0,0,0,2017-04-19,34260600,3456.8,2,0,0,0,0,0,0,0,0,3457.2,1,0,0,0,0,0,0,0,0
121,2017-04-19,09:31:01,100,IF1704,CCFX,3456.8,3445.0,3459.6,526,545114460,18784,19123,3818,3124,3471,3462.6,0.0,3459.2,0,0,0,2017-04-19,34261100,3456.0,1,0,0,0,0,0,0,0,0,3456.8,4,0,0,0,0,0,0,0,0
122,2017-04-19,09:31:01,600,IF1704,CCFX,3456.8,3445.0,3459.6,526,545114460,18784,19123,3818,3124,3471,3462.6,0.0,3459.2,0,0,0,2017-04-19,34261600,3456.4,3,0,0,0,0,0,0,0,0,3456.8,4,0,0,0,0,0,0,0,0
123,2017-04-19,09:31:02,100,IF1704,CCFX,3456.4,3445.0,3459.6,527,546151380,18784,19123,3818,3124,3471,3462.6,0.0,3459.2,0,0,0,2017-04-19,34262100,3456.4,2,0,0,0,0,0,0,0,0,3456.8,3,0,0,0,0,0,0,0,0
124,2017-04-19,09:31:02,600,IF1704,CCFX,3456.4,3445.0,3459.6,527,546151380,18784,19123,3818,3124,3471,3462.6,0.0,3459.2,0,0,0,2017-04-19,34262600,3456.4,2,0,0,0,0,0,0,0,0,3456.8,3,0,0,0,0,0,0,0,0
125,2017-04-19,09:31:03,100,IF1704,CCFX,3456.4,3445.0,3459.6,529,548225220,18782,19123,3818,3124,3471,3462.6,0.0,3459.2,0,0,0,2017-04-19,34263100,3456.4,1,0,0,0,0,0,0,0,0,3456.8,5,0,0,0,0,0,0,0,0
126,2017-04-19,09:31:03,600,IF1704,CCFX,3456.6,3445.0,3459.6,531,550299120,18780,19123,3818,3124,3471,3462.6,0.0,3459.2,0,0,0,2017-04-19,34263600,3456.0,1,0,0,0,0,0,0,0,0,3456.6,1,0,0,0,0,0,0,0,0
127,2017-04-19,09:31:04,100,IF1704,CCFX,3456.6,3445.0,3459.6,531,550299120,18780,19123,3818,3124,3471,3462.6,0.0,3459.2,0,0,0,2017-04-19,34264100,3455.8,1,0,0,0,0,0,0,0,0,3456.8,9,0,0,0,0,0,0,0,0
128,2017-04-19,09:31:04,600,IF1704,CCFX,3456.8,3445.0,3459.6,535,554447220,18776,19123,3818,3124,3471,3462.6,0.0,3459.2,0,0,0,2017-04-19,34264600,3456.4,1,0,0,0,0,0,0,0,0,3456.8,6,0,0,0,0,0,0,0,0
129,2017-04-19,09:31:05,100,IF1704,CCFX,3456.8,3445.0,3459.6,535,554447220,18776,19123,3818,3124,3471,3462.6,0.0,3459.2,0,0,0,2017-04-19,34265100,3456.4,1,0,0,0,0,0,0,0,0,3456.8,6,0,0,0,0,0,0,0,0
130,2017-04-19,09:31:05,600,IF1704,CCFX,3456.4,3445.0,3459.6,536,555484140,18775,19123,3818,3124,3471,3462.6,0.0,3459.2,0,0,0,2017-04-19,34265600,3455.8,1,0,0,0,0,0,0,0,0,3456.8,6,0,0,0,0,0,0,0,0
131,2017-04-19,09:31:06,100,IF1704,CCFX,3456.4,3445.0,3459.6,536,555484140,18775,19123,3818,3124,3471,3462.6,0.0,3459.2,0,0,0,2017-04-19,34266100,3455.8,2,0,0,0,0,0,0,0,0,3456.8,6,0,0,0,0,0,0,0,0
132,2017-04-19,09:31:06,600,IF1704,CCFX,3456.4,3445.0,3459.6,536,555484140,18775,19123,3818,3124,3471,3462.6,0.0,3459.2,0,0,0,2017-04-19,34266600,3455.8,2,0,0,0,0,0,0,0,0,3456.8,7,0,0,0,0,0,0,0,0
133,2017-04-19,09:31:07,100,IF1704,CCFX,3456.4,3445.0,3459.6,536,555484140,18775,19123,3818,3124,3471,3462.6,0.0,3459.2,0,0,0,2017-04-19,34267100,3456.0,1,0,0,0,0,0,0,0,0,3456.6,1,0,0,0,0,0,0,0,0
134,2017-04-19,09:31:07,600,IF1704,CCFX,3456.6,3445.0,3459.6,537,556521120,18774,19123,3818,3124,3471,3462.6,0.0,3459.2,0,0,0,2017-04-19,34267600,3456.2,1,0,0,0,0,0,0,0,0,3456.8,7,0,0,0,0,0,0,0,0
135,2017-04-19,09:31:08,100,IF1704,CCFX,3456.2,3445.0,3459.6,538,557557980,18773,19123,3818,3124,3471,3462.6,0.0,3459.2,0,0,0,2017-04-19,34268100,3456.0,1,0,0,0,0,0,0,0,0,3456.8,8,0,0,0,0,0,0,0,0
136,2017-04-19,09:31:08,600,IF1704,CCFX,3456.2,3445.0,3459.6,538,557557980,18773,19123,3818,3124,3471,3462.6,0.0,3459.2,0,0,0,2017-04-19,34268600,3456.0,1,0,0,0,0,0,0,0,0,3456.6,1,0,0,0,0,0,0,0,0
137,2017-04-19,09:31:09,100,IF1704,CCFX,3456.2,3445.0,3459.6,538,557557980,18773,19123,3818,3124,3471,3462.6,0.0,3459.2,0,0,0,2017-04-19,34269100,3456.0,1,0,0,0,0,0,0,0,0,3456.4,1,0,0,0,0,0,0,0,0
138,2017-04-19,09:31:09,600,IF1704,CCFX,3456.0,3445.0,3459.6,539,558594780,18772,19123,3818,3124,3471,3462.6,0.0,3459.2,0,0,0,2017-04-19,34269600,3455.8,2,0,0,0,0,0,0,0,0,3456.0,1,0,0,0,0,0,0,0,0
139,2017-04-19,09:31:10,100,IF1704,CCFX,3455.8,3445.0,3459.6,541,560668320,18771,19123,3818,3124,3471,3462.6,0.0,3459.2,0,0,0,2017-04-19,34270100,3455.8,1,0,0,0,0,0,0,0,0,3456.4,1,0,0,0,0,0,0,0,0
140,2017-04-19,09:31:10,600,IF1704,CCFX,3455.8,3445.0,3459.6,543,562741800,18769,19123,3818,3124,3471,3462.6,0.0,3459.2,0,0,0,2017-04-19,34270600,3455.2,6,0,0,0,0,0,0,0,0,3455.8,1,0,0,0,0,0,0,0,0
141,2017-04-19,09:31:11,100,IF1704,CCFX,3455.8,3445.0,3459.6,543,562741800,18769,19123,3818,3124,3471,3462.6,0.0,3459.2,0,0,0,2017-04-19,34271100,3455.4,1,0,0,0,0,0,0,0,0,3455.8,4,0,0,0,0,0,0,0,0
142,2017-04-19,09:31:11,600,IF1704,CCFX,3455.8,3445.0,3459.6,544,563778540,18768,19123,3818,3124,3471,3462.6,0.0,3459.2,0,0,0,2017-04-19,34271600,3455.4,6,0,0,0,0,0,0,0,0,3455.6,5,0,0,0,0,0,0,0,0
143,2017-04-19,09:31:12,100,IF1704,CCFX,3455.8,3445.0,3459.6,550,569998680,18762,19123,3818,3124,3471,3462.6,0.0,3459.2,0,0,0,2017-04-19,34272100,3455.4,6,0,0,0,0,0,0,0,0,3455.8,3,0,0,0,0,0,0,0,0
144,2017-04-19,09:31:12,600,IF1704,CCFX,3455.8,3445.0,3459.6,553,573108900,18759,19123,3818,3124,3471,3462.6,0.0,3459.2,0,0,0,2017-04-19,34272600,3455.4,6,0,0,0,0,0,0,0,0,3456.6,1,0,0,0,0,0,0,0,0
145,2017-04-19,09:31:13,100,IF1704,CCFX,3455.6,3445.0,3459.6,556,576218940,18756,19123,3818,3124,3471,3462.6,0.0,3459.2,0,0,0,2017-04-19,34273100,3455.4,5,0,0,0,0,0,0,0,0,3455.6,3,0,0,0,0,0,0,0,0
146,2017-04-19,09:31:13,600,IF1704,CCFX,3455.6,3445.0,3459.6,559,579328860,18755,19123,3818,3124,3471,3462.6,0.0,3459.2,0,0,0,2017-04-19,34273600,3455.4,3,0,0,0,0,0,0,0,0,3455.6,2,0,0,0,0,0,0,0,0
147,2017-04-19,09:31:14,100,IF1704,CCFX,3455.4,3445.0,3459.6,565,585548700,18752,19123,3818,3124,3471,3462.6,0.0,3459.2,0,0,0,2017-04-19,34274100,3455.2,6,0,0,0,0,0,0,0,0,3456.0,1,0,0,0,0,0,0,0,0
148,2017-04-19,09:31:14,600,IF1704,CCFX,3455.8,3445.0,3459.6,567,587622180,18751,19123,3818,3124,3471,3462.6,0.0,3459.2,0,0,0,2017-04-19,34274600,3455.2,6,0,0,0,0,0,0,0,0,3456.0,2,0,0,0,0,0,0,0,0
149,2017-04-19,09:31:15,100,IF1704,CCFX,3456.0,3445.0,3459.6,568,588658980,18750,19123,3818,3124,3471,3462.6,0.0,3459.2,0,0,0,2017-04-19,34275100,3456.2,1,0,0,0,0,0,0,0,0,3456.4,1,0,0,0,0,0,0,0,0
150,2017-04-19,09:31:15,600,IF1704,CCFX,3456.6,3445.0,3459.6,571,591769740,18748,19123,3818,3124,3471,3462.6,0.0,3459.2,0,0,0,2017-04-19,34275600,3456.4,2,0,0,0,0,0,0,0,0,3456.8,6,0,0,0,0,0,0,0,0
151,2017-04-19,09:31:16,100,IF1704,CCFX,3455.8,3445.0,3459.6,575,595917360,18745,19123,3818,3124,3471,3462.6,0.0,3459.2,0,0,0,2017-04-19,34276100,3455.2,6,0,0,0,0,0,0,0,0,3456.4,2,0,0,0,0,0,0,0,0
152,2017-04-19,09:31:16,600,IF1704,CCFX,3455.8,3445.0,3459.6,575,595917360,18745,19123,3818,3124,3471,3462.6,0.0,3459.2,0,0,0,2017-04-19,34276600,3455.6,2,0,0,0,0,0,0,0,0,3456.4,2,0,0,0,0,0,0,0,0
153,2017-04-19,09:31:17,100,IF1704,CCFX,3456.4,3445.0,3459.6,576,596954280,18745,19123,3818,3124,3471,3462.6,0.0,3459.2,0,0,0,2017-04-19,34277100,3455.6,2,0,0,0,0,0,0,0,0,3456.4,1,0,0,0,0,0,0,0,0
154,2017-04-19,09:31:17,600,IF1704,CCFX,3456.4,3445.0,3459.6,577,597991200,18745,19123,3818,3124,3471,3462.6,0.0,3459.2,0,0,0,2017-04-19,34277600,3455.8,3,0,0,0,0,0,0,0,0,3456.6,1,0,0,0,0,0,0,0,0
155,2017-04-19,09:31:18,100,IF1704,CCFX,3455.8,3445.0,3459.6,580,601101540,18742,19123,3818,3124,3471,3462.6,0.0,3459.2,0,0,0,2017-04-19,34278100,3455.8,2,0,0,0,0,0,0,0,0,3456.2,1,0,0,0,0,0,0,0,0
156,2017-04-19,09:31:18,600,IF1704,CCFX,3456.2,3445.0,3459.6,581,602138400,18741,19123,3818,3124,3471,3462.6,0.0,3459.2,0,0,0,2017-04-19,34278600,3456.2,1,0,0,0,0,0,0,0,0,3456.4,1,0,0,0,0,0,0,0,0
157,2017-04-19,09:31:19,100,IF1704,CCFX,3456.2,3445.0,3459.6,583,604212180,18739,19123,3818,3124,3471,3462.6,0.0,3459.2,0,0,0,2017-04-19,34279100,3455.8,4,0,0,0,0,0,0,0,0,3456.6,1,0,0,0,0,0,0,0,0
158,2017-04-19,09:31:19,600,IF1704,CCFX,3456.6,3445.0,3459.6,584,605249160,18738,19123,3818,3124,3471,3462.6,0.0,3459.2,0,0,0,2017-04-19,34279600,3456.2,1,0,0,0,0,0,0,0,0,3456.8,5,0,0,0,0,0,0,0,0
159,2017-04-19,09:31:20,100,IF1704,CCFX,3456.8,3445.0,3459.6,585,606286200,18738,19123,3818,3124,3471,3462.6,0.0,3459.2,0,0,0,2017-04-19,34280100,3456.2,1,0,0,0,0,0,0,0,0,3456.8,4,0,0,0,0,0,0,0,0
160,2017-04-19,09:31:20,600,IF1704,CCFX,3456.4,3445.0,3459.6,587,608360160,18736,19123,3818,3124,3471,3462.6,0.0,3459.2,0,0,0,2017-04-19,34280600,3456.2,1,0,0,0,0,0,0,0,0,3456.8,3,0,0,0,0,0,0,0,0
161,2017-04-19,09:31:21,100,IF1704,CCFX,3456.8,3445.0,3459.6,590,611471280,18733,19123,3818,3124,3471,3462.6,0.0,3459.2,0,0,0,2017-04-19,34281100,3456.4,3,0,0,0,0,0,0,0,0,3457.0,2,0,0,0,0,0,0,0,0
162,2017-04-19,09:31:21,600,IF1704,CCFX,3457.0,3445.0,3459.6,592,613545480,18731,19123,3818,3124,3471,3462.6,0.0,3459.2,0,0,0,2017-04-19,34281600,3456.6,2,0,0,0,0,0,0,0,0,3457.2,2,0,0,0,0,0,0,0,0
163,2017-04-19,09:31:22,100,IF1704,CCFX,3457.2,3445.0,3459.6,595,616656840,18729,19123,3818,3124,3471,3462.6,0.0,3459.2,0,0,0,2017-04-19,34282100,3456.8,1,0,0,0,0,0,0,0,0,3458.0,6,0,0,0,0,0,0,0,0
164,2017-04-19,09:31:22,600,IF1704,CCFX,3457.2,3445.0,3459.6,595,616656840,18729,19123,3818,3124,3471,3462.6,0.0,3459.2,0,0,0,2017-04-19,34282600,3457.0,1,0,0,0,0,0,0,0,0,3457.8,1,0,0,0,0,0,0,0,0
165,2017-04-19,09:31:23,100,IF1704,CCFX,3457.2,3445.0,3459.6,595,616656840,18729,19123,3818,3124,3471,3462.6,0.0,3459.2,0,0,0,2017-04-19,34283100,3457.0,1,0,0,0,0,0,0,0,0,3457.2,1,0,0,0,0,0,0,0,0
166,2017-04-19,09:31:23,600,IF1704,CCFX,3457.8,3445.0,3459.6,597,618731340,18727,19123,3818,3124,3471,3462.6,0.0,3459.2,0,0,0,2017-04-19,34283600,3457.2,4,0,0,0,0,0,0,0,0,3458.0,6,0,0,0,0,0,0,0,0
167,2017-04-19,09:31:24,100,IF1704,CCFX,3457.2,3445.0,3459.6,598,619768500,18727,19123,3818,3124,3471,3462.6,0.0,3459.2,0,0,0,2017-04-19,34284100,3457.2,3,0,0,0,0,0,0,0,0,3458.0,7,0,0,0,0,0,0,0,0
168,2017-04-19,09:31:24,600,IF1704,CCFX,3457.2,3445.0,3459.6,598,619768500,18727,19123,3818,3124,3471,3462.6,0.0,3459.2,0,0,0,2017-04-19,34284600,3457.4,1,0,0,0,0,0,0,0,0,3458.0,7,0,0,0,0,0,0,0,0
169,2017-04-19,09:31:25,100,IF1704,CCFX,3457.2,3445.0,3459.6,598,619768500,18727,19123,3818,3124,3471,3462.6,0.0,3459.2,0,0,0,2017-04-19,34285100,3457.6,1,0,0,0,0,0,0,0,0,3458.0,7,0,0,0,0,0,0,0,0
170,2017-04-19,09:31:25,600,IF1704,CCFX,3457.6,3445.0,3459.6,599,620805780,18726,19123,3818,3124,3471,3462.6,0.0,3459.2,0,0,0,2017-04-19,34285600,3457.4,1,0,0,0,0,0,0,0,0,3458.0,8,0,0,0,0,0,0,0,0
171,2017-04-19,09:31:26,100,IF1704,CCFX,3458.0,3445.0,3459.6,601,622880400,18725,19123,3818,3124,3471,3462.6,0.0,3459.2,0,0,0,2017-04-19,34286100,3457.6,1,0,0,0,0,0,0,0,0,3458.0,7,0,0,0,0,0,0,0,0
172,2017-04-19,09:31:26,600,IF1704,CCFX,3458.2,3445.0,3459.6,613,635329140,18717,19123,3818,3124,3471,3462.6,0.0,3459.2,0,0,0,2017-04-19,34286600,3457.2,1,0,0,0,0,0,0,0,0,3458.2,4,0,0,0,0,0,0,0,0
173,2017-04-19,09:31:27,100,IF1704,CCFX,3458.2,3445.0,3459.6,613,635329140,18717,19123,3818,3124,3471,3462.6,0.0,3459.2,0,0,0,2017-04-19,34287100,3457.4,5,0,0,0,0,0,0,0,0,3457.8,1,0,0,0,0,0,0,0,0
174,2017-04-19,09:31:27,600,IF1704,CCFX,3457.8,3445.0,3459.6,615,637403820,18716,19123,3818,3124,3471,3462.6,0.0,3459.2,0,0,0,2017-04-19,34287600,3457.6,1,0,0,0,0,0,0,0,0,3458.2,4,0,0,0,0,0,0,0,0
175,2017-04-19,09:31:28,100,IF1704,CCFX,3457.8,3445.0,3459.6,615,637403820,18716,19123,3818,3124,3471,3462.6,0.0,3459.2,0,0,0,2017-04-19,34288100,3457.6,2,0,0,0,0,0,0,0,0,3458.2,4,0,0,0,0,0,0,0,0
176,2017-04-19,09:31:28,600,IF1704,CCFX,3457.8,3445.0,3459.6,615,637403820,18716,19123,3818,3124,3471,3462.6,0.0,3459.2,0,0,0,2017-04-19,34288600,3457.8,1,0,0,0,0,0,0,0,0,3458.2,4,0,0,0,0,0,0,0,0
177,2017-04-19,09:31:29,100,IF1704,CCFX,3457.8,3445.0,3459.6,616,638441160,18716,19123,3818,3124,3471,3462.6,0.0,3459.2,0,0,0,2017-04-19,34289100,3457.6,2,0,0,0,0,0,0,0,0,3458.2,5,0,0,0,0,0,0,0,0
178,2017-04-19,09:31:29,600,IF1704,CCFX,3458.2,3445.0,3459.6,618,640515900,18716,19123,3818,3124,3471,3462.6,0.0,3459.2,0,0,0,2017-04-19,34289600,3457.4,4,0,0,0,0,0,0,0,0,3458.2,4,0,0,0,0,0,0,0,0
179,2017-04-19,09:31:30,100,IF1704,CCFX,3458.2,3445.0,3459.6,618,640515900,18716,19123,3818,3124,3471,3462.6,0.0,3459.2,0,0,0,2017-04-19,34290100,3457.4,4,0,0,0,0,0,0,0,0,3458.0,1,0,0,0,0,0,0,0,0
180,2017-04-19,09:31:30,600,IF1704,CCFX,3458.2,3445.0,3459.6,619,641553360,18715,19123,3818,3124,3471,3462.6,0.0,3459.2,0,0,0,2017-04-19,34290600,3457.4,4,0,0,0,0,0,0,0,0,3458.0,2,0,0,0,0,0,0,0,0
181,2017-04-19,09:31:31,100,IF1704,CCFX,3458.2,3445.0,3459.6,620,642590820,18715,19123,3818,3124,3471,3462.6,0.0,3459.2,0,0,0,2017-04-19,34291100,3457.4,4,0,0,0,0,0,0,0,0,3458.0,1,0,0,0,0,0,0,0,0
182,2017-04-19,09:31:31,600,IF1704,CCFX,3458.2,3445.0,3459.6,620,642590820,18715,19123,3818,3124,3471,3462.6,0.0,3459.2,0,0,0,2017-04-19,34291600,3457.6,1,0,0,0,0,0,0,0,0,3457.8,4,0,0,0,0,0,0,0,0
183,2017-04-19,09:31:32,100,IF1704,CCFX,3457.6,3445.0,3459.6,624,646739880,18711,19123,3818,3124,3471,3462.6,0.0,3459.2,0,0,0,2017-04-19,34292100,3457.2,2,0,0,0,0,0,0,0,0,3457.6,2,0,0,0,0,0,0,0,0
184,2017-04-19,09:31:32,600,IF1704,CCFX,3457.6,3445.0,3459.6,629,651925920,18708,19123,3818,3124,3471,3462.6,0.0,3459.2,0,0,0,2017-04-19,34292600,3457.0,2,0,0,0,0,0,0,0,0,3457.6,1,0,0,0,0,0,0,0,0
185,2017-04-19,09:31:33,100,IF1704,CCFX,3457.0,3445.0,3459.6,631,654000120,18708,19123,3818,3124,3471,3462.6,0.0,3459.2,0,0,0,2017-04-19,34293100,3456.8,4,0,0,0,0,0,0,0,0,3457.4,1,0,0,0,0,0,0,0,0
186,2017-04-19,09:31:33,600,IF1704,CCFX,3457.6,3445.0,3459.6,635,658148940,18704,19123,3818,3124,3471,3462.6,0.0,3459.2,0,0,0,2017-04-19,34293600,3456.8,4,0,0,0,0,0,0,0,0,3457.6,1,0,0,0,0,0,0,0,0
187,2017-04-19,09:31:34,100,IF1704,CCFX,3457.6,3445.0,3459.6,635,658148940,18704,19123,3818,3124,3471,3462.6,0.0,3459.2,0,0,0,2017-04-19,34294100,3456.8,4,0,0,0,0,0,0,0,0,3457.4,1,0,0,0,0,0,0,0,0
188,2017-04-19,09:31:34,600,IF1704,CCFX,3457.4,3445.0,3459.6,636,659186160,18703,19123,3818,3124,3471,3462.6,0.0,3459.2,0,0,0,2017-04-19,34294600,3457.4,3,0,0,0,0,0,0,0,0,3457.6,1,0,0,0,0,0,0,0,0
189,2017-04-19,09:31:35,100,IF1704,CCFX,3457.4,3445.0,3459.6,637,660223380,18702,19123,3818,3124,3471,3462.6,0.0,3459.2,0,0,0,2017-04-19,34295100,3457.4,2,0,0,0,0,0,0,0,0,3457.6,1,0,0,0,0,0,0,0,0
190,2017-04-19,09:31:35,600,IF1704,CCFX,3457.4,3445.0,3459.6,638,661260600,18701,19123,3818,3124,3471,3462.6,0.0,3459.2,0,0,0,2017-04-19,34295600,3457.4,1,0,0,0,0,0,0,0,0,3457.6,1,0,0,0,0,0,0,0,0
191,2017-04-19,09:31:36,100,IF1704,CCFX,3457.4,3445.0,3459.6,639,662297820,18701,19123,3818,3124,3471,3462.6,0.0,3459.2,0,0,0,2017-04-19,34296100,3456.8,4,0,0,0,0,0,0,0,0,3457.4,1,0,0,0,0,0,0,0,0
192,2017-04-19,09:31:36,600,IF1704,CCFX,3457.4,3445.0,3459.6,641,664372260,18700,19123,3818,3124,3471,3462.6,0.0,3459.2,0,0,0,2017-04-19,34296600,3457.4,19,0,0,0,0,0,0,0,0,3457.6,2,0,0,0,0,0,0,0,0
193,2017-04-19,09:31:37,100,IF1704,CCFX,3457.6,3445.0,3459.6,648,671632920,18693,19123,3818,3124,3471,3462.6,0.0,3459.2,0,0,0,2017-04-19,34297100,3457.6,1,0,0,0,0,0,0,0,0,3457.8,5,0,0,0,0,0,0,0,0
194,2017-04-19,09:31:37,600,IF1704,CCFX,3457.4,3445.0,3459.6,650,673707420,18693,19123,3818,3124,3471,3462.6,0.0,3459.2,0,0,0,2017-04-19,34297600,3457.6,1,0,0,0,0,0,0,0,0,3457.8,5,0,0,0,0,0,0,0,0
195,2017-04-19,09:31:38,100,IF1704,CCFX,3457.8,3445.0,3459.6,654,677856720,18689,19123,3818,3124,3471,3462.6,0.0,3459.2,0,0,0,2017-04-19,34298100,3457.6,1,0,0,0,0,0,0,0,0,3457.8,2,0,0,0,0,0,0,0,0
196,2017-04-19,09:31:38,600,IF1704,CCFX,3457.6,3445.0,3459.6,655,678894000,18688,19123,3818,3124,3471,3462.6,0.0,3459.2,0,0,0,2017-04-19,34298600,3457.4,13,0,0,0,0,0,0,0,0,3457.8,3,0,0,0,0,0,0,0,0
197,2017-04-19,09:31:39,100,IF1704,CCFX,3457.8,3445.0,3459.6,656,679931340,18687,19123,3818,3124,3471,3462.6,0.0,3459.2,0,0,0,2017-04-19,34299100,3457.4,13,0,0,0,0,0,0,0,0,3457.6,1,0,0,0,0,0,0,0,0
198,2017-04-19,09:31:40,100,IF1704,CCFX,3457.8,3445.0,3459.6,657,680968680,18686,19123,3818,3124,3471,3462.6,0.0,3459.2,0,0,0,2017-04-19,34300100,3457.4,13,0,0,0,0,0,0,0,0,3457.6,2,0,0,0,0,0,0,0,0
199,2017-04-19,09:31:40,600,IF1704,CCFX,3457.8,3445.0,3459.6,657,680968680,18686,19123,3818,3124,3471,3462.6,0.0,3459.2,0,0,0,2017-04-19,34300600,3457.4,13,0,0,0,0,0,0,0,0,3457.6,3,0,0,0,0,0,0,0,0
200,2017-04-19,09:31:42,100,IF1704,CCFX,3457.8,3445.0,3459.6,658,682006020,18685,19123,3818,3124,3471,3462.6,0.0,3459.2,0,0,0,2017-04-19,34302100,3457.4,13,0,0,0,0,0,0,0,0,3457.6,2,0,0,0,0,0,0,0,0
201,2017-04-19,09:31:43,100,IF1704,CCFX,3457.6,3445.0,3459.6,662,686155020,18681,19123,3818,3124,3471,3462.6,0.0,3459.2,0,0,0,2017-04-19,34303100,3457.4,11,0,0,0,0,0,0,0,0,3457.6,2,0,0,0,0,0,0,0,0
202,2017-04-19,09:31:43,600,IF1704,CCFX,3457.6,3445.0,3459.6,662,686155020,18681,19123,3818,3124,3471,3462.6,0.0,3459.2,0,0,0,2017-04-19,34303600,3457.4,11,0,0,0,0,0,0,0,0,3457.6,4,0,0,0,0,0,0,0,0
203,2017-04-19,09:31:44,100,IF1704,CCFX,3457.4,3445.0,3459.6,665,689266680,18678,19123,3818,3124,3471,3462.6,0.0,3459.2,0,0,0,2017-04-19,34304100,3457.4,9,0,0,0,0,0,0,0,0,3457.6,4,0,0,0,0,0,0,0,0
204,2017-04-19,09:31:44,600,IF1704,CCFX,3457.4,3445.0,3459.6,670,694452780,18673,19123,3818,3124,3471,3462.6,0.0,3459.2,0,0,0,2017-04-19,34304600,3457.4,4,0,0,0,0,0,0,0,0,3457.6,4,0,0,0,0,0,0,0,0
205,2017-04-19,09:31:45,100,IF1704,CCFX,3457.4,3445.0,3459.6,675,699638880,18670,19123,3818,3124,3471,3462.6,0.0,3459.2,0,0,0,2017-04-19,34305100,3456.8,4,0,0,0,0,0,0,0,0,3457.2,1,0,0,0,0,0,0,0,0
206,2017-04-19,09:31:45,600,IF1704,CCFX,3457.0,3445.0,3459.6,677,701713020,18669,19123,3818,3124,3471,3462.6,0.0,3459.2,0,0,0,2017-04-19,34305600,3456.8,3,0,0,0,0,0,0,0,0,3457.2,3,0,0,0,0,0,0,0,0
207,2017-04-19,09:31:46,100,IF1704,CCFX,3457.0,3445.0,3459.6,679,703787160,18668,19123,3818,3124,3471,3462.6,0.0,3459.2,0,0,0,2017-04-19,34306100,3456.8,2,0,0,0,0,0,0,0,0,3457.0,1,0,0,0,0,0,0,0,0
208,2017-04-19,09:31:46,600,IF1704,CCFX,3456.8,3445.0,3459.6,683,707935320,18669,19123,3818,3124,3471,3462.6,0.0,3459.2,0,0,0,2017-04-19,34306600,3455.6,3,0,0,0,0,0,0,0,0,3457.0,2,0,0,0,0,0,0,0,0
209,2017-04-19,09:31:47,100,IF1704,CCFX,3457.2,3445.0,3459.6,690,715195380,18663,19123,3818,3124,3471,3462.6,0.0,3459.2,0,0,0,2017-04-19,34307100,3455.8,5,0,0,0,0,0,0,0,0,3457.6,2,0,0,0,0,0,0,0,0
210,2017-04-19,09:31:47,600,IF1704,CCFX,3457.2,3445.0,3459.6,690,715195380,18663,19123,3818,3124,3471,3462.6,0.0,3459.2,0,0,0,2017-04-19,34307600,3457.0,1,0,0,0,0,0,0,0,0,3457.4,1,0,0,0,0,0,0,0,0
211,2017-04-19,09:31:48,100,IF1704,CCFX,3457.2,3445.0,3459.6,690,715195380,18663,19123,3818,3124,3471,3462.6,0.0,3459.2,0,0,0,2017-04-19,34308100,3457.0,1,0,0,0,0,0,0,0,0,3457.4,1,0,0,0,0,0,0,0,0
212,2017-04-19,09:31:48,600,IF1704,CCFX,3457.2,3445.0,3459.6,690,715195380,18663,19123,3818,3124,3471,3462.6,0.0,3459.2,0,0,0,2017-04-19,34308600,3457.0,1,0,0,0,0,0,0,0,0,3457.4,1,0,0,0,0,0,0,0,0
213,2017-04-19,09:31:49,100,IF1704,CCFX,3457.4,3445.0,3459.6,691,716232600,18662,19123,3818,3124,3471,3462.6,0.0,3459.2,0,0,0,2017-04-19,34309100,3457.2,1,0,0,0,0,0,0,0,0,3457.6,3,0,0,0,0,0,0,0,0
214,2017-04-19,09:31:49,600,IF1704,CCFX,3457.4,3445.0,3459.6,691,716232600,18662,19123,3818,3124,3471,3462.6,0.0,3459.2,0,0,0,2017-04-19,34309600,3457.2,1,0,0,0,0,0,0,0,0,3457.4,1,0,0,0,0,0,0,0,0
215,2017-04-19,09:31:50,100,IF1704,CCFX,3457.4,3445.0,3459.6,691,716232600,18662,19123,3818,3124,3471,3462.6,0.0,3459.2,0,0,0,2017-04-19,34310100,3457.2,1,0,0,0,0,0,0,0,0,3457.4,2,0,0,0,0,0,0,0,0
216,2017-04-19,09:31:50,600,IF1704,CCFX,3457.4,3445.0,3459.6,691,716232600,18662,19123,3818,3124,3471,3462.6,0.0,3459.2,0,0,0,2017-04-19,34310600,3457.2,1,0,0,0,0,0,0,0,0,3457.4,3,0,0,0,0,0,0,0,0
217,2017-04-19,09:31:51,100,IF1704,CCFX,3457.4,3445.0,3459.6,691,716232600,18662,19123,3818,3124,3471,3462.6,0.0,3459.2,0,0,0,2017-04-19,34311100,3457.2,1,0,0,0,0,0,0,0,0,3457.4,3,0,0,0,0,0,0,0,0
218,2017-04-19,09:31:51,600,IF1704,CCFX,3457.2,3445.0,3459.6,693,718306980,18660,19123,3818,3124,3471,3462.6,0.0,3459.2,0,0,0,2017-04-19,34311600,3457.0,1,0,0,0,0,0,0,0,0,3457.2,1,0,0,0,0,0,0,0,0
219,2017-04-19,09:31:52,100,IF1704,CCFX,3457.2,3445.0,3459.6,695,720381240,18658,19123,3818,3124,3471,3462.6,0.0,3459.2,0,0,0,2017-04-19,34312100,3456.6,1,0,0,0,0,0,0,0,0,3457.4,2,0,0,0,0,0,0,0,0
220,2017-04-19,09:31:52,600,IF1704,CCFX,3457.4,3445.0,3459.6,698,723492840,18656,19123,3818,3124,3471,3462.6,0.0,3459.2,0,0,0,2017-04-19,34312600,3457.4,17,0,0,0,0,0,0,0,0,3457.6,4,0,0,0,0,0,0,0,0
221,2017-04-19,09:31:53,100,IF1704,CCFX,3457.4,3445.0,3459.6,708,733865520,18646,19123,3818,3124,3471,3462.6,0.0,3459.2,0,0,0,2017-04-19,34313100,3457.4,13,0,0,0,0,0,0,0,0,3458.0,1,0,0,0,0,0,0,0,0
222,2017-04-19,09:31:53,600,IF1704,CCFX,3457.4,3445.0,3459.6,711,736977180,18643,19123,3818,3124,3471,3462.6,0.0,3459.2,0,0,0,2017-04-19,34313600,3457.4,10,0,0,0,0,0,0,0,0,3458.0,1,0,0,0,0,0,0,0,0
223,2017-04-19,09:31:54,100,IF1704,CCFX,3457.4,3445.0,3459.6,711,736977180,18643,19123,3818,3124,3471,3462.6,0.0,3459.2,0,0,0,2017-04-19,34314100,3457.4,10,0,0,0,0,0,0,0,0,3457.8,1,0,0,0,0,0,0,0,0
224,2017-04-19,09:31:54,600,IF1704,CCFX,3457.4,3445.0,3459.6,711,736977180,18643,19123,3818,3124,3471,3462.6,0.0,3459.2,0,0,0,2017-04-19,34314600,3457.6,1,0,0,0,0,0,0,0,0,3457.8,1,0,0,0,0,0,0,0,0
225,2017-04-19,09:31:55,100,IF1704,CCFX,3457.4,3445.0,3459.6,711,736977180,18643,19123,3818,3124,3471,3462.6,0.0,3459.2,0,0,0,2017-04-19,34315100,3457.6,1,0,0,0,0,0,0,0,0,3457.8,1,0,0,0,0,0,0,0,0
226,2017-04-19,09:31:55,600,IF1704,CCFX,3457.6,3445.0,3459.6,713,739051800,18642,19123,3818,3124,3471,3462.6,0.0,3459.2,0,0,0,2017-04-19,34315600,3457.4,10,0,0,0,0,0,0,0,0,3458.0,2,0,0,0,0,0,0,0,0
227,2017-04-19,09:31:56,100,IF1704,CCFX,3457.6,3445.0,3459.6,713,739051800,18642,19123,3818,3124,3471,3462.6,0.0,3459.2,0,0,0,2017-04-19,34316100,3457.4,10,0,0,0,0,0,0,0,0,3457.8,1,0,0,0,0,0,0,0,0
228,2017-04-19,09:31:57,600,IF1704,CCFX,3457.8,3445.0,3459.6,714,740089140,18641,19123,3818,3124,3471,3462.6,0.0,3459.2,0,0,0,2017-04-19,34317600,3457.8,1,0,0,0,0,0,0,0,0,3458.0,2,0,0,0,0,0,0,0,0
229,2017-04-19,09:31:58,100,IF1704,CCFX,3458.0,3445.0,3459.6,715,741126540,18640,19123,3818,3124,3471,3462.6,0.0,3459.2,0,0,0,2017-04-19,34318100,3457.8,1,0,0,0,0,0,0,0,0,3458.0,1,0,0,0,0,0,0,0,0
230,2017-04-19,09:31:58,600,IF1704,CCFX,3458.0,3445.0,3459.6,716,742163940,18639,19123,3818,3124,3471,3462.6,0.0,3459.2,0,0,0,2017-04-19,34318600,3458.0,1,0,0,0,0,0,0,0,0,3458.2,4,0,0,0,0,0,0,0,0
231,2017-04-19,09:31:59,100,IF1704,CCFX,3457.4,3445.0,3459.6,719,745275900,18636,19123,3818,3124,3471,3462.6,0.0,3459.2,0,0,0,2017-04-19,34319100,3457.4,10,0,0,0,0,0,0,0,0,3458.2,4,0,0,0,0,0,0,0,0
232,2017-04-19,09:31:59,600,IF1704,CCFX,3457.4,3445.0,3459.6,724,750462000,18634,19123,3818,3124,3471,3462.6,0.0,3459.2,0,0,0,2017-04-19,34319600,3457.6,2,0,0,0,0,0,0,0,0,3458.0,1,0,0,0,0,0,0,0,0
233,2017-04-19,09:32:00,100,IF1704,CCFX,3458.0,3445.0,3459.6,726,752536680,18633,19123,3818,3124,3471,3462.6,0.0,3459.2,0,0,0,2017-04-19,34320100,3457.6,1,0,0,0,0,0,0,0,0,3458.2,4,0,0,0,0,0,0,0,0
234,2017-04-19,09:32:00,600,IF1704,CCFX,3458.0,3445.0,3459.6,726,752536680,18633,19123,3818,3124,3471,3462.6,0.0,3459.2,0,0,0,2017-04-19,34320600,3457.6,1,0,0,0,0,0,0,0,0,3458.0,1,0,0,0,0,0,0,0,0
235,2017-04-19,09:32:01,100,IF1704,CCFX,3458.2,3445.0,3459.6,730,756685980,18629,19123,3818,3124,3471,3462.6,0.0,3459.2,0,0,0,2017-04-19,34321100,3457.4,5,0,0,0,0,0,0,0,0,3458.2,3,0,0,0,0,0,0,0,0
236,2017-04-19,09:32:02,100,IF1704,CCFX,3457.4,3445.0,3459.6,732,758760420,18628,19123,3818,3124,3471,3462.6,0.0,3459.2,0,0,0,2017-04-19,34322100,3457.4,3,0,0,0,0,0,0,0,0,3458.0,1,0,0,0,0,0,0,0,0
237,2017-04-19,09:32:02,600,IF1704,CCFX,3458.2,3445.0,3459.6,734,760835280,18627,19123,3818,3124,3471,3462.6,0.0,3459.2,0,0,0,2017-04-19,34322600,3457.4,3,0,0,0,0,0,0,0,0,3458.2,2,0,0,0,0,0,0,0,0
238,2017-04-19,09:32:03,100,IF1704,CCFX,3458.2,3445.0,3459.6,734,760835280,18627,19123,3818,3124,3471,3462.6,0.0,3459.2,0,0,0,2017-04-19,34323100,3457.4,3,0,0,0,0,0,0,0,0,3458.2,2,0,0,0,0,0,0,0,0
239,2017-04-19,09:32:03,600,IF1704,CCFX,3458.2,3445.0,3459.6,734,760835280,18627,19123,3818,3124,3471,3462.6,0.0,3459.2,0,0,0,2017-04-19,34323600,3457.4,3,0,0,0,0,0,0,0,0,3458.2,3,0,0,0,0,0,0,0,0
240,2017-04-19,09:32:04,100,IF1704,CCFX,3457.4,3445.0,3459.6,735,761872500,18626,19123,3818,3124,3471,3462.6,0.0,3459.2,0,0,0,2017-04-19,34324100,3457.4,2,0,0,0,0,0,0,0,0,3458.0,1,0,0,0,0,0,0,0,0
241,2017-04-19,09:32:04,600,IF1704,CCFX,3458.0,3445.0,3459.6,736,762909900,18626,19123,3818,3124,3471,3462.6,0.0,3459.2,0,0,0,2017-04-19,34324600,3457.4,2,0,0,0,0,0,0,0,0,3458.2,3,0,0,0,0,0,0,0,0
242,2017-04-19,09:32:05,100,IF1704,CCFX,3457.4,3445.0,3459.6,737,763947120,18625,19123,3818,3124,3471,3462.6,0.0,3459.2,0,0,0,2017-04-19,34325100,3457.4,1,0,0,0,0,0,0,0,0,3458.2,3,0,0,0,0,0,0,0,0
243,2017-04-19,09:32:05,600,IF1704,CCFX,3457.4,3445.0,3459.6,738,764984340,18624,19123,3818,3124,3471,3462.6,0.0,3459.2,0,0,0,2017-04-19,34325600,3456.6,1,0,0,0,0,0,0,0,0,3456.8,2,0,0,0,0,0,0,0,0
244,2017-04-19,09:32:06,100,IF1704,CCFX,3458.2,3445.0,3459.6,742,769132920,18621,19123,3818,3124,3471,3462.6,0.0,3459.2,0,0,0,2017-04-19,34326100,3456.8,5,0,0,0,0,0,0,0,0,3457.4,1,0,0,0,0,0,0,0,0
245,2017-04-19,09:32:06,600,IF1704,CCFX,3458.2,3445.0,3459.6,742,769132920,18621,19123,3818,3124,3471,3462.6,0.0,3459.2,0,0,0,2017-04-19,34326600,3456.8,4,0,0,0,0,0,0,0,0,3457.0,3,0,0,0,0,0,0,0,0
246,2017-04-19,09:32:07,100,IF1704,CCFX,3457.4,3445.0,3459.6,746,773281800,18617,19123,3818,3124,3471,3462.6,0.0,3459.2,0,0,0,2017-04-19,34327100,3456.8,4,0,0,0,0,0,0,0,0,3457.4,1,0,0,0,0,0,0,0,0
247,2017-04-19,09:32:07,600,IF1704,CCFX,3457.4,3445.0,3459.6,747,774319020,18616,19123,3818,3124,3471,3462.6,0.0,3459.2,0,0,0,2017-04-19,34327600,3457.6,1,0,0,0,0,0,0,0,0,3458.2,3,0,0,0,0,0,0,0,0
248,2017-04-19,09:32:08,100,IF1704,CCFX,3457.4,3445.0,3459.6,747,774319020,18616,19123,3818,3124,3471,3462.6,0.0,3459.2,0,0,0,2017-04-19,34328100,3457.6,1,0,0,0,0,0,0,0,0,3458.2,3,0,0,0,0,0,0,0,0
249,2017-04-19,09:32:08,600,IF1704,CCFX,3457.4,3445.0,3459.6,749,776393520,18615,19123,3818,3124,3471,3462.6,0.0,3459.2,0,0,0,2017-04-19,34328600,3457.0,2,0,0,0,0,0,0,0,0,3457.6,1,0,0,0,0,0,0,0,0
250,2017-04-19,09:32:09,100,IF1704,CCFX,3457.6,3445.0,3459.6,750,777430800,18614,19123,3818,3124,3471,3462.6,0.0,3459.2,0,0,0,2017-04-19,34329100,3457.0,2,0,0,0,0,0,0,0,0,3458.0,1,0,0,0,0,0,0,0,0
251,2017-04-19,09:32:09,600,IF1704,CCFX,3457.6,3445.0,3459.6,750,777430800,18614,19123,3818,3124,3471,3462.6,0.0,3459.2,0,0,0,2017-04-19,34329600,3457.0,2,0,0,0,0,0,0,0,0,3458.0,1,0,0,0,0,0,0,0,0
252,2017-04-19,09:32:10,100,IF1704,CCFX,3457.6,3445.0,3459.6,750,777430800,18614,19123,3818,3124,3471,3462.6,0.0,3459.2,0,0,0,2017-04-19,34330100,3457.0,2,0,0,0,0,0,0,0,0,3457.8,1,0,0,0,0,0,0,0,0
253,2017-04-19,09:32:10,600,IF1704,CCFX,3457.8,3445.0,3459.6,752,779505420,18613,19123,3818,3124,3471,3462.6,0.0,3459.2,0,0,0,2017-04-19,34330600,3457.0,2,0,0,0,0,0,0,0,0,3458.0,1,0,0,0,0,0,0,0,0
254,2017-04-19,09:32:11,100,IF1704,CCFX,3457.8,3445.0,3459.6,753,780542760,18612,19123,3818,3124,3471,3462.6,0.0,3459.2,0,0,0,2017-04-19,34331100,3457.0,2,0,0,0,0,0,0,0,0,3457.6,2,0,0,0,0,0,0,0,0
255,2017-04-19,09:32:11,600,IF1704,CCFX,3457.8,3445.0,3459.6,754,781580100,18611,19123,3818,3124,3471,3462.6,0.0,3459.2,0,0,0,2017-04-19,34331600,3457.0,2,0,0,0,0,0,0,0,0,3457.6,1,0,0,0,0,0,0,0,0
256,2017-04-19,09:32:12,100,IF1704,CCFX,3457.8,3445.0,3459.6,755,782617440,18610,19123,3818,3124,3471,3462.6,0.0,3459.2,0,0,0,2017-04-19,34332100,3457.0,2,0,0,0,0,0,0,0,0,3458.0,2,0,0,0,0,0,0,0,0
257,2017-04-19,09:32:12,600,IF1704,CCFX,3458.0,3445.0,3459.6,757,784692000,18609,19123,3818,3124,3471,3462.6,0.0,3459.2,0,0,0,2017-04-19,34332600,3457.0,2,0,0,0,0,0,0,0,0,3458.0,1,0,0,0,0,0,0,0,0
258,2017-04-19,09:32:13,100,IF1704,CCFX,3458.0,3445.0,3459.6,758,785729400,18608,19123,3818,3124,3471,3462.6,0.0,3459.2,0,0,0,2017-04-19,34333100,3457.0,2,0,0,0,0,0,0,0,0,3457.8,1,0,0,0,0,0,0,0,0
259,2017-04-19,09:32:13,600,IF1704,CCFX,3458.0,3445.0,3459.6,758,785729400,18608,19123,3818,3124,3471,3462.6,0.0,3459.2,0,0,0,2017-04-19,34333600,3457.2,1,0,0,0,0,0,0,0,0,3457.8,1,0,0,0,0,0,0,0,0
260,2017-04-19,09:32:14,100,IF1704,CCFX,3458.0,3445.0,3459.6,759,786766800,18607,19123,3818,3124,3471,3462.6,0.0,3459.2,0,0,0,2017-04-19,34334100,3457.2,1,0,0,0,0,0,0,0,0,3458.0,1,0,0,0,0,0,0,0,0
261,2017-04-19,09:32:14,600,IF1704,CCFX,3458.0,3445.0,3459.6,760,787804200,18607,19123,3818,3124,3471,3462.6,0.0,3459.2,0,0,0,2017-04-19,34334600,3457.2,1,0,0,0,0,0,0,0,0,3458.2,2,0,0,0,0,0,0,0,0
262,2017-04-19,09:32:15,100,IF1704,CCFX,3458.0,3445.0,3459.6,760,787804200,18607,19123,3818,3124,3471,3462.6,0.0,3459.2,0,0,0,2017-04-19,34335100,3457.2,1,0,0,0,0,0,0,0,0,3458.0,1,0,0,0,0,0,0,0,0
263,2017-04-19,09:32:15,600,IF1704,CCFX,3458.0,3445.0,3459.6,761,788841600,18606,19123,3818,3124,3471,3462.6,0.0,3459.2,0,0,0,2017-04-19,34335600,3457.4,2,0,0,0,0,0,0,0,0,3458.2,2,0,0,0,0,0,0,0,0
264,2017-04-19,09:32:16,100,IF1704,CCFX,3458.2,3445.0,3459.6,763,790916280,18604,19123,3818,3124,3471,3462.6,0.0,3459.2,0,0,0,2017-04-19,34336100,3457.4,1,0,0,0,0,0,0,0,0,3458.2,1,0,0,0,0,0,0,0,0
265,2017-04-19,09:32:16,600,IF1704,CCFX,3458.2,3445.0,3459.6,764,791953740,18603,19123,3818,3124,3471,3462.6,0.0,3459.2,0,0,0,2017-04-19,34336600,3457.4,1,0,0,0,0,0,0,0,0,3458.4,1,0,0,0,0,0,0,0,0
266,2017-04-19,09:32:17,600,IF1704,CCFX,3458.2,3445.0,3459.6,764,791953740,18603,19123,3818,3124,3471,3462.6,0.0,3459.2,0,0,0,2017-04-19,34337600,3457.6,2,0,0,0,0,0,0,0,0,3458.2,1,0,0,0,0,0,0,0,0
267,2017-04-19,09:32:18,100,IF1704,CCFX,3458.2,3445.0,3459.6,764,791953740,18603,19123,3818,3124,3471,3462.6,0.0,3459.2,0,0,0,2017-04-19,34338100,3457.8,3,0,0,0,0,0,0,0,0,3458.2,1,0,0,0,0,0,0,0,0
268,2017-04-19,09:32:18,600,IF1704,CCFX,3458.2,3445.0,3459.6,765,792991200,18602,19123,3818,3124,3471,3462.6,0.0,3459.2,0,0,0,2017-04-19,34338600,3458.2,5,0,0,0,0,0,0,0,0,3458.4,1,0,0,0,0,0,0,0,0
269,2017-04-19,09:32:19,100,IF1704,CCFX,3458.4,3445.0,3459.6,766,794028720,18601,19123,3818,3124,3471,3462.6,0.0,3459.2,0,0,0,2017-04-19,34339100,3458.4,1,0,0,0,0,0,0,0,0,3458.6,2,0,0,0,0,0,0,0,0
270,2017-04-19,09:32:19,600,IF1704,CCFX,3458.6,3445.0,3459.6,768,796103880,18599,19123,3818,3124,3471,3462.6,0.0,3459.2,0,0,0,2017-04-19,34339600,3458.6,3,0,0,0,0,0,0,0,0,3458.8,2,0,0,0,0,0,0,0,0
271,2017-04-19,09:32:20,100,IF1704,CCFX,3458.8,3445.0,3459.6,770,798179100,18599,19123,3818,3124,3471,3462.6,0.0,3459.2,0,0,0,2017-04-19,34340100,3458.6,2,0,0,0,0,0,0,0,0,3458.8,1,0,0,0,0,0,0,0,0
272,2017-04-19,09:32:20,600,IF1704,CCFX,3458.8,3445.0,3459.6,771,799216740,18598,19123,3818,3124,3471,3462.6,0.0,3459.2,0,0,0,2017-04-19,34340600,3458.8,2,0,0,0,0,0,0,0,0,3459.0,8,0,0,0,0,0,0,0,0
273,2017-04-19,09:32:21,100,IF1704,CCFX,3458.8,3445.0,3459.6,772,800254380,18598,19123,3818,3124,3471,3462.6,0.0,3459.2,0,0,0,2017-04-19,34341100,3458.8,1,0,0,0,0,0,0,0,0,3459.0,8,0,0,0,0,0,0,0,0
274,2017-04-19,09:32:21,600,IF1704,CCFX,3459.0,3445.0,3459.6,776,804405120,18594,19123,3818,3124,3471,3462.6,0.0,3459.2,0,0,0,2017-04-19,34341600,3458.0,2,0,0,0,0,0,0,0,0,3459.0,5,0,0,0,0,0,0,0,0
275,2017-04-19,09:32:22,100,IF1704,CCFX,3459.0,3445.0,3459.6,778,806480520,18592,19123,3818,3124,3471,3462.6,0.0,3459.2,0,0,0,2017-04-19,34342100,3458.8,1,0,0,0,0,0,0,0,0,3459.0,3,0,0,0,0,0,0,0,0
276,2017-04-19,09:32:22,600,IF1704,CCFX,3459.0,3445.0,3459.6,781,809593560,18589,19123,3818,3124,3471,3462.6,0.0,3459.2,0,0,0,2017-04-19,34342600,3458.2,4,0,0,0,0,0,0,0,0,3459.0,1,0,0,0,0,0,0,0,0
277,2017-04-19,09:32:23,100,IF1704,CCFX,3459.0,3445.0,3459.6,781,809593560,18589,19123,3818,3124,3471,3462.6,0.0,3459.2,0,0,0,2017-04-19,34343100,3458.8,1,0,0,0,0,0,0,0,0,3459.0,1,0,0,0,0,0,0,0,0
278,2017-04-19,09:32:23,600,IF1704,CCFX,3458.8,3445.0,3459.6,787,815819760,18586,19123,3818,3124,3471,3462.6,0.0,3459.2,0,0,0,2017-04-19,34343600,3458.2,4,0,0,0,0,0,0,0,0,3459.2,1,0,0,0,0,0,0,0,0
279,2017-04-19,09:32:24,100,IF1704,CCFX,3458.8,3445.0,3459.6,787,815819760,18586,19123,3818,3124,3471,3462.6,0.0,3459.2,0,0,0,2017-04-19,34344100,3458.4,1,0,0,0,0,0,0,0,0,3459.2,1,0,0,0,0,0,0,0,0
280,2017-04-19,09:32:24,600,IF1704,CCFX,3458.8,3445.0,3459.6,787,815819760,18586,19123,3818,3124,3471,3462.6,0.0,3459.2,0,0,0,2017-04-19,34344600,3458.4,2,0,0,0,0,0,0,0,0,3459.2,1,0,0,0,0,0,0,0,0
281,2017-04-19,09:32:25,100,IF1704,CCFX,3458.4,3445.0,3459.6,789,817895040,18585,19123,3818,3124,3471,3462.6,0.0,3459.2,0,0,0,2017-04-19,34345100,3458.4,1,0,0,0,0,0,0,0,0,3459.0,1,0,0,0,0,0,0,0,0
282,2017-04-19,09:32:25,600,IF1704,CCFX,3459.4,3445.0,3459.6,791,819970560,18583,19123,3818,3124,3471,3462.6,0.0,3459.2,0,0,0,2017-04-19,34345600,3458.4,1,0,0,0,0,0,0,0,0,3459.4,2,0,0,0,0,0,0,0,0
283,2017-04-19,09:32:26,100,IF1704,CCFX,3459.4,3445.0,3459.6,793,822046200,18582,19123,3818,3124,3471,3462.6,0.0,3459.2,0,0,0,2017-04-19,34346100,3458.6,1,0,0,0,0,0,0,0,0,3459.6,3,0,0,0,0,0,0,0,0
284,2017-04-19,09:32:26,600,IF1704,CCFX,3459.6,3445.0,3459.6,794,823084080,18582,19123,3818,3124,3471,3462.6,0.0,3459.2,0,0,0,2017-04-19,34346600,3458.8,1,0,0,0,0,0,0,0,0,3459.2,1,0,0,0,0,0,0,0,0
285,2017-04-19,09:32:27,100,IF1704,CCFX,3459.2,3445.0,3459.6,795,824121840,18582,19123,3818,3124,3471,3462.6,0.0,3459.2,0,0,0,2017-04-19,34347100,3459.2,2,0,0,0,0,0,0,0,0,3459.6,2,0,0,0,0,0,0,0,0
286,2017-04-19,09:32:27,600,IF1704,CCFX,3459.2,3445.0,3459.6,797,826197480,18580,19123,3818,3124,3471,3462.6,0.0,3459.2,0,0,0,2017-04-19,34347600,3459.2,2,0,0,0,0,0,0,0,0,3459.6,1,0,0,0,0,0,0,0,0
287,2017-04-19,09:32:28,100,IF1704,CCFX,3459.2,3445.0,3459.8,802,831386760,18576,19123,3818,3124,3471,3462.6,0.0,3459.2,0,0,0,2017-04-19,34348100,3459.0,4,0,0,0,0,0,0,0,0,3459.8,3,0,0,0,0,0,0,0,0
288,2017-04-19,09:32:28,600,IF1704,CCFX,3459.8,3445.0,3459.8,803,832424700,18575,19123,3818,3124,3471,3462.6,0.0,3459.2,0,0,0,2017-04-19,34348600,3459.0,4,0,0,0,0,0,0,0,0,3459.8,2,0,0,0,0,0,0,0,0
289,2017-04-19,09:32:29,100,IF1704,CCFX,3459.2,3445.0,3459.8,806,835538340,18573,19123,3818,3124,3471,3462.6,0.0,3459.2,0,0,0,2017-04-19,34349100,3459.2,3,0,0,0,0,0,0,0,0,3460.0,3,0,0,0,0,0,0,0,0
290,2017-04-19,09:32:29,600,IF1704,CCFX,3460.0,3445.0,3460.0,808,837614100,18571,19123,3818,3124,3471,3462.6,0.0,3459.2,0,0,0,2017-04-19,34349600,3459.4,1,0,0,0,0,0,0,0,0,3460.0,2,0,0,0,0,0,0,0,0
291,2017-04-19,09:32:30,100,IF1704,CCFX,3460.0,3445.0,3460.0,809,838652100,18570,19123,3818,3124,3471,3462.6,0.0,3459.2,0,0,0,2017-04-19,34350100,3459.6,1,0,0,0,0,0,0,0,0,3460.0,1,0,0,0,0,0,0,0,0
292,2017-04-19,09:32:30,600,IF1704,CCFX,3460.0,3445.0,3460.0,810,839690100,18569,19123,3818,3124,3471,3462.6,0.0,3459.2,0,0,0,2017-04-19,34350600,3460.0,1,0,0,0,0,0,0,0,0,3460.2,1,0,0,0,0,0,0,0,0
293,2017-04-19,09:32:31,100,IF1704,CCFX,3460.2,3445.0,3460.2,812,841766160,18567,19123,3818,3124,3471,3462.6,0.0,3459.2,0,0,0,2017-04-19,34351100,3459.8,2,0,0,0,0,0,0,0,0,3460.0,1,0,0,0,0,0,0,0,0
294,2017-04-19,09:32:31,600,IF1704,CCFX,3460.2,3445.0,3460.2,813,842804220,18566,19123,3818,3124,3471,3462.6,0.0,3459.2,0,0,0,2017-04-19,34351600,3459.8,2,0,0,0,0,0,0,0,0,3460.4,2,0,0,0,0,0,0,0,0
295,2017-04-19,09:32:32,100,IF1704,CCFX,3460.2,3445.0,3460.2,813,842804220,18566,19123,3818,3124,3471,3462.6,0.0,3459.2,0,0,0,2017-04-19,34352100,3459.8,2,0,0,0,0,0,0,0,0,3460.2,2,0,0,0,0,0,0,0,0
296,2017-04-19,09:32:32,600,IF1704,CCFX,3460.2,3445.0,3460.2,813,842804220,18566,19123,3818,3124,3471,3462.6,0.0,3459.2,0,0,0,2017-04-19,34352600,3459.8,3,0,0,0,0,0,0,0,0,3460.0,1,0,0,0,0,0,0,0,0
297,2017-04-19,09:32:33,100,IF1704,CCFX,3459.8,3445.0,3460.2,814,843842160,18566,19123,3818,3124,3471,3462.6,0.0,3459.2,0,0,0,2017-04-19,34353100,3459.8,2,0,0,0,0,0,0,0,0,3460.0,1,0,0,0,0,0,0,0,0
298,2017-04-19,09:32:33,600,IF1704,CCFX,3459.8,3445.0,3460.2,814,843842160,18566,19123,3818,3124,3471,3462.6,0.0,3459.2,0,0,0,2017-04-19,34353600,3459.8,2,0,0,0,0,0,0,0,0,3460.0,1,0,0,0,0,0,0,0,0
299,2017-04-19,09:32:34,100,IF1704,CCFX,3459.8,3445.0,3460.2,814,843842160,18566,19123,3818,3124,3471,3462.6,0.0,3459.2,0,0,0,2017-04-19,34354100,3459.8,2,0,0,0,0,0,0,0,0,3460.0,1,0,0,0,0,0,0,0,0
300,2017-04-19,09:32:34,600,IF1704,CCFX,3459.8,3445.0,3460.2,818,847993920,18568,19123,3818,3124,3471,3462.6,0.0,3459.2,0,0,0,2017-04-19,34354600,3459.6,2,0,0,0,0,0,0,0,0,3459.8,6,0,0,0,0,0,0,0,0
301,2017-04-19,09:32:35,100,IF1704,CCFX,3459.6,3445.0,3460.2,820,850069680,18568,19123,3818,3124,3471,3462.6,0.0,3459.2,0,0,0,2017-04-19,34355100,3459.0,1,0,0,0,0,0,0,0,0,3459.6,2,0,0,0,0,0,0,0,0
302,2017-04-19,09:32:35,600,IF1704,CCFX,3459.0,3445.0,3460.2,821,851107380,18567,19123,3818,3124,3471,3462.6,0.0,3459.2,0,0,0,2017-04-19,34355600,3458.4,2,0,0,0,0,0,0,0,0,3459.0,2,0,0,0,0,0,0,0,0
303,2017-04-19,09:32:36,100,IF1704,CCFX,3459.8,3445.0,3460.2,831,861486000,18560,19123,3818,3124,3471,3462.6,0.0,3459.2,0,0,0,2017-04-19,34356100,3458.6,1,0,0,0,0,0,0,0,0,3459.8,5,0,0,0,0,0,0,0,0
304,2017-04-19,09:32:36,600,IF1704,CCFX,3459.6,3445.0,3460.2,832,862523880,18559,19123,3818,3124,3471,3462.6,0.0,3459.2,0,0,0,2017-04-19,34356600,3459.6,19,0,0,0,0,0,0,0,0,3459.8,5,0,0,0,0,0,0,0,0
305,2017-04-19,09:32:37,100,IF1704,CCFX,3459.6,3445.0,3460.2,837,867713460,18555,19123,3818,3124,3471,3462.6,0.0,3459.2,0,0,0,2017-04-19,34357100,3459.6,17,0,0,0,0,0,0,0,0,3459.8,2,0,0,0,0,0,0,0,0
306,2017-04-19,09:32:37,600,IF1704,CCFX,3459.8,3445.0,3460.2,839,869789340,18554,19123,3818,3124,3471,3462.6,0.0,3459.2,0,0,0,2017-04-19,34357600,3459.6,17,0,0,0,0,0,0,0,0,3460.0,1,0,0,0,0,0,0,0,0
307,2017-04-19,09:32:38,100,IF1704,CCFX,3459.6,3445.0,3460.2,840,870827220,18553,19123,3818,3124,3471,3462.6,0.0,3459.2,0,0,0,2017-04-19,34358100,3459.6,16,0,0,0,0,0,0,0,0,3460.0,1,0,0,0,0,0,0,0,0
308,2017-04-19,09:32:38,600,IF1704,CCFX,3459.6,3445.0,3460.2,840,870827220,18553,19123,3818,3124,3471,3462.6,0.0,3459.2,0,0,0,2017-04-19,34358600,3459.8,1,0,0,0,0,0,0,0,0,3460.0,1,0,0,0,0,0,0,0,0
309,2017-04-19,09:32:39,100,IF1704,CCFX,3460.0,3445.0,3460.2,841,871865220,18553,19123,3818,3124,3471,3462.6,0.0,3459.2,0,0,0,2017-04-19,34359100,3459.8,1,0,0,0,0,0,0,0,0,3460.2,1,0,0,0,0,0,0,0,0
310,2017-04-19,09:32:39,600,IF1704,CCFX,3460.0,3445.0,3460.2,841,871865220,18553,19123,3818,3124,3471,3462.6,0.0,3459.2,0,0,0,2017-04-19,34359600,3459.8,1,0,0,0,0,0,0,0,0,3460.0,1,0,0,0,0,0,0,0,0
311,2017-04-19,09:32:40,100,IF1704,CCFX,3459.8,3445.0,3460.2,842,872903160,18553,19123,3818,3124,3471,3462.6,0.0,3459.2,0,0,0,2017-04-19,34360100,3459.6,16,0,0,0,0,0,0,0,0,3459.8,2,0,0,0,0,0,0,0,0
312,2017-04-19,09:32:40,600,IF1704,CCFX,3459.6,3445.0,3460.2,852,883281960,18547,19123,3818,3124,3471,3462.6,0.0,3459.2,0,0,0,2017-04-19,34360600,3459.6,6,0,0,0,0,0,0,0,0,3459.8,1,0,0,0,0,0,0,0,0
313,2017-04-19,09:32:41,100,IF1704,CCFX,3459.6,3445.0,3460.2,858,889509240,18541,19123,3818,3124,3471,3462.6,0.0,3459.2,0,0,0,2017-04-19,34361100,3458.4,2,0,0,0,0,0,0,0,0,3459.4,1,0,0,0,0,0,0,0,0
314,2017-04-19,09:32:41,600,IF1704,CCFX,3459.6,3445.0,3460.2,858,889509240,18541,19123,3818,3124,3471,3462.6,0.0,3459.2,0,0,0,2017-04-19,34361600,3458.6,1,0,0,0,0,0,0,0,0,3459.2,1,0,0,0,0,0,0,0,0
315,2017-04-19,09:32:42,100,IF1704,CCFX,3459.6,3445.0,3460.2,858,889509240,18541,19123,3818,3124,3471,3462.6,0.0,3459.2,0,0,0,2017-04-19,34362100,3458.6,1,0,0,0,0,0,0,0,0,3459.2,1,0,0,0,0,0,0,0,0
316,2017-04-19,09:32:42,600,IF1704,CCFX,3459.6,3445.0,3460.2,860,891585000,18540,19123,3818,3124,3471,3462.6,0.0,3459.2,0,0,0,2017-04-19,34362600,3458.8,1,0,0,0,0,0,0,0,0,3459.6,4,0,0,0,0,0,0,0,0
317,2017-04-19,09:32:43,100,IF1704,CCFX,3458.8,3445.0,3460.2,861,892622640,18540,19123,3818,3124,3471,3462.6,0.0,3459.2,0,0,0,2017-04-19,34363100,3458.4,2,0,0,0,0,0,0,0,0,3459.4,1,0,0,0,0,0,0,0,0
318,2017-04-19,09:32:43,600,IF1704,CCFX,3459.0,3445.0,3460.2,862,893660340,18540,19123,3818,3124,3471,3462.6,0.0,3459.2,0,0,0,2017-04-19,34363600,3458.4,2,0,0,0,0,0,0,0,0,3459.4,2,0,0,0,0,0,0,0,0
319,2017-04-19,09:32:44,100,IF1704,CCFX,3459.0,3445.0,3460.2,862,893660340,18540,19123,3818,3124,3471,3462.6,0.0,3459.2,0,0,0,2017-04-19,34364100,3458.4,2,0,0,0,0,0,0,0,0,3458.6,1,0,0,0,0,0,0,0,0
320,2017-04-19,09:32:44,600,IF1704,CCFX,3459.0,3445.0,3460.2,862,893660340,18540,19123,3818,3124,3471,3462.6,0.0,3459.2,0,0,0,2017-04-19,34364600,3458.6,1,0,0,0,0,0,0,0,0,3459.2,1,0,0,0,0,0,0,0,0
321,2017-04-19,09:32:45,100,IF1704,CCFX,3459.0,3445.0,3460.2,863,894698040,18539,19123,3818,3124,3471,3462.6,0.0,3459.2,0,0,0,2017-04-19,34365100,3458.4,2,0,0,0,0,0,0,0,0,3459.2,1,0,0,0,0,0,0,0,0
322,2017-04-19,09:32:46,100,IF1704,CCFX,3459.0,3445.0,3460.2,863,894698040,18539,19123,3818,3124,3471,3462.6,0.0,3459.2,0,0,0,2017-04-19,34366100,3458.4,2,0,0,0,0,0,0,0,0,3459.2,1,0,0,0,0,0,0,0,0
323,2017-04-19,09:32:46,600,IF1704,CCFX,3459.0,3445.0,3460.2,863,894698040,18539,19123,3818,3124,3471,3462.6,0.0,3459.2,0,0,0,2017-04-19,34366600,3458.4,2,0,0,0,0,0,0,0,0,3459.0,1,0,0,0,0,0,0,0,0
324,2017-04-19,09:32:47,100,IF1704,CCFX,3459.0,3445.0,3460.2,863,894698040,18539,19123,3818,3124,3471,3462.6,0.0,3459.2,0,0,0,2017-04-19,34367100,3458.8,1,0,0,0,0,0,0,0,0,3459.0,1,0,0,0,0,0,0,0,0
325,2017-04-19,09:32:47,600,IF1704,CCFX,3459.0,3445.0,3460.2,863,894698040,18539,19123,3818,3124,3471,3462.6,0.0,3459.2,0,0,0,2017-04-19,34367600,3458.8,1,0,0,0,0,0,0,0,0,3459.0,1,0,0,0,0,0,0,0,0
326,2017-04-19,09:32:48,100,IF1704,CCFX,3458.8,3445.0,3460.2,864,895735680,18539,19123,3818,3124,3471,3462.6,0.0,3459.2,0,0,0,2017-04-19,34368100,3458.4,4,0,0,0,0,0,0,0,0,3459.0,1,0,0,0,0,0,0,0,0
327,2017-04-19,09:32:48,600,IF1704,CCFX,3459.2,3445.0,3460.2,868,899886660,18535,19123,3818,3124,3471,3462.6,0.0,3459.2,0,0,0,2017-04-19,34368600,3459.2,16,0,0,0,0,0,0,0,0,3459.4,5,0,0,0,0,0,0,0,0
328,2017-04-19,09:32:49,100,IF1704,CCFX,3459.4,3445.0,3460.2,873,905075760,18531,19123,3818,3124,3471,3462.6,0.0,3459.2,0,0,0,2017-04-19,34369100,3459.2,16,0,0,0,0,0,0,0,0,3459.6,3,0,0,0,0,0,0,0,0
329,2017-04-19,09:32:49,600,IF1704,CCFX,3459.4,3445.0,3460.2,875,907151460,18530,19123,3818,3124,3471,3462.6,0.0,3459.2,0,0,0,2017-04-19,34369600,3459.4,1,0,0,0,0,0,0,0,0,3459.6,2,0,0,0,0,0,0,0,0
330,2017-04-19,09:32:50,100,IF1704,CCFX,3459.6,3445.0,3460.2,877,909227220,18528,19123,3818,3124,3471,3462.6,0.0,3459.2,0,0,0,2017-04-19,34370100,3459.6,3,0,0,0,0,0,0,0,0,3459.8,2,0,0,0,0,0,0,0,0
331,2017-04-19,09:32:50,600,IF1704,CCFX,3459.8,3445.0,3460.2,879,911303100,18527,19123,3818,3124,3471,3462.6,0.0,3459.2,0,0,0,2017-04-19,34370600,3459.8,4,0,0,0,0,0,0,0,0,3460.0,4,0,0,0,0,0,0,0,0
332,2017-04-19,09:32:51,100,IF1704,CCFX,3459.8,3445.0,3460.2,880,912341040,18527,19123,3818,3124,3471,3462.6,0.0,3459.2,0,0,0,2017-04-19,34371100,3459.8,1,0,0,0,0,0,0,0,0,3460.0,4,0,0,0,0,0,0,0,0
333,2017-04-19,09:32:51,600,IF1704,CCFX,3460.0,3445.0,3460.2,882,914417040,18527,19123,3818,3124,3471,3462.6,0.0,3459.2,0,0,0,2017-04-19,34371600,3459.8,1,0,0,0,0,0,0,0,0,3460.0,2,0,0,0,0,0,0,0,0
334,2017-04-19,09:32:52,100,IF1704,CCFX,3460.0,3445.0,3460.2,884,916493040,18525,19123,3818,3124,3471,3462.6,0.0,3459.2,0,0,0,2017-04-19,34372100,3460.0,1,0,0,0,0,0,0,0,0,3460.2,1,0,0,0,0,0,0,0,0
335,2017-04-19,09:32:52,600,IF1704,CCFX,3460.2,3445.0,3460.2,885,917531100,18524,19123,3818,3124,3471,3462.6,0.0,3459.2,0,0,0,2017-04-19,34372600,3460.0,1,0,0,0,0,0,0,0,0,3460.4,2,0,0,0,0,0,0,0,0
336,2017-04-19,09:32:53,100,IF1704,CCFX,3460.2,3445.0,3460.2,886,918569160,18524,19123,3818,3124,3471,3462.6,0.0,3459.2,0,0,0,2017-04-19,34373100,3460.0,1,0,0,0,0,0,0,0,0,3460.4,2,0,0,0,0,0,0,0,0
337,2017-04-19,09:32:53,600,IF1704,CCFX,3460.2,3445.0,3460.2,886,918569160,18524,19123,3818,3124,3471,3462.6,0.0,3459.2,0,0,0,2017-04-19,34373600,3460.2,6,0,0,0,0,0,0,0,0,3460.4,2,0,0,0,0,0,0,0,0
338,2017-04-19,09:32:54,600,IF1704,CCFX,3460.2,3445.0,3460.2,887,919607220,18523,19123,3818,3124,3471,3462.6,0.0,3459.2,0,0,0,2017-04-19,34374600,3460.2,5,0,0,0,0,0,0,0,0,3460.4,2,0,0,0,0,0,0,0,0
339,2017-04-19,09:32:55,100,IF1704,CCFX,3460.2,3445.0,3460.2,887,919607220,18523,19123,3818,3124,3471,3462.6,0.0,3459.2,0,0,0,2017-04-19,34375100,3460.2,5,0,0,0,0,0,0,0,0,3460.4,2,0,0,0,0,0,0,0,0
340,2017-04-19,09:32:55,600,IF1704,CCFX,3460.2,3445.0,3460.2,889,921683340,18521,19123,3818,3124,3471,3462.6,0.0,3459.2,0,0,0,2017-04-19,34375600,3460.2,3,0,0,0,0,0,0,0,0,3460.4,2,0,0,0,0,0,0,0,0
341,2017-04-19,09:32:56,100,IF1704,CCFX,3460.4,3445.0,3460.4,893,925835640,18518,19123,3818,3124,3471,3462.6,0.0,3459.2,0,0,0,2017-04-19,34376100,3460.2,1,0,0,0,0,0,0,0,0,3460.4,1,0,0,0,0,0,0,0,0
342,2017-04-19,09:32:56,600,IF1704,CCFX,3460.2,3445.0,3460.4,894,926873700,18517,19123,3818,3124,3471,3462.6,0.0,3459.2,0,0,0,2017-04-19,34376600,3459.6,3,0,0,0,0,0,0,0,0,3460.4,1,0,0,0,0,0,0,0,0
343,2017-04-19,09:32:57,100,IF1704,CCFX,3459.8,3445.0,3460.4,895,927911640,18516,19123,3818,3124,3471,3462.6,0.0,3459.2,0,0,0,2017-04-19,34377100,3459.8,1,0,0,0,0,0,0,0,0,3460.2,2,0,0,0,0,0,0,0,0
344,2017-04-19,09:32:57,600,IF1704,CCFX,3459.8,3445.0,3460.4,895,927911640,18516,19123,3818,3124,3471,3462.6,0.0,3459.2,0,0,0,2017-04-19,34377600,3459.8,1,0,0,0,0,0,0,0,0,3460.2,2,0,0,0,0,0,0,0,0
345,2017-04-19,09:32:58,100,IF1704,CCFX,3459.8,3445.0,3460.4,895,927911640,18516,19123,3818,3124,3471,3462.6,0.0,3459.2,0,0,0,2017-04-19,34378100,3459.8,2,0,0,0,0,0,0,0,0,3460.2,2,0,0,0,0,0,0,0,0
346,2017-04-19,09:32:58,600,IF1704,CCFX,3460.2,3445.0,3460.4,897,929987700,18516,19123,3818,3124,3471,3462.6,0.0,3459.2,0,0,0,2017-04-19,34378600,3459.8,2,0,0,0,0,0,0,0,0,3460.2,2,0,0,0,0,0,0,0,0
347,2017-04-19,09:32:59,600,IF1704,CCFX,3459.8,3445.0,3460.4,898,931025640,18515,19123,3818,3124,3471,3462.6,0.0,3459.2,0,0,0,2017-04-19,34379600,3459.8,1,0,0,0,0,0,0,0,0,3460.0,1,0,0,0,0,0,0,0,0
348,2017-04-19,09:33:00,100,IF1704,CCFX,3459.8,3445.0,3460.4,898,931025640,18515,19123,3818,3124,3471,3462.6,0.0,3459.2,0,0,0,2017-04-19,34380100,3459.8,1,0,0,0,0,0,0,0,0,3460.0,1,0,0,0,0,0,0,0,0
349,2017-04-19,09:33:00,600,IF1704,CCFX,3460.0,3445.0,3460.4,899,932063640,18514,19123,3818,3124,3471,3462.6,0.0,3459.2,0,0,0,2017-04-19,34380600,3459.8,1,0,0,0,0,0,0,0,0,3460.2,1,0,0,0,0,0,0,0,0
350,2017-04-19,09:33:01,100,IF1704,CCFX,3460.0,3445.0,3460.4,899,932063640,18514,19123,3818,3124,3471,3462.6,0.0,3459.2,0,0,0,2017-04-19,34381100,3459.8,7,0,0,0,0,0,0,0,0,3460.2,1,0,0,0,0,0,0,0,0
351,2017-04-19,09:33:01,600,IF1704,CCFX,3460.0,3445.0,3460.4,903,936215940,18510,19123,3818,3124,3471,3462.6,0.0,3459.2,0,0,0,2017-04-19,34381600,3460.0,1,0,0,0,0,0,0,0,0,3460.6,3,0,0,0,0,0,0,0,0
352,2017-04-19,09:33:02,100,IF1704,CCFX,3460.4,3445.0,3460.6,906,939330360,18507,19123,3818,3124,3471,3462.6,0.0,3459.2,0,0,0,2017-04-19,34382100,3460.4,1,0,0,0,0,0,0,0,0,3460.6,2,0,0,0,0,0,0,0,0
353,2017-04-19,09:33:02,600,IF1704,CCFX,3460.4,3445.0,3460.6,907,940368480,18506,19123,3818,3124,3471,3462.6,0.0,3459.2,0,0,0,2017-04-19,34382600,3460.0,2,0,0,0,0,0,0,0,0,3460.6,2,0,0,0,0,0,0,0,0
354,2017-04-19,09:33:03,100,IF1704,CCFX,3460.0,3445.0,3460.6,909,942444480,18506,19123,3818,3124,3471,3462.6,0.0,3459.2,0,0,0,2017-04-19,34383100,3459.8,6,0,0,0,0,0,0,0,0,3460.0,6,0,0,0,0,0,0,0,0
355,2017-04-19,09:33:03,600,IF1704,CCFX,3459.8,3445.0,3460.6,915,948672240,18504,19123,3818,3124,3471,3462.6,0.0,3459.2,0,0,0,2017-04-19,34383600,3459.8,3,0,0,0,0,0,0,0,0,3460.0,4,0,0,0,0,0,0,0,0
356,2017-04-19,09:33:04,100,IF1704,CCFX,3459.6,3445.0,3460.6,919,952823940,18501,19123,3818,3124,3471,3462.6,0.0,3459.2,0,0,0,2017-04-19,34384100,3459.2,17,0,0,0,0,0,0,0,0,3460.0,4,0,0,0,0,0,0,0,0
357,2017-04-19,09:33:05,100,IF1704,CCFX,3459.2,3445.0,3460.6,920,953861700,18500,19123,3818,3124,3471,3462.6,0.0,3459.2,0,0,0,2017-04-19,34385100,3459.2,16,0,0,0,0,0,0,0,0,3459.6,1,0,0,0,0,0,0,0,0
358,2017-04-19,09:33:05,600,IF1704,CCFX,3459.2,3445.0,3460.6,920,953861700,18500,19123,3818,3124,3471,3462.6,0.0,3459.2,0,0,0,2017-04-19,34385600,3459.2,16,0,0,0,0,0,0,0,0,3459.6,2,0,0,0,0,0,0,0,0
359,2017-04-19,09:33:06,100,IF1704,CCFX,3459.6,3445.0,3460.6,921,954899580,18500,19123,3818,3124,3471,3462.6,0.0,3459.2,0,0,0,2017-04-19,34386100,3459.4,1,0,0,0,0,0,0,0,0,3459.6,1,0,0,0,0,0,0,0,0
360,2017-04-19,09:33:06,600,IF1704,CCFX,3459.6,3445.0,3460.6,922,955937460,18499,19123,3818,3124,3471,3462.6,0.0,3459.2,0,0,0,2017-04-19,34386600,3459.4,1,0,0,0,0,0,0,0,0,3460.0,8,0,0,0,0,0,0,0,0
361,2017-04-19,09:33:07,100,IF1704,CCFX,3460.0,3445.0,3460.6,923,956975460,18499,19123,3818,3124,3471,3462.6,0.0,3459.2,0,0,0,2017-04-19,34387100,3459.6,3,0,0,0,0,0,0,0,0,3460.0,7,0,0,0,0,0,0,0,0
362,2017-04-19,09:33:07,600,IF1704,CCFX,3460.0,3445.0,3460.6,924,958013460,18499,19123,3818,3124,3471,3462.6,0.0,3459.2,0,0,0,2017-04-19,34387600,3459.6,3,0,0,0,0,0,0,0,0,3460.0,6,0,0,0,0,0,0,0,0
363,2017-04-19,09:33:08,100,IF1704,CCFX,3459.6,3445.0,3460.6,925,959051340,18498,19123,3818,3124,3471,3462.6,0.0,3459.2,0,0,0,2017-04-19,34388100,3459.6,2,0,0,0,0,0,0,0,0,3460.0,6,0,0,0,0,0,0,0,0
364,2017-04-19,09:33:08,600,IF1704,CCFX,3460.0,3445.0,3460.6,926,960089340,18499,19123,3818,3124,3471,3462.6,0.0,3459.2,0,0,0,2017-04-19,34388600,3459.6,3,0,0,0,0,0,0,0,0,3460.0,6,0,0,0,0,0,0,0,0
365,2017-04-19,09:33:09,100,IF1704,CCFX,3460.0,3445.0,3460.6,926,960089340,18499,19123,3818,3124,3471,3462.6,0.0,3459.2,0,0,0,2017-04-19,34389100,3459.6,4,0,0,0,0,0,0,0,0,3460.0,6,0,0,0,0,0,0,0,0
366,2017-04-19,09:33:10,100,IF1704,CCFX,3460.0,3445.0,3460.6,926,960089340,18499,19123,3818,3124,3471,3462.6,0.0,3459.2,0,0,0,2017-04-19,34390100,3459.6,5,0,0,0,0,0,0,0,0,3460.0,6,0,0,0,0,0,0,0,0
367,2017-04-19,09:33:10,600,IF1704,CCFX,3460.0,3445.0,3460.6,926,960089340,18499,19123,3818,3124,3471,3462.6,0.0,3459.2,0,0,0,2017-04-19,34390600,3459.6,5,0,0,0,0,0,0,0,0,3460.0,6,0,0,0,0,0,0,0,0
368,2017-04-19,09:33:11,100,IF1704,CCFX,3459.6,3445.0,3460.6,927,961127220,18499,19123,3818,3124,3471,3462.6,0.0,3459.2,0,0,0,2017-04-19,34391100,3459.6,4,0,0,0,0,0,0,0,0,3459.8,1,0,0,0,0,0,0,0,0
369,2017-04-19,09:33:11,600,IF1704,CCFX,3459.6,3445.0,3460.6,927,961127220,18499,19123,3818,3124,3471,3462.6,0.0,3459.2,0,0,0,2017-04-19,34391600,3459.6,5,0,0,0,0,0,0,0,0,3459.8,1,0,0,0,0,0,0,0,0
370,2017-04-19,09:33:12,100,IF1704,CCFX,3459.6,3445.0,3460.6,928,962165100,18499,19123,3818,3124,3471,3462.6,0.0,3459.2,0,0,0,2017-04-19,34392100,3459.6,4,0,0,0,0,0,0,0,0,3459.8,2,0,0,0,0,0,0,0,0
371,2017-04-19,09:33:12,600,IF1704,CCFX,3459.6,3445.0,3460.6,929,963202980,18498,19123,3818,3124,3471,3462.6,0.0,3459.2,0,0,0,2017-04-19,34392600,3459.6,2,0,0,0,0,0,0,0,0,3459.8,2,0,0,0,0,0,0,0,0
372,2017-04-19,09:33:13,100,IF1704,CCFX,3459.6,3445.0,3460.6,931,965278740,18496,19123,3818,3124,3471,3462.6,0.0,3459.2,0,0,0,2017-04-19,34393100,3459.2,16,0,0,0,0,0,0,0,0,3459.8,2,0,0,0,0,0,0,0,0
373,2017-04-19,09:33:13,600,IF1704,CCFX,3459.6,3445.0,3460.6,931,965278740,18496,19123,3818,3124,3471,3462.6,0.0,3459.2,0,0,0,2017-04-19,34393600,3459.2,16,0,0,0,0,0,0,0,0,3459.8,2,0,0,0,0,0,0,0,0
374,2017-04-19,09:33:14,100,IF1704,CCFX,3459.6,3445.0,3460.6,931,965278740,18496,19123,3818,3124,3471,3462.6,0.0,3459.2,0,0,0,2017-04-19,34394100,3459.2,16,0,0,0,0,0,0,0,0,3459.6,1,0,0,0,0,0,0,0,0
375,2017-04-19,09:33:14,600,IF1704,CCFX,3459.6,3445.0,3460.6,931,965278740,18496,19123,3818,3124,3471,3462.6,0.0,3459.2,0,0,0,2017-04-19,34394600,3459.2,16,0,0,0,0,0,0,0,0,3459.6,2,0,0,0,0,0,0,0,0
376,2017-04-19,09:33:15,600,IF1704,CCFX,3459.6,3445.0,3460.6,932,966316620,18495,19123,3818,3124,3471,3462.6,0.0,3459.2,0,0,0,2017-04-19,34395600,3459.4,1,0,0,0,0,0,0,0,0,3459.6,1,0,0,0,0,0,0,0,0
377,2017-04-19,09:33:16,100,IF1704,CCFX,3459.6,3445.0,3460.6,932,966316620,18495,19123,3818,3124,3471,3462.6,0.0,3459.2,0,0,0,2017-04-19,34396100,3459.4,1,0,0,0,0,0,0,0,0,3459.6,2,0,0,0,0,0,0,0,0
378,2017-04-19,09:33:16,600,IF1704,CCFX,3459.4,3445.0,3460.6,933,967354440,18494,19123,3818,3124,3471,3462.6,0.0,3459.2,0,0,0,2017-04-19,34396600,3459.2,16,0,0,0,0,0,0,0,0,3459.6,2,0,0,0,0,0,0,0,0
379,2017-04-19,09:33:17,100,IF1704,CCFX,3459.2,3445.0,3460.6,934,968392200,18493,19123,3818,3124,3471,3462.6,0.0,3459.2,0,0,0,2017-04-19,34397100,3459.2,15,0,0,0,0,0,0,0,0,3459.6,2,0,0,0,0,0,0,0,0
380,2017-04-19,09:33:17,600,IF1704,CCFX,3459.2,3445.0,3460.6,936,970467720,18491,19123,3818,3124,3471,3462.6,0.0,3459.2,0,0,0,2017-04-19,34397600,3459.2,14,0,0,0,0,0,0,0,0,3459.6,2,0,0,0,0,0,0,0,0
381,2017-04-19,09:33:18,100,IF1704,CCFX,3459.6,3445.0,3460.6,938,972543360,18489,19123,3818,3124,3471,3462.6,0.0,3459.2,0,0,0,2017-04-19,34398100,3459.2,13,0,0,0,0,0,0,0,0,3459.4,1,0,0,0,0,0,0,0,0
382,2017-04-19,09:33:18,600,IF1704,CCFX,3459.2,3445.0,3460.6,942,976694400,18487,19123,3818,3124,3471,3462.6,0.0,3459.2,0,0,0,2017-04-19,34398600,3459.2,9,0,0,0,0,0,0,0,0,3459.4,2,0,0,0,0,0,0,0,0
383,2017-04-19,09:33:19,100,IF1704,CCFX,3459.2,3445.0,3460.6,951,986034240,18483,19123,3818,3124,3471,3462.6,0.0,3459.2,0,0,0,2017-04-19,34399100,3458.8,1,0,0,0,0,0,0,0,0,3459.0,1,0,0,0,0,0,0,0,0
384,2017-04-19,09:33:19,600,IF1704,CCFX,3459.2,3445.0,3460.6,951,986034240,18483,19123,3818,3124,3471,3462.6,0.0,3459.2,0,0,0,2017-04-19,34399600,3458.8,2,0,0,0,0,0,0,0,0,3459.0,1,0,0,0,0,0,0,0,0
385,2017-04-19,09:33:20,100,IF1704,CCFX,3459.2,3445.0,3460.6,952,987072000,18482,19123,3818,3124,3471,3462.6,0.0,3459.2,0,0,0,2017-04-19,34400100,3458.8,1,0,0,0,0,0,0,0,0,3459.2,1,0,0,0,0,0,0,0,0
386,2017-04-19,09:33:20,600,IF1704,CCFX,3459.2,3445.0,3460.6,952,987072000,18482,19123,3818,3124,3471,3462.6,0.0,3459.2,0,0,0,2017-04-19,34400600,3459.0,4,0,0,0,0,0,0,0,0,3459.2,1,0,0,0,0,0,0,0,0
387,2017-04-19,09:33:21,100,IF1704,CCFX,3459.2,3445.0,3460.6,952,987072000,18482,19123,3818,3124,3471,3462.6,0.0,3459.2,0,0,0,2017-04-19,34401100,3459.0,4,0,0,0,0,0,0,0,0,3459.2,1,0,0,0,0,0,0,0,0
388,2017-04-19,09:33:21,600,IF1704,CCFX,3459.2,3445.0,3460.6,952,987072000,18482,19123,3818,3124,3471,3462.6,0.0,3459.2,0,0,0,2017-04-19,34401600,3459.0,4,0,0,0,0,0,0,0,0,3459.2,2,0,0,0,0,0,0,0,0
389,2017-04-19,09:33:22,100,IF1704,CCFX,3459.2,3445.0,3460.6,952,987072000,18482,19123,3818,3124,3471,3462.6,0.0,3459.2,0,0,0,2017-04-19,34402100,3459.0,4,0,0,0,0,0,0,0,0,3459.2,3,0,0,0,0,0,0,0,0
390,2017-04-19,09:33:23,100,IF1704,CCFX,3459.0,3445.0,3460.6,953,988109700,18482,19123,3818,3124,3471,3462.6,0.0,3459.2,0,0,0,2017-04-19,34403100,3459.0,3,0,0,0,0,0,0,0,0,3459.2,3,0,0,0,0,0,0,0,0
391,2017-04-19,09:33:23,600,IF1704,CCFX,3459.0,3445.0,3460.6,956,991222800,18481,19123,3818,3124,3471,3462.6,0.0,3459.2,0,0,0,2017-04-19,34403600,3458.8,1,0,0,0,0,0,0,0,0,3459.2,3,0,0,0,0,0,0,0,0
392,2017-04-19,09:33:24,100,IF1704,CCFX,3459.0,3445.0,3460.6,957,992260500,18480,19123,3818,3124,3471,3462.6,0.0,3459.2,0,0,0,2017-04-19,34404100,3458.8,1,0,0,0,0,0,0,0,0,3459.2,3,0,0,0,0,0,0,0,0
393,2017-04-19,09:33:24,600,IF1704,CCFX,3459.2,3445.0,3460.6,958,993298260,18479,19123,3818,3124,3471,3462.6,0.0,3459.2,0,0,0,2017-04-19,34404600,3458.8,1,0,0,0,0,0,0,0,0,3459.2,2,0,0,0,0,0,0,0,0
394,2017-04-19,09:33:25,100,IF1704,CCFX,3459.2,3445.0,3460.6,958,993298260,18479,19123,3818,3124,3471,3462.6,0.0,3459.2,0,0,0,2017-04-19,34405100,3458.8,4,0,0,0,0,0,0,0,0,3459.2,2,0,0,0,0,0,0,0,0
395,2017-04-19,09:33:26,100,IF1704,CCFX,3459.2,3445.0,3460.6,960,995373780,18477,19123,3818,3124,3471,3462.6,0.0,3459.2,0,0,0,2017-04-19,34406100,3459.2,9,0,0,0,0,0,0,0,0,3459.4,5,0,0,0,0,0,0,0,0
396,2017-04-19,09:33:26,600,IF1704,CCFX,3459.4,3445.0,3460.6,962,997449420,18476,19123,3818,3124,3471,3462.6,0.0,3459.2,0,0,0,2017-04-19,34406600,3459.2,29,0,0,0,0,0,0,0,0,3459.4,3,0,0,0,0,0,0,0,0
397,2017-04-19,09:33:27,100,IF1704,CCFX,3459.4,3445.0,3460.6,968,1003676460,18470,19123,3818,3124,3471,3462.6,0.0,3459.2,0,0,0,2017-04-19,34407100,3459.4,1,0,0,0,0,0,0,0,0,3459.6,1,0,0,0,0,0,0,0,0
398,2017-04-19,09:33:27,600,IF1704,CCFX,3459.8,3445.0,3460.6,970,1005752280,18470,19123,3818,3124,3471,3462.6,0.0,3459.2,0,0,0,2017-04-19,34407600,3459.6,5,0,0,0,0,0,0,0,0,3459.8,1,0,0,0,0,0,0,0,0
399,2017-04-19,09:33:28,100,IF1704,CCFX,3460.0,3445.0,3460.6,973,1008866220,18468,19123,3818,3124,3471,3462.6,0.0,3459.2,0,0,0,2017-04-19,34408100,3459.8,2,0,0,0,0,0,0,0,0,3460.0,2,0,0,0,0,0,0,0,0
400,2017-04-19,09:33:28,600,IF1704,CCFX,3460.2,3445.0,3460.6,976,1011980280,18465,19123,3818,3124,3471,3462.6,0.0,3459.2,0,0,0,2017-04-19,34408600,3460.0,1,0,0,0,0,0,0,0,0,3460.4,3,0,0,0,0,0,0,0,0
401,2017-04-19,09:33:29,100,IF1704,CCFX,3460.2,3445.0,3460.6,977,1013018340,18464,19123,3818,3124,3471,3462.6,0.0,3459.2,0,0,0,2017-04-19,34409100,3459.8,1,0,0,0,0,0,0,0,0,3460.4,3,0,0,0,0,0,0,0,0
402,2017-04-19,09:33:29,600,IF1704,CCFX,3460.0,3445.0,3460.6,981,1017170700,18464,19123,3818,3124,3471,3462.6,0.0,3459.2,0,0,0,2017-04-19,34409600,3460.0,1,0,0,0,0,0,0,0,0,3460.6,3,0,0,0,0,0,0,0,0
403,2017-04-19,09:33:30,100,IF1704,CCFX,3460.6,3445.0,3460.6,983,1019247060,18463,19123,3818,3124,3471,3462.6,0.0,3459.2,0,0,0,2017-04-19,34410100,3460.0,1,0,0,0,0,0,0,0,0,3460.6,1,0,0,0,0,0,0,0,0
404,2017-04-19,09:33:30,600,IF1704,CCFX,3460.6,3445.0,3460.6,983,1019247060,18463,19123,3818,3124,3471,3462.6,0.0,3459.2,0,0,0,2017-04-19,34410600,3460.0,1,0,0,0,0,0,0,0,0,3460.6,2,0,0,0,0,0,0,0,0
405,2017-04-19,09:33:32,600,IF1704,CCFX,3460.6,3445.0,3460.6,983,1019247060,18463,19123,3818,3124,3471,3462.6,0.0,3459.2,0,0,0,2017-04-19,34412600,3460.0,2,0,0,0,0,0,0,0,0,3460.6,2,0,0,0,0,0,0,0,0
406,2017-04-19,09:33:33,100,IF1704,CCFX,3460.0,3445.0,3460.6,986,1022361120,18464,19123,3818,3124,3471,3462.6,0.0,3459.2,0,0,0,2017-04-19,34413100,3459.8,1,0,0,0,0,0,0,0,0,3460.6,2,0,0,0,0,0,0,0,0
407,2017-04-19,09:33:33,600,IF1704,CCFX,3460.0,3445.0,3460.6,986,1022361120,18464,19123,3818,3124,3471,3462.6,0.0,3459.2,0,0,0,2017-04-19,34413600,3459.8,1,0,0,0,0,0,0,0,0,3460.6,2,0,0,0,0,0,0,0,0
408,2017-04-19,09:33:35,100,IF1704,CCFX,3460.6,3445.0,3460.6,987,1023399300,18463,19123,3818,3124,3471,3462.6,0.0,3459.2,0,0,0,2017-04-19,34415100,3459.8,1,0,0,0,0,0,0,0,0,3460.6,1,0,0,0,0,0,0,0,0
409,2017-04-19,09:33:35,600,IF1704,CCFX,3459.8,3445.0,3460.6,988,1024437240,18463,19123,3818,3124,3471,3462.6,0.0,3459.2,0,0,0,2017-04-19,34415600,3459.6,4,0,0,0,0,0,0,0,0,3460.6,1,0,0,0,0,0,0,0,0
410,2017-04-19,09:33:36,100,IF1704,CCFX,3459.8,3445.0,3460.6,988,1024437240,18463,19123,3818,3124,3471,3462.6,0.0,3459.2,0,0,0,2017-04-19,34416100,3459.8,1,0,0,0,0,0,0,0,0,3460.6,1,0,0,0,0,0,0,0,0
411,2017-04-19,09:33:36,600,IF1704,CCFX,3460.6,3445.0,3460.6,989,1025475420,18462,19123,3818,3124,3471,3462.6,0.0,3459.2,0,0,0,2017-04-19,34416600,3460.0,1,0,0,0,0,0,0,0,0,3460.8,2,0,0,0,0,0,0,0,0
412,2017-04-19,09:33:37,100,IF1704,CCFX,3460.6,3445.0,3460.6,989,1025475420,18462,19123,3818,3124,3471,3462.6,0.0,3459.2,0,0,0,2017-04-19,34417100,3460.0,2,0,0,0,0,0,0,0,0,3460.6,1,0,0,0,0,0,0,0,0
413,2017-04-19,09:33:37,600,IF1704,CCFX,3460.0,3445.0,3460.6,990,1026513420,18461,19123,3818,3124,3471,3462.6,0.0,3459.2,0,0,0,2017-04-19,34417600,3460.0,1,0,0,0,0,0,0,0,0,3460.6,1,0,0,0,0,0,0,0,0
414,2017-04-19,09:33:39,600,IF1704,CCFX,3460.0,3445.0,3460.6,990,1026513420,18461,19123,3818,3124,3471,3462.6,0.0,3459.2,0,0,0,2017-04-19,34419600,3460.2,1,0,0,0,0,0,0,0,0,3460.6,1,0,0,0,0,0,0,0,0
415,2017-04-19,09:33:40,100,IF1704,CCFX,3460.0,3445.0,3460.6,990,1026513420,18461,19123,3818,3124,3471,3462.6,0.0,3459.2,0,0,0,2017-04-19,34420100,3460.2,1,0,0,0,0,0,0,0,0,3460.6,2,0,0,0,0,0,0,0,0
416,2017-04-19,09:33:40,600,IF1704,CCFX,3460.2,3445.0,3460.6,991,1027551480,18460,19123,3818,3124,3471,3462.6,0.0,3459.2,0,0,0,2017-04-19,34420600,3460.2,1,0,0,0,0,0,0,0,0,3460.6,2,0,0,0,0,0,0,0,0
417,2017-04-19,09:33:41,100,IF1704,CCFX,3460.6,3445.0,3460.6,994,1030666020,18458,19123,3818,3124,3471,3462.6,0.0,3459.2,0,0,0,2017-04-19,34421100,3460.2,11,0,0,0,0,0,0,0,0,3460.8,2,0,0,0,0,0,0,0,0
418,2017-04-19,09:33:41,600,IF1704,CCFX,3461.0,3445.0,3461.0,998,1034819100,18455,19123,3818,3124,3471,3462.6,0.0,3459.2,0,0,0,2017-04-19,34421600,3460.2,11,0,0,0,0,0,0,0,0,3461.0,1,0,0,0,0,0,0,0,0
419,2017-04-19,09:33:42,100,IF1704,CCFX,3461.2,3445.0,3461.2,1000,1036895760,18453,19123,3818,3124,3471,3462.6,0.0,3459.2,0,0,0,2017-04-19,34422100,3460.4,4,0,0,0,0,0,0,0,0,3461.4,3,0,0,0,0,0,0,0,0
420,2017-04-19,09:33:42,600,IF1704,CCFX,3461.4,3445.0,3461.4,1001,1037934180,18452,19123,3818,3124,3471,3462.6,0.0,3459.2,0,0,0,2017-04-19,34422600,3460.6,1,0,0,0,0,0,0,0,0,3461.4,2,0,0,0,0,0,0,0,0
421,2017-04-19,09:33:43,100,IF1704,CCFX,3461.4,3445.0,3461.4,1001,1037934180,18452,19123,3818,3124,3471,3462.6,0.0,3459.2,0,0,0,2017-04-19,34423100,3460.8,2,0,0,0,0,0,0,0,0,3461.4,2,0,0,0,0,0,0,0,0
422,2017-04-19,09:33:43,600,IF1704,CCFX,3461.4,3445.0,3461.4,1002,1038972600,18452,19123,3818,3124,3471,3462.6,0.0,3459.2,0,0,0,2017-04-19,34423600,3460.8,2,0,0,0,0,0,0,0,0,3461.4,2,0,0,0,0,0,0,0,0
423,2017-04-19,09:33:44,100,IF1704,CCFX,3461.4,3445.0,3461.4,1003,1040011020,18451,19123,3818,3124,3471,3462.6,0.0,3459.2,0,0,0,2017-04-19,34424100,3460.8,3,0,0,0,0,0,0,0,0,3461.4,1,0,0,0,0,0,0,0,0
424,2017-04-19,09:33:44,600,IF1704,CCFX,3460.8,3445.0,3461.4,1004,1041049260,18450,19123,3818,3124,3471,3462.6,0.0,3459.2,0,0,0,2017-04-19,34424600,3461.0,1,0,0,0,0,0,0,0,0,3461.4,1,0,0,0,0,0,0,0,0
425,2017-04-19,09:33:45,100,IF1704,CCFX,3461.2,3445.0,3461.4,1005,1042087620,18449,19123,3818,3124,3471,3462.6,0.0,3459.2,0,0,0,2017-04-19,34425100,3461.0,1,0,0,0,0,0,0,0,0,3461.2,3,0,0,0,0,0,0,0,0
426,2017-04-19,09:33:45,600,IF1704,CCFX,3461.2,3445.0,3461.4,1005,1042087620,18449,19123,3818,3124,3471,3462.6,0.0,3459.2,0,0,0,2017-04-19,34425600,3461.0,1,0,0,0,0,0,0,0,0,3461.2,3,0,0,0,0,0,0,0,0
427,2017-04-19,09:33:46,100,IF1704,CCFX,3461.0,3445.0,3461.4,1006,1043125920,18448,19123,3818,3124,3471,3462.6,0.0,3459.2,0,0,0,2017-04-19,34426100,3460.8,1,0,0,0,0,0,0,0,0,3461.0,1,0,0,0,0,0,0,0,0
428,2017-04-19,09:33:46,600,IF1704,CCFX,3461.2,3445.0,3461.4,1011,1048317540,18443,19123,3818,3124,3471,3462.6,0.0,3459.2,0,0,0,2017-04-19,34426600,3461.2,5,0,0,0,0,0,0,0,0,3461.4,2,0,0,0,0,0,0,0,0
429,2017-04-19,09:33:47,100,IF1704,CCFX,3461.2,3445.0,3461.4,1013,1050394260,18441,19123,3818,3124,3471,3462.6,0.0,3459.2,0,0,0,2017-04-19,34427100,3461.2,3,0,0,0,0,0,0,0,0,3461.4,2,0,0,0,0,0,0,0,0
430,2017-04-19,09:33:47,600,IF1704,CCFX,3461.0,3445.0,3461.4,1017,1054547640,18437,19123,3818,3124,3471,3462.6,0.0,3459.2,0,0,0,2017-04-19,34427600,3461.0,1,0,0,0,0,0,0,0,0,3461.2,2,0,0,0,0,0,0,0,0
431,2017-04-19,09:33:48,100,IF1704,CCFX,3461.0,3445.0,3461.4,1018,1055585940,18436,19123,3818,3124,3471,3462.6,0.0,3459.2,0,0,0,2017-04-19,34428100,3460.6,1,0,0,0,0,0,0,0,0,3461.0,3,0,0,0,0,0,0,0,0
432,2017-04-19,09:33:48,600,IF1704,CCFX,3460.6,3445.0,3461.4,1019,1056624120,18435,19123,3818,3124,3471,3462.6,0.0,3459.2,0,0,0,2017-04-19,34428600,3460.4,1,0,0,0,0,0,0,0,0,3460.6,2,0,0,0,0,0,0,0,0
433,2017-04-19,09:33:49,100,IF1704,CCFX,3460.2,3445.0,3461.4,1022,1059738420,18432,19123,3818,3124,3471,3462.6,0.0,3459.2,0,0,0,2017-04-19,34429100,3460.0,1,0,0,0,0,0,0,0,0,3460.8,1,0,0,0,0,0,0,0,0
434,2017-04-19,09:33:49,600,IF1704,CCFX,3460.2,3445.0,3461.4,1023,1060776480,18431,19123,3818,3124,3471,3462.6,0.0,3459.2,0,0,0,2017-04-19,34429600,3460.0,1,0,0,0,0,0,0,0,0,3460.2,4,0,0,0,0,0,0,0,0
435,2017-04-19,09:33:50,100,IF1704,CCFX,3460.2,3445.0,3461.4,1027,1064928720,18430,19123,3818,3124,3471,3462.6,0.0,3459.2,0,0,0,2017-04-19,34430100,3460.0,2,0,0,0,0,0,0,0,0,3460.8,1,0,0,0,0,0,0,0,0
436,2017-04-19,09:33:50,600,IF1704,CCFX,3460.2,3445.0,3461.4,1027,1064928720,18430,19123,3818,3124,3471,3462.6,0.0,3459.2,0,0,0,2017-04-19,34430600,3460.0,2,0,0,0,0,0,0,0,0,3461.0,1,0,0,0,0,0,0,0,0
437,2017-04-19,09:33:51,600,IF1704,CCFX,3461.0,3445.0,3461.4,1028,1065967020,18429,19123,3818,3124,3471,3462.6,0.0,3459.2,0,0,0,2017-04-19,34431600,3460.0,2,0,0,0,0,0,0,0,0,3460.6,1,0,0,0,0,0,0,0,0
438,2017-04-19,09:33:52,100,IF1704,CCFX,3461.0,3445.0,3461.4,1028,1065967020,18429,19123,3818,3124,3471,3462.6,0.0,3459.2,0,0,0,2017-04-19,34432100,3460.0,2,0,0,0,0,0,0,0,0,3460.6,1,0,0,0,0,0,0,0,0
439,2017-04-19,09:33:52,600,IF1704,CCFX,3460.0,3445.0,3461.4,1030,1068043080,18427,19123,3818,3124,3471,3462.6,0.0,3459.2,0,0,0,2017-04-19,34432600,3460.2,1,0,0,0,0,0,0,0,0,3460.6,1,0,0,0,0,0,0,0,0
440,2017-04-19,09:33:53,100,IF1704,CCFX,3460.0,3445.0,3461.4,1030,1068043080,18427,19123,3818,3124,3471,3462.6,0.0,3459.2,0,0,0,2017-04-19,34433100,3460.2,1,0,0,0,0,0,0,0,0,3460.6,1,0,0,0,0,0,0,0,0
441,2017-04-19,09:33:53,600,IF1704,CCFX,3460.0,3445.0,3461.4,1030,1068043080,18427,19123,3818,3124,3471,3462.6,0.0,3459.2,0,0,0,2017-04-19,34433600,3460.2,1,0,0,0,0,0,0,0,0,3460.6,1,0,0,0,0,0,0,0,0
442,2017-04-19,09:33:54,100,IF1704,CCFX,3460.0,3445.0,3461.4,1030,1068043080,18427,19123,3818,3124,3471,3462.6,0.0,3459.2,0,0,0,2017-04-19,34434100,3460.2,1,0,0,0,0,0,0,0,0,3460.6,1,0,0,0,0,0,0,0,0
443,2017-04-19,09:33:54,600,IF1704,CCFX,3460.6,3445.0,3461.4,1031,1069081260,18426,19123,3818,3124,3471,3462.6,0.0,3459.2,0,0,0,2017-04-19,34434600,3460.6,1,0,0,0,0,0,0,0,0,3460.8,1,0,0,0,0,0,0,0,0
444,2017-04-19,09:33:55,100,IF1704,CCFX,3460.6,3445.0,3461.4,1032,1070119440,18426,19123,3818,3124,3471,3462.6,0.0,3459.2,0,0,0,2017-04-19,34435100,3460.2,1,0,0,0,0,0,0,0,0,3460.6,2,0,0,0,0,0,0,0,0
445,2017-04-19,09:33:55,600,IF1704,CCFX,3460.6,3445.0,3461.4,1032,1070119440,18426,19123,3818,3124,3471,3462.6,0.0,3459.2,0,0,0,2017-04-19,34435600,3460.2,1,0,0,0,0,0,0,0,0,3460.6,2,0,0,0,0,0,0,0,0
446,2017-04-19,09:33:56,100,IF1704,CCFX,3460.0,3445.0,3461.4,1034,1072195500,18424,19123,3818,3124,3471,3462.6,0.0,3459.2,0,0,0,2017-04-19,34436100,3460.0,2,0,0,0,0,0,0,0,0,3460.6,1,0,0,0,0,0,0,0,0
447,2017-04-19,09:33:56,600,IF1704,CCFX,3460.0,3445.0,3461.4,1034,1072195500,18424,19123,3818,3124,3471,3462.6,0.0,3459.2,0,0,0,2017-04-19,34436600,3460.0,2,0,0,0,0,0,0,0,0,3460.4,1,0,0,0,0,0,0,0,0
448,2017-04-19,09:33:57,100,IF1704,CCFX,3460.0,3445.0,3461.4,1034,1072195500,18424,19123,3818,3124,3471,3462.6,0.0,3459.2,0,0,0,2017-04-19,34437100,3460.0,3,0,0,0,0,0,0,0,0,3460.4,1,0,0,0,0,0,0,0,0
449,2017-04-19,09:33:57,600,IF1704,CCFX,3460.4,3445.0,3461.4,1035,1073233620,18423,19123,3818,3124,3471,3462.6,0.0,3459.2,0,0,0,2017-04-19,34437600,3460.4,1,0,0,0,0,0,0,0,0,3460.6,2,0,0,0,0,0,0,0,0
450,2017-04-19,09:33:58,100,IF1704,CCFX,3460.4,3445.0,3461.4,1035,1073233620,18423,19123,3818,3124,3471,3462.6,0.0,3459.2,0,0,0,2017-04-19,34438100,3460.4,1,0,0,0,0,0,0,0,0,3460.6,2,0,0,0,0,0,0,0,0
451,2017-04-19,09:33:58,600,IF1704,CCFX,3460.4,3445.0,3461.4,1036,1074271740,18423,19123,3818,3124,3471,3462.6,0.0,3459.2,0,0,0,2017-04-19,34438600,3460.2,2,0,0,0,0,0,0,0,0,3460.6,2,0,0,0,0,0,0,0,0
452,2017-04-19,09:33:59,100,IF1704,CCFX,3460.2,3445.0,3461.4,1037,1075309800,18422,19123,3818,3124,3471,3462.6,0.0,3459.2,0,0,0,2017-04-19,34439100,3460.2,1,0,0,0,0,0,0,0,0,3460.6,2,0,0,0,0,0,0,0,0
453,2017-04-19,09:33:59,600,IF1704,CCFX,3460.2,3445.0,3461.4,1037,1075309800,18422,19123,3818,3124,3471,3462.6,0.0,3459.2,0,0,0,2017-04-19,34439600,3460.2,1,0,0,0,0,0,0,0,0,3460.6,2,0,0,0,0,0,0,0,0
454,2017-04-19,09:34:00,100,IF1704,CCFX,3460.2,3445.0,3461.4,1038,1076347860,18421,19123,3818,3124,3471,3462.6,0.0,3459.2,0,0,0,2017-04-19,34440100,3460.2,1,0,0,0,0,0,0,0,0,3460.4,1,0,0,0,0,0,0,0,0
455,2017-04-19,09:34:00,600,IF1704,CCFX,3460.4,3445.0,3461.4,1039,1077385980,18421,19123,3818,3124,3471,3462.6,0.0,3459.2,0,0,0,2017-04-19,34440600,3460.2,1,0,0,0,0,0,0,0,0,3460.6,2,0,0,0,0,0,0,0,0
456,2017-04-19,09:34:01,100,IF1704,CCFX,3460.2,3445.0,3461.4,1040,1078424040,18420,19123,3818,3124,3471,3462.6,0.0,3459.2,0,0,0,2017-04-19,34441100,3460.0,3,0,0,0,0,0,0,0,0,3460.6,2,0,0,0,0,0,0,0,0
457,2017-04-19,09:34:01,600,IF1704,CCFX,3460.2,3445.0,3461.4,1040,1078424040,18420,19123,3818,3124,3471,3462.6,0.0,3459.2,0,0,0,2017-04-19,34441600,3460.0,3,0,0,0,0,0,0,0,0,3460.6,2,0,0,0,0,0,0,0,0
458,2017-04-19,09:34:02,100,IF1704,CCFX,3460.2,3445.0,3461.4,1040,1078424040,18420,19123,3818,3124,3471,3462.6,0.0,3459.2,0,0,0,2017-04-19,34442100,3460.4,1,0,0,0,0,0,0,0,0,3460.6,2,0,0,0,0,0,0,0,0
459,2017-04-19,09:34:02,600,IF1704,CCFX,3460.2,3445.0,3461.4,1042,1080500160,18419,19123,3818,3124,3471,3462.6,0.0,3459.2,0,0,0,2017-04-19,34442600,3460.0,6,0,0,0,0,0,0,0,0,3460.2,2,0,0,0,0,0,0,0,0
460,2017-04-19,09:34:03,100,IF1704,CCFX,3460.2,3445.0,3461.4,1042,1080500160,18419,19123,3818,3124,3471,3462.6,0.0,3459.2,0,0,0,2017-04-19,34443100,3460.0,7,0,0,0,0,0,0,0,0,3460.2,2,0,0,0,0,0,0,0,0
461,2017-04-19,09:34:03,600,IF1704,CCFX,3460.0,3445.0,3461.4,1044,1082576160,18417,19123,3818,3124,3471,3462.6,0.0,3459.2,0,0,0,2017-04-19,34443600,3460.0,5,0,0,0,0,0,0,0,0,3460.2,2,0,0,0,0,0,0,0,0
462,2017-04-19,09:34:04,100,IF1704,CCFX,3460.0,3445.0,3461.4,1044,1082576160,18417,19123,3818,3124,3471,3462.6,0.0,3459.2,0,0,0,2017-04-19,34444100,3460.0,5,0,0,0,0,0,0,0,0,3460.2,2,0,0,0,0,0,0,0,0
463,2017-04-19,09:34:04,600,IF1704,CCFX,3460.0,3445.0,3461.4,1044,1082576160,18417,19123,3818,3124,3471,3462.6,0.0,3459.2,0,0,0,2017-04-19,34444600,3460.0,5,0,0,0,0,0,0,0,0,3460.2,3,0,0,0,0,0,0,0,0
464,2017-04-19,09:34:05,100,IF1704,CCFX,3460.0,3445.0,3461.4,1047,1085690280,18414,19123,3818,3124,3471,3462.6,0.0,3459.2,0,0,0,2017-04-19,34445100,3460.0,4,0,0,0,0,0,0,0,0,3460.2,1,0,0,0,0,0,0,0,0
465,2017-04-19,09:34:05,600,IF1704,CCFX,3460.0,3445.0,3461.4,1048,1086728280,18413,19123,3818,3124,3471,3462.6,0.0,3459.2,0,0,0,2017-04-19,34445600,3460.0,3,0,0,0,0,0,0,0,0,3460.2,1,0,0,0,0,0,0,0,0
466,2017-04-19,09:34:06,100,IF1704,CCFX,3460.0,3445.0,3461.4,1048,1086728280,18413,19123,3818,3124,3471,3462.6,0.0,3459.2,0,0,0,2017-04-19,34446100,3460.0,3,0,0,0,0,0,0,0,0,3460.2,1,0,0,0,0,0,0,0,0
467,2017-04-19,09:34:07,100,IF1704,CCFX,3460.0,3445.0,3461.4,1049,1087766280,18413,19123,3818,3124,3471,3462.6,0.0,3459.2,0,0,0,2017-04-19,34447100,3460.0,2,0,0,0,0,0,0,0,0,3460.2,1,0,0,0,0,0,0,0,0
468,2017-04-19,09:34:07,600,IF1704,CCFX,3460.0,3445.0,3461.4,1049,1087766280,18413,19123,3818,3124,3471,3462.6,0.0,3459.2,0,0,0,2017-04-19,34447600,3460.0,4,0,0,0,0,0,0,0,0,3460.2,1,0,0,0,0,0,0,0,0
469,2017-04-19,09:34:08,100,IF1704,CCFX,3460.2,3445.0,3461.4,1050,1088804340,18413,19123,3818,3124,3471,3462.6,0.0,3459.2,0,0,0,2017-04-19,34448100,3460.2,1,0,0,0,0,0,0,0,0,3460.4,1,0,0,0,0,0,0,0,0
470,2017-04-19,09:34:08,600,IF1704,CCFX,3460.2,3445.0,3461.4,1050,1088804340,18413,19123,3818,3124,3471,3462.6,0.0,3459.2,0,0,0,2017-04-19,34448600,3460.2,1,0,0,0,0,0,0,0,0,3460.4,2,0,0,0,0,0,0,0,0
471,2017-04-19,09:34:09,100,IF1704,CCFX,3460.2,3445.0,3461.4,1051,1089842400,18414,19123,3818,3124,3471,3462.6,0.0,3459.2,0,0,0,2017-04-19,34449100,3460.0,4,0,0,0,0,0,0,0,0,3460.4,2,0,0,0,0,0,0,0,0
472,2017-04-19,09:34:09,600,IF1704,CCFX,3460.4,3445.0,3461.4,1052,1090880520,18414,19123,3818,3124,3471,3462.6,0.0,3459.2,0,0,0,2017-04-19,34449600,3460.0,4,0,0,0,0,0,0,0,0,3460.4,1,0,0,0,0,0,0,0,0
473,2017-04-19,09:34:10,100,IF1704,CCFX,3460.4,3445.0,3461.4,1052,1090880520,18414,19123,3818,3124,3471,3462.6,0.0,3459.2,0,0,0,2017-04-19,34450100,3460.0,4,0,0,0,0,0,0,0,0,3460.2,1,0,0,0,0,0,0,0,0
474,2017-04-19,09:34:11,100,IF1704,CCFX,3460.4,3445.0,3461.4,1052,1090880520,18414,19123,3818,3124,3471,3462.6,0.0,3459.2,0,0,0,2017-04-19,34451100,3460.0,4,0,0,0,0,0,0,0,0,3460.2,1,0,0,0,0,0,0,0,0
475,2017-04-19,09:34:11,600,IF1704,CCFX,3460.4,3445.0,3461.4,1052,1090880520,18414,19123,3818,3124,3471,3462.6,0.0,3459.2,0,0,0,2017-04-19,34451600,3460.0,4,0,0,0,0,0,0,0,0,3460.2,1,0,0,0,0,0,0,0,0
476,2017-04-19,09:34:12,100,IF1704,CCFX,3460.0,3445.0,3461.4,1054,1092956520,18412,19123,3818,3124,3471,3462.6,0.0,3459.2,0,0,0,2017-04-19,34452100,3460.0,2,0,0,0,0,0,0,0,0,3460.2,1,0,0,0,0,0,0,0,0
477,2017-04-19,09:34:13,600,IF1704,CCFX,3460.0,3445.0,3461.4,1056,1095032520,18410,19123,3818,3124,3471,3462.6,0.0,3459.2,0,0,0,2017-04-19,34453600,3459.8,1,0,0,0,0,0,0,0,0,3460.0,1,0,0,0,0,0,0,0,0
478,2017-04-19,09:34:14,100,IF1704,CCFX,3460.0,3445.0,3461.4,1057,1096070520,18409,19123,3818,3124,3471,3462.6,0.0,3459.2,0,0,0,2017-04-19,34454100,3459.8,1,0,0,0,0,0,0,0,0,3460.2,4,0,0,0,0,0,0,0,0
479,2017-04-19,09:34:14,600,IF1704,CCFX,3460.2,3445.0,3461.4,1062,1101260700,18404,19123,3818,3124,3471,3462.6,0.0,3459.2,0,0,0,2017-04-19,34454600,3460.2,6,0,0,0,0,0,0,0,0,3460.4,1,0,0,0,0,0,0,0,0
480,2017-04-19,09:34:15,100,IF1704,CCFX,3460.2,3445.0,3461.4,1062,1101260700,18404,19123,3818,3124,3471,3462.6,0.0,3459.2,0,0,0,2017-04-19,34455100,3460.2,6,0,0,0,0,0,0,0,0,3460.4,2,0,0,0,0,0,0,0,0
481,2017-04-19,09:34:15,600,IF1704,CCFX,3460.2,3445.0,3461.4,1064,1103336820,18402,19123,3818,3124,3471,3462.6,0.0,3459.2,0,0,0,2017-04-19,34455600,3460.2,4,0,0,0,0,0,0,0,0,3460.4,2,0,0,0,0,0,0,0,0
482,2017-04-19,09:34:16,100,IF1704,CCFX,3460.6,3445.0,3461.4,1068,1107489420,18398,19123,3818,3124,3471,3462.6,0.0,3459.2,0,0,0,2017-04-19,34456100,3460.2,4,0,0,0,0,0,0,0,0,3460.6,1,0,0,0,0,0,0,0,0
483,2017-04-19,09:34:16,600,IF1704,CCFX,3460.2,3445.0,3461.4,1072,1111641660,18395,19123,3818,3124,3471,3462.6,0.0,3459.2,0,0,0,2017-04-19,34456600,3460.0,1,0,0,0,0,0,0,0,0,3460.4,1,0,0,0,0,0,0,0,0
484,2017-04-19,09:34:17,100,IF1704,CCFX,3460.0,3445.0,3461.4,1073,1112679660,18394,19123,3818,3124,3471,3462.6,0.0,3459.2,0,0,0,2017-04-19,34457100,3459.4,1,0,0,0,0,0,0,0,0,3460.0,3,0,0,0,0,0,0,0,0
485,2017-04-19,09:34:17,600,IF1704,CCFX,3460.0,3445.0,3461.4,1073,1112679660,18394,19123,3818,3124,3471,3462.6,0.0,3459.2,0,0,0,2017-04-19,34457600,3459.4,1,0,0,0,0,0,0,0,0,3459.8,1,0,0,0,0,0,0,0,0
486,2017-04-19,09:34:18,100,IF1704,CCFX,3459.8,3445.0,3461.4,1074,1113717600,18393,19123,3818,3124,3471,3462.6,0.0,3459.2,0,0,0,2017-04-19,34458100,3459.6,1,0,0,0,0,0,0,0,0,3460.0,2,0,0,0,0,0,0,0,0
487,2017-04-19,09:34:18,600,IF1704,CCFX,3459.6,3445.0,3461.4,1076,1115793360,18392,19123,3818,3124,3471,3462.6,0.0,3459.2,0,0,0,2017-04-19,34458600,3459.4,1,0,0,0,0,0,0,0,0,3459.8,1,0,0,0,0,0,0,0,0
488,2017-04-19,09:34:19,100,IF1704,CCFX,3459.6,3445.0,3461.4,1076,1115793360,18392,19123,3818,3124,3471,3462.6,0.0,3459.2,0,0,0,2017-04-19,34459100,3459.4,1,0,0,0,0,0,0,0,0,3459.8,2,0,0,0,0,0,0,0,0
489,2017-04-19,09:34:19,600,IF1704,CCFX,3459.6,3445.0,3461.4,1076,1115793360,18392,19123,3818,3124,3471,3462.6,0.0,3459.2,0,0,0,2017-04-19,34459600,3459.4,1,0,0,0,0,0,0,0,0,3459.8,2,0,0,0,0,0,0,0,0
490,2017-04-19,09:34:20,100,IF1704,CCFX,3459.4,3445.0,3461.4,1078,1117869000,18392,19123,3818,3124,3471,3462.6,0.0,3459.2,0,0,0,2017-04-19,34460100,3459.2,1,0,0,0,0,0,0,0,0,3459.8,2,0,0,0,0,0,0,0,0
491,2017-04-19,09:34:20,600,IF1704,CCFX,3459.4,3445.0,3461.4,1079,1118906820,18391,19123,3818,3124,3471,3462.6,0.0,3459.2,0,0,0,2017-04-19,34460600,3459.2,2,0,0,0,0,0,0,0,0,3459.8,2,0,0,0,0,0,0,0,0
492,2017-04-19,09:34:21,100,IF1704,CCFX,3459.4,3445.0,3461.4,1079,1118906820,18391,19123,3818,3124,3471,3462.6,0.0,3459.2,0,0,0,2017-04-19,34461100,3459.2,2,0,0,0,0,0,0,0,0,3459.8,3,0,0,0,0,0,0,0,0
493,2017-04-19,09:34:21,600,IF1704,CCFX,3459.2,3445.0,3461.4,1081,1120982340,18391,19123,3818,3124,3471,3462.6,0.0,3459.2,0,0,0,2017-04-19,34461600,3459.4,1,0,0,0,0,0,0,0,0,3459.6,1,0,0,0,0,0,0,0,0
494,2017-04-19,09:34:22,100,IF1704,CCFX,3459.4,3445.0,3461.4,1082,1122020160,18390,19123,3818,3124,3471,3462.6,0.0,3459.2,0,0,0,2017-04-19,34462100,3459.0,2,0,0,0,0,0,0,0,0,3459.4,5,0,0,0,0,0,0,0,0
495,2017-04-19,09:34:22,600,IF1704,CCFX,3459.2,3445.0,3461.4,1086,1126171020,18388,19123,3818,3124,3471,3462.6,0.0,3459.2,0,0,0,2017-04-19,34462600,3458.4,1,0,0,0,0,0,0,0,0,3459.2,2,0,0,0,0,0,0,0,0
496,2017-04-19,09:34:23,100,IF1704,CCFX,3459.4,3445.0,3461.4,1089,1129284360,18387,19123,3818,3124,3471,3462.6,0.0,3459.2,0,0,0,2017-04-19,34463100,3458.4,2,0,0,0,0,0,0,0,0,3459.4,2,0,0,0,0,0,0,0,0
497,2017-04-19,09:34:23,600,IF1704,CCFX,3459.4,3445.0,3461.4,1089,1129284360,18387,19123,3818,3124,3471,3462.6,0.0,3459.2,0,0,0,2017-04-19,34463600,3458.6,1,0,0,0,0,0,0,0,0,3459.4,3,0,0,0,0,0,0,0,0
498,2017-04-19,09:34:24,100,IF1704,CCFX,3459.8,3445.0,3461.4,1095,1135511580,18382,19123,3818,3124,3471,3462.6,0.0,3459.2,0,0,0,2017-04-19,34464100,3459.8,4,0,0,0,0,0,0,0,0,3460.0,3,0,0,0,0,0,0,0,0
499,2017-04-19,09:34:24,600,IF1704,CCFX,3459.8,3445.0,3461.4,1099,1139663340,18379,19123,3818,3124,3471,3462.6,0.0,3459.2,0,0,0,2017-04-19,34464600,3458.6,1,0,0,0,0,0,0,0,0,3459.8,2,0,0,0,0,0,0,0,0
500,2017-04-19,09:34:25,100,IF1704,CCFX,3459.8,3445.0,3461.4,1099,1139663340,18379,19123,3818,3124,3471,3462.6,0.0,3459.2,0,0,0,2017-04-19,34465100,3458.8,2,0,0,0,0,0,0,0,0,3459.8,1,0,0,0,0,0,0,0,0
501,2017-04-19,09:34:25,600,IF1704,CCFX,3459.8,3445.0,3461.4,1099,1139663340,18379,19123,3818,3124,3471,3462.6,0.0,3459.2,0,0,0,2017-04-19,34465600,3459.8,3,0,0,0,0,0,0,0,0,3460.0,4,0,0,0,0,0,0,0,0
502,2017-04-19,09:34:26,100,IF1704,CCFX,3459.8,3445.0,3461.4,1101,1141739220,18378,19123,3818,3124,3471,3462.6,0.0,3459.2,0,0,0,2017-04-19,34466100,3459.8,1,0,0,0,0,0,0,0,0,3460.0,4,0,0,0,0,0,0,0,0
503,2017-04-19,09:34:26,600,IF1704,CCFX,3459.8,3445.0,3461.4,1101,1141739220,18378,19123,3818,3124,3471,3462.6,0.0,3459.2,0,0,0,2017-04-19,34466600,3459.8,1,0,0,0,0,0,0,0,0,3460.0,4,0,0,0,0,0,0,0,0
504,2017-04-19,09:34:27,100,IF1704,CCFX,3459.8,3445.0,3461.4,1102,1142777160,18377,19123,3818,3124,3471,3462.6,0.0,3459.2,0,0,0,2017-04-19,34467100,3459.0,2,0,0,0,0,0,0,0,0,3460.0,4,0,0,0,0,0,0,0,0
505,2017-04-19,09:34:27,600,IF1704,CCFX,3459.8,3445.0,3461.4,1102,1142777160,18377,19123,3818,3124,3471,3462.6,0.0,3459.2,0,0,0,2017-04-19,34467600,3459.0,2,0,0,0,0,0,0,0,0,3460.0,5,0,0,0,0,0,0,0,0
506,2017-04-19,09:34:28,100,IF1704,CCFX,3459.8,3445.0,3461.4,1102,1142777160,18377,19123,3818,3124,3471,3462.6,0.0,3459.2,0,0,0,2017-04-19,34468100,3459.2,1,0,0,0,0,0,0,0,0,3459.8,1,0,0,0,0,0,0,0,0
