,dataDate,dataTime,dataMillisec,instrumentID,exchangeCD,lastPrice,lowPrice,highPrice,volume,value,openInterest,preOpenInterest,upperLimitPrice,lowerLimitPrice,preSettlementPrice,prevClosePrice,settlementPrice,openPrice,closePrice,preDelta,currDelta,clearingDay,milliSecOffset,bidPrice1,bidVolume1,bidPrice2,bidVolume2,bidPrice3,bidVolume3,bidPrice4,bidVolume4,bidPrice5,bidVolume5,askPrice1,askVolume1,askPrice2,askVolume2,askPrice3,askVolume3,askPrice4,askVolume4,askPrice5,askVolume5
0,2017-04-19,00:00:00,0,IH1704,CCFX,2338.0,0.0,0.0,0,0,10063,10063,0.0,0.0,2343.4,2338,0.0,0,0.0,0,0,2017-04-19,0,0.0,0,0,0,0,0,0,0,0,0,0.0,0,0,0,0,0,0,0,0,0
1,2017-04-19,07:03:20,100,IH1704,CCFX,2338.0,0.0,0.0,0,0,10063,10063,2577.6,2109.2,2343.4,2338,0.0,0,0.0,0,0,2017-04-19,25400100,0.0,0,0,0,0,0,0,0,0,0,0.0,0,0,0,0,0,0,0,0,0
2,2017-04-19,09:29:00,100,IH1704,CCFX,2332.0,2332.0,2332.0,13,9094800,10051,10063,2577.6,2109.2,2343.4,2338,0.0,2332,0.0,0,0,2017-04-19,34140100,2330.2,1,0,0,0,0,0,0,0,0,2332.0,2,0,0,0,0,0,0,0,0
3,2017-04-19,09:30:00,100,IH1704,CCFX,2332.0,2332.0,2332.0,13,9094800,10051,10063,2577.6,2109.2,2343.4,2338,0.0,2332,0.0,0,0,2017-04-19,34200100,2330.2,1,0,0,0,0,0,0,0,0,2331.8,1,0,0,0,0,0,0,0,0
4,2017-04-19,09:30:00,600,IH1704,CCFX,2332.0,2331.8,2332.0,17,11893080,10049,10063,2577.6,2109.2,2343.4,2338,0.0,2332,0.0,0,0,2017-04-19,34200600,2330.6,1,0,0,0,0,0,0,0,0,2331.6,1,0,0,0,0,0,0,0,0
5,2017-04-19,09:30:01,100,IH1704,CCFX,2330.8,2330.6,2332.0,21,14690580,10046,10063,2577.6,2109.2,2343.4,2338,0.0,2332,0.0,0,0,2017-04-19,34201100,2330.2,3,0,0,0,0,0,0,0,0,2332.4,1,0,0,0,0,0,0,0,0
6,2017-04-19,09:30:01,600,IH1704,CCFX,2330.4,2330.4,2332.2,25,17488620,10044,10063,2577.6,2109.2,2343.4,2338,0.0,2332,0.0,0,0,2017-04-19,34201600,2330.4,3,0,0,0,0,0,0,0,0,2332.2,3,0,0,0,0,0,0,0,0
7,2017-04-19,09:30:02,100,IH1704,CCFX,2330.6,2330.4,2332.2,26,18187800,10043,10063,2577.6,2109.2,2343.4,2338,0.0,2332,0.0,0,0,2017-04-19,34202100,2330.6,1,0,0,0,0,0,0,0,0,2332.0,1,0,0,0,0,0,0,0,0
8,2017-04-19,09:30:02,600,IH1704,CCFX,2330.6,2330.4,2332.2,26,18187800,10043,10063,2577.6,2109.2,2343.4,2338,0.0,2332,0.0,0,0,2017-04-19,34202600,2330.6,1,0,0,0,0,0,0,0,0,2331.8,1,0,0,0,0,0,0,0,0
9,2017-04-19,09:30:03,100,IH1704,CCFX,2331.8,2330.4,2332.2,27,18887340,10042,10063,2577.6,2109.2,2343.4,2338,0.0,2332,0.0,0,0,2017-04-19,34203100,2330.8,1,0,0,0,0,0,0,0,0,2332.0,1,0,0,0,0,0,0,0,0
10,2017-04-19,09:30:03,600,IH1704,CCFX,2332.2,2330.4,2332.2,30,20986260,10040,10063,2577.6,2109.2,2343.4,2338,0.0,2332,0.0,0,0,2017-04-19,34203600,2331.0,2,0,0,0,0,0,0,0,0,2331.8,1,0,0,0,0,0,0,0,0
11,2017-04-19,09:30:04,100,IH1704,CCFX,2331.0,2330.4,2332.2,33,23084460,10039,10063,2577.6,2109.2,2343.4,2338,0.0,2332,0.0,0,0,2017-04-19,34204100,2331.2,1,0,0,0,0,0,0,0,0,2332.2,1,0,0,0,0,0,0,0,0
12,2017-04-19,09:30:04,600,IH1704,CCFX,2332.2,2330.4,2332.2,36,25182720,10036,10063,2577.6,2109.2,2343.4,2338,0.0,2332,0.0,0,0,2017-04-19,34204600,2331.2,1,0,0,0,0,0,0,0,0,2332.0,1,0,0,0,0,0,0,0,0
13,2017-04-19,09:30:05,100,IH1704,CCFX,2330.8,2330.4,2332.2,39,27280920,10036,10063,2577.6,2109.2,2343.4,2338,0.0,2332,0.0,0,0,2017-04-19,34205100,2330.2,3,0,0,0,0,0,0,0,0,2331.6,1,0,0,0,0,0,0,0,0
14,2017-04-19,09:30:05,600,IH1704,CCFX,2330.4,2330.4,2332.2,41,28679160,10036,10063,2577.6,2109.2,2343.4,2338,0.0,2332,0.0,0,0,2017-04-19,34205600,2330.4,4,0,0,0,0,0,0,0,0,2331.0,3,0,0,0,0,0,0,0,0
15,2017-04-19,09:30:06,100,IH1704,CCFX,2331.0,2330.4,2332.2,42,29378460,10035,10063,2577.6,2109.2,2343.4,2338,0.0,2332,0.0,0,0,2017-04-19,34206100,2330.4,4,0,0,0,0,0,0,0,0,2331.0,2,0,0,0,0,0,0,0,0
16,2017-04-19,09:30:06,600,IH1704,CCFX,2330.6,2330.4,2332.2,44,30776940,10033,10063,2577.6,2109.2,2343.4,2338,0.0,2332,0.0,0,0,2017-04-19,34206600,2330.4,4,0,0,0,0,0,0,0,0,2331.0,1,0,0,0,0,0,0,0,0
17,2017-04-19,09:30:07,100,IH1704,CCFX,2330.6,2330.4,2332.2,44,30776940,10033,10063,2577.6,2109.2,2343.4,2338,0.0,2332,0.0,0,0,2017-04-19,34207100,2330.4,4,0,0,0,0,0,0,0,0,2331.0,1,0,0,0,0,0,0,0,0
18,2017-04-19,09:30:07,600,IH1704,CCFX,2330.6,2330.4,2332.2,44,30776940,10033,10063,2577.6,2109.2,2343.4,2338,0.0,2332,0.0,0,0,2017-04-19,34207600,2330.4,4,0,0,0,0,0,0,0,0,2331.0,1,0,0,0,0,0,0,0,0
19,2017-04-19,09:30:08,100,IH1704,CCFX,2330.6,2330.4,2332.2,44,30776940,10033,10063,2577.6,2109.2,2343.4,2338,0.0,2332,0.0,0,0,2017-04-19,34208100,2330.6,2,0,0,0,0,0,0,0,0,2331.0,1,0,0,0,0,0,0,0,0
20,2017-04-19,09:30:08,600,IH1704,CCFX,2330.6,2330.4,2332.2,45,31476120,10032,10063,2577.6,2109.2,2343.4,2338,0.0,2332,0.0,0,0,2017-04-19,34208600,2330.6,1,0,0,0,0,0,0,0,0,2331.0,1,0,0,0,0,0,0,0,0
21,2017-04-19,09:30:09,600,IH1704,CCFX,2330.6,2330.4,2332.2,46,32175300,10031,10063,2577.6,2109.2,2343.4,2338,0.0,2332,0.0,0,0,2017-04-19,34209600,2330.4,4,0,0,0,0,0,0,0,0,2331.0,1,0,0,0,0,0,0,0,0
22,2017-04-19,09:30:10,100,IH1704,CCFX,2330.6,2330.4,2332.2,46,32175300,10031,10063,2577.6,2109.2,2343.4,2338,0.0,2332,0.0,0,0,2017-04-19,34210100,2330.4,4,0,0,0,0,0,0,0,0,2331.0,1,0,0,0,0,0,0,0,0
23,2017-04-19,09:30:10,600,IH1704,CCFX,2331.0,2330.4,2332.2,47,32874600,10030,10063,2577.6,2109.2,2343.4,2338,0.0,2332,0.0,0,0,2017-04-19,34210600,2330.4,4,0,0,0,0,0,0,0,0,2330.8,1,0,0,0,0,0,0,0,0
24,2017-04-19,09:30:11,100,IH1704,CCFX,2331.0,2330.4,2332.2,48,33573900,10029,10063,2577.6,2109.2,2343.4,2338,0.0,2332,0.0,0,0,2017-04-19,34211100,2330.4,4,0,0,0,0,0,0,0,0,2332.2,2,0,0,0,0,0,0,0,0
25,2017-04-19,09:30:11,600,IH1704,CCFX,2332.2,2330.4,2332.2,53,37071960,10024,10063,2577.6,2109.2,2343.4,2338,0.0,2332,0.0,0,0,2017-04-19,34211600,2331.0,1,0,0,0,0,0,0,0,0,2332.6,1,0,0,0,0,0,0,0,0
26,2017-04-19,09:30:12,100,IH1704,CCFX,2331.2,2330.4,2332.2,54,37771320,10023,10063,2577.6,2109.2,2343.4,2338,0.0,2332,0.0,0,0,2017-04-19,34212100,2331.2,1,0,0,0,0,0,0,0,0,2332.4,2,0,0,0,0,0,0,0,0
27,2017-04-19,09:30:12,600,IH1704,CCFX,2331.2,2330.4,2332.2,54,37771320,10023,10063,2577.6,2109.2,2343.4,2338,0.0,2332,0.0,0,0,2017-04-19,34212600,2331.2,1,0,0,0,0,0,0,0,0,2332.2,1,0,0,0,0,0,0,0,0
28,2017-04-19,09:30:13,100,IH1704,CCFX,2331.2,2330.4,2332.2,54,37771320,10023,10063,2577.6,2109.2,2343.4,2338,0.0,2332,0.0,0,0,2017-04-19,34213100,2331.0,3,0,0,0,0,0,0,0,0,2331.4,1,0,0,0,0,0,0,0,0
29,2017-04-19,09:30:13,600,IH1704,CCFX,2331.4,2330.4,2332.2,55,38470740,10023,10063,2577.6,2109.2,2343.4,2338,0.0,2332,0.0,0,0,2017-04-19,34213600,2331.4,1,0,0,0,0,0,0,0,0,2332.2,1,0,0,0,0,0,0,0,0
30,2017-04-19,09:30:14,100,IH1704,CCFX,2331.4,2330.4,2332.2,56,39170160,10022,10063,2577.6,2109.2,2343.4,2338,0.0,2332,0.0,0,0,2017-04-19,34214100,2331.0,3,0,0,0,0,0,0,0,0,2332.2,1,0,0,0,0,0,0,0,0
31,2017-04-19,09:30:14,600,IH1704,CCFX,2331.0,2330.4,2332.2,57,39869460,10021,10063,2577.6,2109.2,2343.4,2338,0.0,2332,0.0,0,0,2017-04-19,34214600,2331.2,1,0,0,0,0,0,0,0,0,2332.2,1,0,0,0,0,0,0,0,0
32,2017-04-19,09:30:15,100,IH1704,CCFX,2331.0,2330.4,2332.2,57,39869460,10021,10063,2577.6,2109.2,2343.4,2338,0.0,2332,0.0,0,0,2017-04-19,34215100,2331.2,1,0,0,0,0,0,0,0,0,2332.2,1,0,0,0,0,0,0,0,0
33,2017-04-19,09:30:15,600,IH1704,CCFX,2331.0,2330.4,2332.2,57,39869460,10021,10063,2577.6,2109.2,2343.4,2338,0.0,2332,0.0,0,0,2017-04-19,34215600,2331.2,1,0,0,0,0,0,0,0,0,2332.4,1,0,0,0,0,0,0,0,0
34,2017-04-19,09:30:16,100,IH1704,CCFX,2331.4,2330.4,2332.2,58,40568880,10020,10063,2577.6,2109.2,2343.4,2338,0.0,2332,0.0,0,0,2017-04-19,34216100,2331.4,2,0,0,0,0,0,0,0,0,2332.4,1,0,0,0,0,0,0,0,0
35,2017-04-19,09:30:16,600,IH1704,CCFX,2331.4,2330.4,2332.2,58,40568880,10020,10063,2577.6,2109.2,2343.4,2338,0.0,2332,0.0,0,0,2017-04-19,34216600,2331.4,4,0,0,0,0,0,0,0,0,2332.6,1,0,0,0,0,0,0,0,0
36,2017-04-19,09:30:17,100,IH1704,CCFX,2331.4,2330.4,2332.2,59,41268300,10019,10063,2577.6,2109.2,2343.4,2338,0.0,2332,0.0,0,0,2017-04-19,34217100,2331.4,3,0,0,0,0,0,0,0,0,2332.8,2,0,0,0,0,0,0,0,0
37,2017-04-19,09:30:17,600,IH1704,CCFX,2331.4,2330.4,2332.2,59,41268300,10019,10063,2577.6,2109.2,2343.4,2338,0.0,2332,0.0,0,0,2017-04-19,34217600,2331.6,1,0,0,0,0,0,0,0,0,2332.6,1,0,0,0,0,0,0,0,0
38,2017-04-19,09:30:18,100,IH1704,CCFX,2331.4,2330.4,2332.2,59,41268300,10019,10063,2577.6,2109.2,2343.4,2338,0.0,2332,0.0,0,0,2017-04-19,34218100,2331.8,1,0,0,0,0,0,0,0,0,2332.6,1,0,0,0,0,0,0,0,0
39,2017-04-19,09:30:18,600,IH1704,CCFX,2331.4,2330.4,2332.2,59,41268300,10019,10063,2577.6,2109.2,2343.4,2338,0.0,2332,0.0,0,0,2017-04-19,34218600,2331.8,3,0,0,0,0,0,0,0,0,2332.6,1,0,0,0,0,0,0,0,0
40,2017-04-19,09:30:19,100,IH1704,CCFX,2331.4,2330.4,2332.2,59,41268300,10019,10063,2577.6,2109.2,2343.4,2338,0.0,2332,0.0,0,0,2017-04-19,34219100,2331.8,3,0,0,0,0,0,0,0,0,2332.6,1,0,0,0,0,0,0,0,0
41,2017-04-19,09:30:19,600,IH1704,CCFX,2331.4,2330.4,2332.2,59,41268300,10019,10063,2577.6,2109.2,2343.4,2338,0.0,2332,0.0,0,0,2017-04-19,34219600,2332.0,2,0,0,0,0,0,0,0,0,2332.6,1,0,0,0,0,0,0,0,0
42,2017-04-19,09:30:20,100,IH1704,CCFX,2331.4,2330.4,2332.2,59,41268300,10019,10063,2577.6,2109.2,2343.4,2338,0.0,2332,0.0,0,0,2017-04-19,34220100,2332.0,4,0,0,0,0,0,0,0,0,2332.8,2,0,0,0,0,0,0,0,0
43,2017-04-19,09:30:20,600,IH1704,CCFX,2331.4,2330.4,2332.2,59,41268300,10019,10063,2577.6,2109.2,2343.4,2338,0.0,2332,0.0,0,0,2017-04-19,34220600,2332.0,4,0,0,0,0,0,0,0,0,2332.8,2,0,0,0,0,0,0,0,0
44,2017-04-19,09:30:21,600,IH1704,CCFX,2332.0,2330.4,2332.2,62,43367100,10016,10063,2577.6,2109.2,2343.4,2338,0.0,2332,0.0,0,0,2017-04-19,34221600,2332.0,1,0,0,0,0,0,0,0,0,2332.8,2,0,0,0,0,0,0,0,0
45,2017-04-19,09:30:22,100,IH1704,CCFX,2332.0,2330.4,2332.2,62,43367100,10016,10063,2577.6,2109.2,2343.4,2338,0.0,2332,0.0,0,0,2017-04-19,34222100,2332.0,2,0,0,0,0,0,0,0,0,2332.8,2,0,0,0,0,0,0,0,0
46,2017-04-19,09:30:22,600,IH1704,CCFX,2332.0,2330.4,2332.2,62,43367100,10016,10063,2577.6,2109.2,2343.4,2338,0.0,2332,0.0,0,0,2017-04-19,34222600,2332.0,2,0,0,0,0,0,0,0,0,2332.8,2,0,0,0,0,0,0,0,0
47,2017-04-19,09:30:23,100,IH1704,CCFX,2332.0,2330.4,2332.2,63,44066700,10015,10063,2577.6,2109.2,2343.4,2338,0.0,2332,0.0,0,0,2017-04-19,34223100,2332.0,1,0,0,0,0,0,0,0,0,2332.8,2,0,0,0,0,0,0,0,0
48,2017-04-19,09:30:23,600,IH1704,CCFX,2332.0,2330.4,2332.2,63,44066700,10015,10063,2577.6,2109.2,2343.4,2338,0.0,2332,0.0,0,0,2017-04-19,34223600,2332.0,2,0,0,0,0,0,0,0,0,2332.8,2,0,0,0,0,0,0,0,0
49,2017-04-19,09:30:24,100,IH1704,CCFX,2332.0,2330.4,2332.2,63,44066700,10015,10063,2577.6,2109.2,2343.4,2338,0.0,2332,0.0,0,0,2017-04-19,34224100,2332.2,1,0,0,0,0,0,0,0,0,2332.8,2,0,0,0,0,0,0,0,0
50,2017-04-19,09:30:24,600,IH1704,CCFX,2332.0,2330.4,2332.2,64,44766300,10014,10063,2577.6,2109.2,2343.4,2338,0.0,2332,0.0,0,0,2017-04-19,34224600,2332.2,2,0,0,0,0,0,0,0,0,2332.8,2,0,0,0,0,0,0,0,0
51,2017-04-19,09:30:25,100,IH1704,CCFX,2332.8,2330.4,2332.8,66,46165800,10012,10063,2577.6,2109.2,2343.4,2338,0.0,2332,0.0,0,0,2017-04-19,34225100,2332.6,1,0,0,0,0,0,0,0,0,2332.8,1,0,0,0,0,0,0,0,0
52,2017-04-19,09:30:25,600,IH1704,CCFX,2332.6,2330.4,2332.8,67,46865580,10011,10063,2577.6,2109.2,2343.4,2338,0.0,2332,0.0,0,0,2017-04-19,34225600,2331.2,1,0,0,0,0,0,0,0,0,2332.8,1,0,0,0,0,0,0,0,0
53,2017-04-19,09:30:26,100,IH1704,CCFX,2332.6,2330.4,2332.8,67,46865580,10011,10063,2577.6,2109.2,2343.4,2338,0.0,2332,0.0,0,0,2017-04-19,34226100,2331.4,1,0,0,0,0,0,0,0,0,2332.6,3,0,0,0,0,0,0,0,0
54,2017-04-19,09:30:26,600,IH1704,CCFX,2332.6,2330.4,2332.8,67,46865580,10011,10063,2577.6,2109.2,2343.4,2338,0.0,2332,0.0,0,0,2017-04-19,34226600,2331.4,1,0,0,0,0,0,0,0,0,2332.6,2,0,0,0,0,0,0,0,0
55,2017-04-19,09:30:27,600,IH1704,CCFX,2332.6,2330.4,2332.8,69,48265140,10009,10063,2577.6,2109.2,2343.4,2338,0.0,2332,0.0,0,0,2017-04-19,34227600,2331.6,1,0,0,0,0,0,0,0,0,2332.8,1,0,0,0,0,0,0,0,0
56,2017-04-19,09:30:28,100,IH1704,CCFX,2332.6,2330.4,2332.8,69,48265140,10009,10063,2577.6,2109.2,2343.4,2338,0.0,2332,0.0,0,0,2017-04-19,34228100,2331.8,1,0,0,0,0,0,0,0,0,2332.8,1,0,0,0,0,0,0,0,0
57,2017-04-19,09:30:28,600,IH1704,CCFX,2332.6,2330.4,2332.8,69,48265140,10009,10063,2577.6,2109.2,2343.4,2338,0.0,2332,0.0,0,0,2017-04-19,34228600,2331.8,1,0,0,0,0,0,0,0,0,2332.6,1,0,0,0,0,0,0,0,0
58,2017-04-19,09:30:30,600,IH1704,CCFX,2332.6,2330.4,2332.8,69,48265140,10009,10063,2577.6,2109.2,2343.4,2338,0.0,2332,0.0,0,0,2017-04-19,34230600,2332.0,1,0,0,0,0,0,0,0,0,2332.6,1,0,0,0,0,0,0,0,0
59,2017-04-19,09:30:31,100,IH1704,CCFX,2332.6,2330.4,2332.8,72,50364240,10006,10063,2577.6,2109.2,2343.4,2338,0.0,2332,0.0,0,0,2017-04-19,34231100,2332.2,1,0,0,0,0,0,0,0,0,2332.8,1,0,0,0,0,0,0,0,0
60,2017-04-19,09:30:31,600,IH1704,CCFX,2332.6,2330.4,2332.8,72,50364240,10006,10063,2577.6,2109.2,2343.4,2338,0.0,2332,0.0,0,0,2017-04-19,34231600,2332.2,1,0,0,0,0,0,0,0,0,2332.4,2,0,0,0,0,0,0,0,0
61,2017-04-19,09:30:32,100,IH1704,CCFX,2332.2,2330.4,2332.8,73,51063900,10005,10063,2577.6,2109.2,2343.4,2338,0.0,2332,0.0,0,0,2017-04-19,34232100,2332.0,1,0,0,0,0,0,0,0,0,2332.2,1,0,0,0,0,0,0,0,0
62,2017-04-19,09:30:32,600,IH1704,CCFX,2332.2,2330.4,2332.8,73,51063900,10005,10063,2577.6,2109.2,2343.4,2338,0.0,2332,0.0,0,0,2017-04-19,34232600,2332.0,1,0,0,0,0,0,0,0,0,2332.2,1,0,0,0,0,0,0,0,0
63,2017-04-19,09:30:33,600,IH1704,CCFX,2332.0,2330.4,2332.8,74,51763500,10004,10063,2577.6,2109.2,2343.4,2338,0.0,2332,0.0,0,0,2017-04-19,34233600,2331.2,2,0,0,0,0,0,0,0,0,2332.2,1,0,0,0,0,0,0,0,0
64,2017-04-19,09:30:34,100,IH1704,CCFX,2332.0,2330.4,2332.8,74,51763500,10004,10063,2577.6,2109.2,2343.4,2338,0.0,2332,0.0,0,0,2017-04-19,34234100,2332.0,1,0,0,0,0,0,0,0,0,2332.2,1,0,0,0,0,0,0,0,0
65,2017-04-19,09:30:35,600,IH1704,CCFX,2332.0,2330.4,2332.8,74,51763500,10004,10063,2577.6,2109.2,2343.4,2338,0.0,2332,0.0,0,0,2017-04-19,34235600,2332.0,1,0,0,0,0,0,0,0,0,2332.2,1,0,0,0,0,0,0,0,0
66,2017-04-19,09:30:36,100,IH1704,CCFX,2332.0,2330.4,2332.8,74,51763500,10004,10063,2577.6,2109.2,2343.4,2338,0.0,2332,0.0,0,0,2017-04-19,34236100,2332.0,1,0,0,0,0,0,0,0,0,2332.2,1,0,0,0,0,0,0,0,0
67,2017-04-19,09:30:37,100,IH1704,CCFX,2332.0,2330.4,2332.8,74,51763500,10004,10063,2577.6,2109.2,2343.4,2338,0.0,2332,0.0,0,0,2017-04-19,34237100,2332.0,1,0,0,0,0,0,0,0,0,2332.2,3,0,0,0,0,0,0,0,0
68,2017-04-19,09:30:38,600,IH1704,CCFX,2332.2,2330.4,2332.8,75,52463160,10003,10063,2577.6,2109.2,2343.4,2338,0.0,2332,0.0,0,0,2017-04-19,34238600,2332.0,1,0,0,0,0,0,0,0,0,2332.2,2,0,0,0,0,0,0,0,0
69,2017-04-19,09:30:39,100,IH1704,CCFX,2332.2,2330.4,2332.8,76,53162820,10002,10063,2577.6,2109.2,2343.4,2338,0.0,2332,0.0,0,0,2017-04-19,34239100,2332.0,1,0,0,0,0,0,0,0,0,2332.2,1,0,0,0,0,0,0,0,0
70,2017-04-19,09:30:39,600,IH1704,CCFX,2332.2,2330.4,2332.8,77,53862480,10001,10063,2577.6,2109.2,2343.4,2338,0.0,2332,0.0,0,0,2017-04-19,34239600,2332.0,1,0,0,0,0,0,0,0,0,2332.4,1,0,0,0,0,0,0,0,0
71,2017-04-19,09:30:41,100,IH1704,CCFX,2332.2,2330.4,2332.8,77,53862480,10001,10063,2577.6,2109.2,2343.4,2338,0.0,2332,0.0,0,0,2017-04-19,34241100,2332.0,1,0,0,0,0,0,0,0,0,2332.4,1,0,0,0,0,0,0,0,0
72,2017-04-19,09:30:41,600,IH1704,CCFX,2332.2,2330.4,2332.8,77,53862480,10001,10063,2577.6,2109.2,2343.4,2338,0.0,2332,0.0,0,0,2017-04-19,34241600,2332.2,1,0,0,0,0,0,0,0,0,2332.4,1,0,0,0,0,0,0,0,0
73,2017-04-19,09:30:42,600,IH1704,CCFX,2332.4,2330.4,2332.8,78,54562200,10001,10063,2577.6,2109.2,2343.4,2338,0.0,2332,0.0,0,0,2017-04-19,34242600,2332.2,1,0,0,0,0,0,0,0,0,2332.8,1,0,0,0,0,0,0,0,0
74,2017-04-19,09:30:43,100,IH1704,CCFX,2332.4,2330.4,2332.8,78,54562200,10001,10063,2577.6,2109.2,2343.4,2338,0.0,2332,0.0,0,0,2017-04-19,34243100,2332.2,1,0,0,0,0,0,0,0,0,2332.8,1,0,0,0,0,0,0,0,0
75,2017-04-19,09:30:43,600,IH1704,CCFX,2332.8,2330.4,2332.8,79,55262040,10000,10063,2577.6,2109.2,2343.4,2338,0.0,2332,0.0,0,0,2017-04-19,34243600,2332.4,2,0,0,0,0,0,0,0,0,2333.0,5,0,0,0,0,0,0,0,0
76,2017-04-19,09:30:44,100,IH1704,CCFX,2332.8,2330.4,2332.8,79,55262040,10000,10063,2577.6,2109.2,2343.4,2338,0.0,2332,0.0,0,0,2017-04-19,34244100,2332.4,2,0,0,0,0,0,0,0,0,2332.8,1,0,0,0,0,0,0,0,0
77,2017-04-19,09:30:44,600,IH1704,CCFX,2332.4,2330.4,2332.8,80,55961760,9999,10063,2577.6,2109.2,2343.4,2338,0.0,2332,0.0,0,0,2017-04-19,34244600,2332.4,1,0,0,0,0,0,0,0,0,2332.8,1,0,0,0,0,0,0,0,0
78,2017-04-19,09:30:45,100,IH1704,CCFX,2332.4,2330.4,2332.8,80,55961760,9999,10063,2577.6,2109.2,2343.4,2338,0.0,2332,0.0,0,0,2017-04-19,34245100,2332.6,1,0,0,0,0,0,0,0,0,2332.8,1,0,0,0,0,0,0,0,0
79,2017-04-19,09:30:45,600,IH1704,CCFX,2332.4,2330.4,2332.8,80,55961760,9999,10063,2577.6,2109.2,2343.4,2338,0.0,2332,0.0,0,0,2017-04-19,34245600,2332.6,1,0,0,0,0,0,0,0,0,2332.8,1,0,0,0,0,0,0,0,0
80,2017-04-19,09:30:46,100,IH1704,CCFX,2332.4,2330.4,2332.8,80,55961760,9999,10063,2577.6,2109.2,2343.4,2338,0.0,2332,0.0,0,0,2017-04-19,34246100,2332.6,1,0,0,0,0,0,0,0,0,2332.8,1,0,0,0,0,0,0,0,0
81,2017-04-19,09:30:46,600,IH1704,CCFX,2332.4,2330.4,2332.8,82,57361200,9997,10063,2577.6,2109.2,2343.4,2338,0.0,2332,0.0,0,0,2017-04-19,34246600,2331.2,2,0,0,0,0,0,0,0,0,2332.8,4,0,0,0,0,0,0,0,0
82,2017-04-19,09:30:47,100,IH1704,CCFX,2332.4,2330.4,2332.8,82,57361200,9997,10063,2577.6,2109.2,2343.4,2338,0.0,2332,0.0,0,0,2017-04-19,34247100,2331.4,2,0,0,0,0,0,0,0,0,2332.6,3,0,0,0,0,0,0,0,0
83,2017-04-19,09:30:47,600,IH1704,CCFX,2332.4,2330.4,2332.8,82,57361200,9997,10063,2577.6,2109.2,2343.4,2338,0.0,2332,0.0,0,0,2017-04-19,34247600,2331.6,1,0,0,0,0,0,0,0,0,2332.4,2,0,0,0,0,0,0,0,0
84,2017-04-19,09:30:48,100,IH1704,CCFX,2332.4,2330.4,2332.8,84,58760640,9997,10063,2577.6,2109.2,2343.4,2338,0.0,2332,0.0,0,0,2017-04-19,34248100,2332.2,1,0,0,0,0,0,0,0,0,2332.6,1,0,0,0,0,0,0,0,0
85,2017-04-19,09:30:48,600,IH1704,CCFX,2332.8,2330.4,2332.8,86,60160320,9997,10063,2577.6,2109.2,2343.4,2338,0.0,2332,0.0,0,0,2017-04-19,34248600,2332.2,1,0,0,0,0,0,0,0,0,2332.8,1,0,0,0,0,0,0,0,0
86,2017-04-19,09:30:49,100,IH1704,CCFX,2332.8,2330.4,2332.8,86,60160320,9997,10063,2577.6,2109.2,2343.4,2338,0.0,2332,0.0,0,0,2017-04-19,34249100,2332.2,1,0,0,0,0,0,0,0,0,2332.4,1,0,0,0,0,0,0,0,0
87,2017-04-19,09:30:49,600,IH1704,CCFX,2332.4,2330.4,2332.8,87,60860040,9996,10063,2577.6,2109.2,2343.4,2338,0.0,2332,0.0,0,0,2017-04-19,34249600,2332.4,1,0,0,0,0,0,0,0,0,2332.8,1,0,0,0,0,0,0,0,0
88,2017-04-19,09:30:50,600,IH1704,CCFX,2332.4,2330.4,2332.8,88,61559760,9995,10063,2577.6,2109.2,2343.4,2338,0.0,2332,0.0,0,0,2017-04-19,34250600,2332.2,1,0,0,0,0,0,0,0,0,2332.8,1,0,0,0,0,0,0,0,0
89,2017-04-19,09:30:51,600,IH1704,CCFX,2332.4,2330.4,2332.8,88,61559760,9995,10063,2577.6,2109.2,2343.4,2338,0.0,2332,0.0,0,0,2017-04-19,34251600,2332.4,1,0,0,0,0,0,0,0,0,2332.8,1,0,0,0,0,0,0,0,0
90,2017-04-19,09:30:52,600,IH1704,CCFX,2332.4,2330.4,2332.8,88,61559760,9995,10063,2577.6,2109.2,2343.4,2338,0.0,2332,0.0,0,0,2017-04-19,34252600,2332.4,1,0,0,0,0,0,0,0,0,2332.8,1,0,0,0,0,0,0,0,0
91,2017-04-19,09:30:53,100,IH1704,CCFX,2332.4,2330.4,2332.8,88,61559760,9995,10063,2577.6,2109.2,2343.4,2338,0.0,2332,0.0,0,0,2017-04-19,34253100,2332.4,1,0,0,0,0,0,0,0,0,2332.8,3,0,0,0,0,0,0,0,0
92,2017-04-19,09:30:53,600,IH1704,CCFX,2332.4,2330.4,2332.8,88,61559760,9995,10063,2577.6,2109.2,2343.4,2338,0.0,2332,0.0,0,0,2017-04-19,34253600,2332.2,1,0,0,0,0,0,0,0,0,2332.8,3,0,0,0,0,0,0,0,0
93,2017-04-19,09:30:54,100,IH1704,CCFX,2332.8,2330.4,2332.8,89,62259600,9994,10063,2577.6,2109.2,2343.4,2338,0.0,2332,0.0,0,0,2017-04-19,34254100,2332.4,1,0,0,0,0,0,0,0,0,2332.8,2,0,0,0,0,0,0,0,0
94,2017-04-19,09:30:54,600,IH1704,CCFX,2332.8,2330.4,2332.8,90,62959440,9993,10063,2577.6,2109.2,2343.4,2338,0.0,2332,0.0,0,0,2017-04-19,34254600,2332.4,1,0,0,0,0,0,0,0,0,2332.8,1,0,0,0,0,0,0,0,0
95,2017-04-19,09:30:55,100,IH1704,CCFX,2332.8,2330.4,2332.8,90,62959440,9993,10063,2577.6,2109.2,2343.4,2338,0.0,2332,0.0,0,0,2017-04-19,34255100,2332.4,1,0,0,0,0,0,0,0,0,2332.8,1,0,0,0,0,0,0,0,0
96,2017-04-19,09:30:55,600,IH1704,CCFX,2332.8,2330.4,2332.8,91,63659280,9993,10063,2577.6,2109.2,2343.4,2338,0.0,2332,0.0,0,0,2017-04-19,34255600,2332.6,2,0,0,0,0,0,0,0,0,2333.0,5,0,0,0,0,0,0,0,0
97,2017-04-19,09:30:56,100,IH1704,CCFX,2332.8,2330.4,2332.8,91,63659280,9993,10063,2577.6,2109.2,2343.4,2338,0.0,2332,0.0,0,0,2017-04-19,34256100,2332.8,1,0,0,0,0,0,0,0,0,2333.0,5,0,0,0,0,0,0,0,0
98,2017-04-19,09:30:57,100,IH1704,CCFX,2333.0,2330.4,2333.0,92,64359180,9992,10063,2577.6,2109.2,2343.4,2338,0.0,2332,0.0,0,0,2017-04-19,34257100,2332.8,1,0,0,0,0,0,0,0,0,2333.0,4,0,0,0,0,0,0,0,0
99,2017-04-19,09:30:57,600,IH1704,CCFX,2333.0,2330.4,2333.0,96,67158780,9988,10063,2577.6,2109.2,2343.4,2338,0.0,2332,0.0,0,0,2017-04-19,34257600,2333.0,1,0,0,0,0,0,0,0,0,2334.0,3,0,0,0,0,0,0,0,0
100,2017-04-19,09:30:58,100,IH1704,CCFX,2334.0,2330.4,2334.0,97,67858980,9988,10063,2577.6,2109.2,2343.4,2338,0.0,2332,0.0,0,0,2017-04-19,34258100,2333.2,2,0,0,0,0,0,0,0,0,2333.8,5,0,0,0,0,0,0,0,0
101,2017-04-19,09:30:58,600,IH1704,CCFX,2333.2,2330.4,2334.0,98,68558940,9987,10063,2577.6,2109.2,2343.4,2338,0.0,2332,0.0,0,0,2017-04-19,34258600,2333.2,1,0,0,0,0,0,0,0,0,2333.8,5,0,0,0,0,0,0,0,0
102,2017-04-19,09:30:59,100,IH1704,CCFX,2333.2,2330.4,2334.0,98,68558940,9987,10063,2577.6,2109.2,2343.4,2338,0.0,2332,0.0,0,0,2017-04-19,34259100,2333.2,1,0,0,0,0,0,0,0,0,2333.6,1,0,0,0,0,0,0,0,0
103,2017-04-19,09:30:59,600,IH1704,CCFX,2333.0,2330.4,2334.0,100,69958800,9985,10063,2577.6,2109.2,2343.4,2338,0.0,2332,0.0,0,0,2017-04-19,34259600,2332.6,1,0,0,0,0,0,0,0,0,2333.6,5,0,0,0,0,0,0,0,0
104,2017-04-19,09:31:00,100,IH1704,CCFX,2332.6,2330.4,2334.0,101,70658580,9984,10063,2577.6,2109.2,2343.4,2338,0.0,2332,0.0,0,0,2017-04-19,34260100,2332.0,1,0,0,0,0,0,0,0,0,2333.2,1,0,0,0,0,0,0,0,0
105,2017-04-19,09:31:00,600,IH1704,CCFX,2332.6,2330.4,2334.0,101,70658580,9984,10063,2577.6,2109.2,2343.4,2338,0.0,2332,0.0,0,0,2017-04-19,34260600,2332.4,1,0,0,0,0,0,0,0,0,2333.0,1,0,0,0,0,0,0,0,0
106,2017-04-19,09:31:01,100,IH1704,CCFX,2332.6,2330.4,2334.0,102,71358360,9983,10063,2577.6,2109.2,2343.4,2338,0.0,2332,0.0,0,0,2017-04-19,34261100,2332.4,1,0,0,0,0,0,0,0,0,2333.2,1,0,0,0,0,0,0,0,0
107,2017-04-19,09:31:01,600,IH1704,CCFX,2332.6,2330.4,2334.0,102,71358360,9983,10063,2577.6,2109.2,2343.4,2338,0.0,2332,0.0,0,0,2017-04-19,34261600,2332.4,1,0,0,0,0,0,0,0,0,2332.8,1,0,0,0,0,0,0,0,0
108,2017-04-19,09:31:02,100,IH1704,CCFX,2332.6,2330.4,2334.0,102,71358360,9983,10063,2577.6,2109.2,2343.4,2338,0.0,2332,0.0,0,0,2017-04-19,34262100,2332.4,1,0,0,0,0,0,0,0,0,2332.8,1,0,0,0,0,0,0,0,0
109,2017-04-19,09:31:02,600,IH1704,CCFX,2332.6,2330.4,2334.0,102,71358360,9983,10063,2577.6,2109.2,2343.4,2338,0.0,2332,0.0,0,0,2017-04-19,34262600,2332.4,1,0,0,0,0,0,0,0,0,2332.8,1,0,0,0,0,0,0,0,0
110,2017-04-19,09:31:03,600,IH1704,CCFX,2332.4,2330.4,2334.0,103,72058080,9982,10063,2577.6,2109.2,2343.4,2338,0.0,2332,0.0,0,0,2017-04-19,34263600,2332.2,2,0,0,0,0,0,0,0,0,2332.8,1,0,0,0,0,0,0,0,0
111,2017-04-19,09:31:04,100,IH1704,CCFX,2332.8,2330.4,2334.0,104,72757920,9981,10063,2577.6,2109.2,2343.4,2338,0.0,2332,0.0,0,0,2017-04-19,34264100,2332.2,2,0,0,0,0,0,0,0,0,2333.2,1,0,0,0,0,0,0,0,0
112,2017-04-19,09:31:04,600,IH1704,CCFX,2332.8,2330.4,2334.0,104,72757920,9981,10063,2577.6,2109.2,2343.4,2338,0.0,2332,0.0,0,0,2017-04-19,34264600,2332.6,1,0,0,0,0,0,0,0,0,2333.0,1,0,0,0,0,0,0,0,0
113,2017-04-19,09:31:05,100,IH1704,CCFX,2333.0,2330.4,2334.0,105,73457820,9980,10063,2577.6,2109.2,2343.4,2338,0.0,2332,0.0,0,0,2017-04-19,34265100,2332.6,1,0,0,0,0,0,0,0,0,2333.2,1,0,0,0,0,0,0,0,0
114,2017-04-19,09:31:05,600,IH1704,CCFX,2333.0,2330.4,2334.0,105,73457820,9980,10063,2577.6,2109.2,2343.4,2338,0.0,2332,0.0,0,0,2017-04-19,34265600,2332.6,1,0,0,0,0,0,0,0,0,2333.0,1,0,0,0,0,0,0,0,0
115,2017-04-19,09:31:06,100,IH1704,CCFX,2333.0,2330.4,2334.0,105,73457820,9980,10063,2577.6,2109.2,2343.4,2338,0.0,2332,0.0,0,0,2017-04-19,34266100,2332.4,3,0,0,0,0,0,0,0,0,2333.0,1,0,0,0,0,0,0,0,0
116,2017-04-19,09:31:06,600,IH1704,CCFX,2333.0,2330.4,2334.0,105,73457820,9980,10063,2577.6,2109.2,2343.4,2338,0.0,2332,0.0,0,0,2017-04-19,34266600,2332.2,1,0,0,0,0,0,0,0,0,2333.0,1,0,0,0,0,0,0,0,0
117,2017-04-19,09:31:07,100,IH1704,CCFX,2333.0,2330.4,2334.0,105,73457820,9980,10063,2577.6,2109.2,2343.4,2338,0.0,2332,0.0,0,0,2017-04-19,34267100,2332.2,1,0,0,0,0,0,0,0,0,2333.0,2,0,0,0,0,0,0,0,0
118,2017-04-19,09:31:07,600,IH1704,CCFX,2333.0,2330.4,2334.0,105,73457820,9980,10063,2577.6,2109.2,2343.4,2338,0.0,2332,0.0,0,0,2017-04-19,34267600,2332.4,1,0,0,0,0,0,0,0,0,2333.0,2,0,0,0,0,0,0,0,0
119,2017-04-19,09:31:08,100,IH1704,CCFX,2333.0,2330.4,2334.0,105,73457820,9980,10063,2577.6,2109.2,2343.4,2338,0.0,2332,0.0,0,0,2017-04-19,34268100,2332.4,1,0,0,0,0,0,0,0,0,2333.0,2,0,0,0,0,0,0,0,0
120,2017-04-19,09:31:08,600,IH1704,CCFX,2333.0,2330.4,2334.0,106,74157720,9979,10063,2577.6,2109.2,2343.4,2338,0.0,2332,0.0,0,0,2017-04-19,34268600,2332.4,1,0,0,0,0,0,0,0,0,2333.0,1,0,0,0,0,0,0,0,0
121,2017-04-19,09:31:09,600,IH1704,CCFX,2333.0,2330.4,2334.0,106,74157720,9979,10063,2577.6,2109.2,2343.4,2338,0.0,2332,0.0,0,0,2017-04-19,34269600,2332.0,5,0,0,0,0,0,0,0,0,2333.0,1,0,0,0,0,0,0,0,0
122,2017-04-19,09:31:10,100,IH1704,CCFX,2333.0,2330.4,2334.0,106,74157720,9979,10063,2577.6,2109.2,2343.4,2338,0.0,2332,0.0,0,0,2017-04-19,34270100,2332.2,1,0,0,0,0,0,0,0,0,2333.0,1,0,0,0,0,0,0,0,0
123,2017-04-19,09:31:11,100,IH1704,CCFX,2333.0,2330.4,2334.0,106,74157720,9979,10063,2577.6,2109.2,2343.4,2338,0.0,2332,0.0,0,0,2017-04-19,34271100,2332.4,1,0,0,0,0,0,0,0,0,2332.8,1,0,0,0,0,0,0,0,0
124,2017-04-19,09:31:11,600,IH1704,CCFX,2333.0,2330.4,2334.0,107,74857620,9978,10063,2577.6,2109.2,2343.4,2338,0.0,2332,0.0,0,0,2017-04-19,34271600,2332.4,1,0,0,0,0,0,0,0,0,2332.8,1,0,0,0,0,0,0,0,0
125,2017-04-19,09:31:12,100,IH1704,CCFX,2333.0,2330.4,2334.0,107,74857620,9978,10063,2577.6,2109.2,2343.4,2338,0.0,2332,0.0,0,0,2017-04-19,34272100,2332.4,1,0,0,0,0,0,0,0,0,2332.8,1,0,0,0,0,0,0,0,0
126,2017-04-19,09:31:13,100,IH1704,CCFX,2332.8,2330.4,2334.0,108,75557460,9977,10063,2577.6,2109.2,2343.4,2338,0.0,2332,0.0,0,0,2017-04-19,34273100,2332.2,1,0,0,0,0,0,0,0,0,2333.0,1,0,0,0,0,0,0,0,0
127,2017-04-19,09:31:13,600,IH1704,CCFX,2333.0,2330.4,2334.0,109,76257360,9976,10063,2577.6,2109.2,2343.4,2338,0.0,2332,0.0,0,0,2017-04-19,34273600,2332.2,1,0,0,0,0,0,0,0,0,2333.2,1,0,0,0,0,0,0,0,0
128,2017-04-19,09:31:14,600,IH1704,CCFX,2333.0,2330.4,2334.0,109,76257360,9976,10063,2577.6,2109.2,2343.4,2338,0.0,2332,0.0,0,0,2017-04-19,34274600,2332.4,1,0,0,0,0,0,0,0,0,2332.6,1,0,0,0,0,0,0,0,0
129,2017-04-19,09:31:15,600,IH1704,CCFX,2332.6,2330.4,2334.0,110,76957140,9975,10063,2577.6,2109.2,2343.4,2338,0.0,2332,0.0,0,0,2017-04-19,34275600,2332.4,1,0,0,0,0,0,0,0,0,2333.2,1,0,0,0,0,0,0,0,0
130,2017-04-19,09:31:16,100,IH1704,CCFX,2333.2,2330.4,2334.0,111,77657100,9975,10063,2577.6,2109.2,2343.4,2338,0.0,2332,0.0,0,0,2017-04-19,34276100,2332.6,1,0,0,0,0,0,0,0,0,2333.6,2,0,0,0,0,0,0,0,0
131,2017-04-19,09:31:16,600,IH1704,CCFX,2333.6,2330.4,2334.0,112,78357180,9974,10063,2577.6,2109.2,2343.4,2338,0.0,2332,0.0,0,0,2017-04-19,34276600,2332.6,1,0,0,0,0,0,0,0,0,2333.6,1,0,0,0,0,0,0,0,0
132,2017-04-19,09:31:17,100,IH1704,CCFX,2332.8,2330.4,2334.0,113,79057020,9973,10063,2577.6,2109.2,2343.4,2338,0.0,2332,0.0,0,0,2017-04-19,34277100,2332.2,1,0,0,0,0,0,0,0,0,2333.6,1,0,0,0,0,0,0,0,0
133,2017-04-19,09:31:17,600,IH1704,CCFX,2332.8,2330.4,2334.0,113,79057020,9973,10063,2577.6,2109.2,2343.4,2338,0.0,2332,0.0,0,0,2017-04-19,34277600,2332.4,2,0,0,0,0,0,0,0,0,2333.4,1,0,0,0,0,0,0,0,0
134,2017-04-19,09:31:18,100,IH1704,CCFX,2333.4,2330.4,2334.0,114,79757040,9972,10063,2577.6,2109.2,2343.4,2338,0.0,2332,0.0,0,0,2017-04-19,34278100,2332.4,3,0,0,0,0,0,0,0,0,2333.6,1,0,0,0,0,0,0,0,0
135,2017-04-19,09:31:18,600,IH1704,CCFX,2333.4,2330.4,2334.0,114,79757040,9972,10063,2577.6,2109.2,2343.4,2338,0.0,2332,0.0,0,0,2017-04-19,34278600,2332.6,2,0,0,0,0,0,0,0,0,2333.6,1,0,0,0,0,0,0,0,0
136,2017-04-19,09:31:20,100,IH1704,CCFX,2333.4,2330.4,2334.0,114,79757040,9972,10063,2577.6,2109.2,2343.4,2338,0.0,2332,0.0,0,0,2017-04-19,34280100,2332.6,2,0,0,0,0,0,0,0,0,2333.6,1,0,0,0,0,0,0,0,0
137,2017-04-19,09:31:20,600,IH1704,CCFX,2332.6,2330.4,2334.0,117,81856500,9969,10063,2577.6,2109.2,2343.4,2338,0.0,2332,0.0,0,0,2017-04-19,34280600,2332.6,1,0,0,0,0,0,0,0,0,2333.6,1,0,0,0,0,0,0,0,0
138,2017-04-19,09:31:21,100,IH1704,CCFX,2332.6,2330.4,2334.0,117,81856500,9969,10063,2577.6,2109.2,2343.4,2338,0.0,2332,0.0,0,0,2017-04-19,34281100,2332.6,1,0,0,0,0,0,0,0,0,2333.6,1,0,0,0,0,0,0,0,0
139,2017-04-19,09:31:21,600,IH1704,CCFX,2332.6,2330.4,2334.0,117,81856500,9969,10063,2577.6,2109.2,2343.4,2338,0.0,2332,0.0,0,0,2017-04-19,34281600,2332.8,2,0,0,0,0,0,0,0,0,2333.6,1,0,0,0,0,0,0,0,0
140,2017-04-19,09:31:22,100,IH1704,CCFX,2332.6,2330.4,2334.0,117,81856500,9969,10063,2577.6,2109.2,2343.4,2338,0.0,2332,0.0,0,0,2017-04-19,34282100,2332.8,2,0,0,0,0,0,0,0,0,2333.6,1,0,0,0,0,0,0,0,0
141,2017-04-19,09:31:22,600,IH1704,CCFX,2332.6,2330.4,2334.0,117,81856500,9969,10063,2577.6,2109.2,2343.4,2338,0.0,2332,0.0,0,0,2017-04-19,34282600,2333.0,1,0,0,0,0,0,0,0,0,2333.6,1,0,0,0,0,0,0,0,0
142,2017-04-19,09:31:23,100,IH1704,CCFX,2333.0,2330.4,2334.0,118,82556400,9968,10063,2577.6,2109.2,2343.4,2338,0.0,2332,0.0,0,0,2017-04-19,34283100,2332.8,2,0,0,0,0,0,0,0,0,2333.6,1,0,0,0,0,0,0,0,0
143,2017-04-19,09:31:23,600,IH1704,CCFX,2333.0,2330.4,2334.0,119,83256300,9967,10063,2577.6,2109.2,2343.4,2338,0.0,2332,0.0,0,0,2017-04-19,34283600,2332.8,1,0,0,0,0,0,0,0,0,2333.6,1,0,0,0,0,0,0,0,0
144,2017-04-19,09:31:24,600,IH1704,CCFX,2333.0,2330.4,2334.0,119,83256300,9967,10063,2577.6,2109.2,2343.4,2338,0.0,2332,0.0,0,0,2017-04-19,34284600,2333.0,1,0,0,0,0,0,0,0,0,2333.6,1,0,0,0,0,0,0,0,0
145,2017-04-19,09:31:25,100,IH1704,CCFX,2333.0,2330.4,2334.0,119,83256300,9967,10063,2577.6,2109.2,2343.4,2338,0.0,2332,0.0,0,0,2017-04-19,34285100,2333.2,1,0,0,0,0,0,0,0,0,2333.6,1,0,0,0,0,0,0,0,0
146,2017-04-19,09:31:25,600,IH1704,CCFX,2333.6,2330.4,2334.0,121,84656460,9965,10063,2577.6,2109.2,2343.4,2338,0.0,2332,0.0,0,0,2017-04-19,34285600,2333.2,1,0,0,0,0,0,0,0,0,2334.0,2,0,0,0,0,0,0,0,0
147,2017-04-19,09:31:26,100,IH1704,CCFX,2334.0,2330.4,2334.0,123,86056860,9965,10063,2577.6,2109.2,2343.4,2338,0.0,2332,0.0,0,0,2017-04-19,34286100,2333.2,1,0,0,0,0,0,0,0,0,2335.8,1,0,0,0,0,0,0,0,0
148,2017-04-19,09:31:26,600,IH1704,CCFX,2333.6,2330.4,2334.0,125,87457020,9963,10063,2577.6,2109.2,2343.4,2338,0.0,2332,0.0,0,0,2017-04-19,34286600,2333.4,3,0,0,0,0,0,0,0,0,2334.6,1,0,0,0,0,0,0,0,0
149,2017-04-19,09:31:27,100,IH1704,CCFX,2333.6,2330.4,2334.0,125,87457020,9963,10063,2577.6,2109.2,2343.4,2338,0.0,2332,0.0,0,0,2017-04-19,34287100,2333.6,1,0,0,0,0,0,0,0,0,2334.4,4,0,0,0,0,0,0,0,0
150,2017-04-19,09:31:27,600,IH1704,CCFX,2333.6,2330.4,2334.0,125,87457020,9963,10063,2577.6,2109.2,2343.4,2338,0.0,2332,0.0,0,0,2017-04-19,34287600,2333.6,1,0,0,0,0,0,0,0,0,2334.2,2,0,0,0,0,0,0,0,0
151,2017-04-19,09:31:28,100,IH1704,CCFX,2333.8,2330.4,2334.0,126,88157160,9962,10063,2577.6,2109.2,2343.4,2338,0.0,2332,0.0,0,0,2017-04-19,34288100,2333.4,1,0,0,0,0,0,0,0,0,2334.0,3,0,0,0,0,0,0,0,0
152,2017-04-19,09:31:28,600,IH1704,CCFX,2333.8,2330.4,2334.0,126,88157160,9962,10063,2577.6,2109.2,2343.4,2338,0.0,2332,0.0,0,0,2017-04-19,34288600,2333.4,1,0,0,0,0,0,0,0,0,2333.8,1,0,0,0,0,0,0,0,0
153,2017-04-19,09:31:29,100,IH1704,CCFX,2333.8,2330.4,2334.0,126,88157160,9962,10063,2577.6,2109.2,2343.4,2338,0.0,2332,0.0,0,0,2017-04-19,34289100,2333.4,1,0,0,0,0,0,0,0,0,2333.6,3,0,0,0,0,0,0,0,0
154,2017-04-19,09:31:29,600,IH1704,CCFX,2333.4,2330.4,2334.0,128,89557200,9960,10063,2577.6,2109.2,2343.4,2338,0.0,2332,0.0,0,0,2017-04-19,34289600,2332.8,1,0,0,0,0,0,0,0,0,2333.4,1,0,0,0,0,0,0,0,0
155,2017-04-19,09:31:30,100,IH1704,CCFX,2333.4,2330.4,2334.0,128,89557200,9960,10063,2577.6,2109.2,2343.4,2338,0.0,2332,0.0,0,0,2017-04-19,34290100,2333.0,2,0,0,0,0,0,0,0,0,2333.2,2,0,0,0,0,0,0,0,0
156,2017-04-19,09:31:30,600,IH1704,CCFX,2333.0,2330.4,2334.0,129,90257100,9959,10063,2577.6,2109.2,2343.4,2338,0.0,2332,0.0,0,0,2017-04-19,34290600,2333.0,1,0,0,0,0,0,0,0,0,2333.2,2,0,0,0,0,0,0,0,0
157,2017-04-19,09:31:31,100,IH1704,CCFX,2333.0,2330.4,2334.0,129,90257100,9959,10063,2577.6,2109.2,2343.4,2338,0.0,2332,0.0,0,0,2017-04-19,34291100,2332.8,1,0,0,0,0,0,0,0,0,2333.0,1,0,0,0,0,0,0,0,0
158,2017-04-19,09:31:31,600,IH1704,CCFX,2332.8,2330.4,2334.0,131,91656840,9957,10063,2577.6,2109.2,2343.4,2338,0.0,2332,0.0,0,0,2017-04-19,34291600,2332.0,5,0,0,0,0,0,0,0,0,2332.8,1,0,0,0,0,0,0,0,0
159,2017-04-19,09:31:32,100,IH1704,CCFX,2332.8,2330.4,2334.0,132,92356680,9956,10063,2577.6,2109.2,2343.4,2338,0.0,2332,0.0,0,0,2017-04-19,34292100,2332.2,1,0,0,0,0,0,0,0,0,2333.0,1,0,0,0,0,0,0,0,0
160,2017-04-19,09:31:32,600,IH1704,CCFX,2332.8,2330.4,2334.0,132,92356680,9956,10063,2577.6,2109.2,2343.4,2338,0.0,2332,0.0,0,0,2017-04-19,34292600,2332.4,1,0,0,0,0,0,0,0,0,2332.8,1,0,0,0,0,0,0,0,0
161,2017-04-19,09:31:33,100,IH1704,CCFX,2332.8,2330.4,2334.0,133,93056520,9956,10063,2577.6,2109.2,2343.4,2338,0.0,2332,0.0,0,0,2017-04-19,34293100,2332.6,1,0,0,0,0,0,0,0,0,2333.0,1,0,0,0,0,0,0,0,0
162,2017-04-19,09:31:33,600,IH1704,CCFX,2332.8,2330.4,2334.0,134,93756360,9955,10063,2577.6,2109.2,2343.4,2338,0.0,2332,0.0,0,0,2017-04-19,34293600,2332.6,1,0,0,0,0,0,0,0,0,2333.0,1,0,0,0,0,0,0,0,0
163,2017-04-19,09:31:34,100,IH1704,CCFX,2333.0,2330.4,2334.0,135,94456260,9954,10063,2577.6,2109.2,2343.4,2338,0.0,2332,0.0,0,0,2017-04-19,34294100,2332.6,1,0,0,0,0,0,0,0,0,2333.8,1,0,0,0,0,0,0,0,0
164,2017-04-19,09:31:34,600,IH1704,CCFX,2333.0,2330.4,2334.0,135,94456260,9954,10063,2577.6,2109.2,2343.4,2338,0.0,2332,0.0,0,0,2017-04-19,34294600,2332.8,1,0,0,0,0,0,0,0,0,2333.6,1,0,0,0,0,0,0,0,0
165,2017-04-19,09:31:35,100,IH1704,CCFX,2333.0,2330.4,2334.0,135,94456260,9954,10063,2577.6,2109.2,2343.4,2338,0.0,2332,0.0,0,0,2017-04-19,34295100,2333.2,1,0,0,0,0,0,0,0,0,2333.6,1,0,0,0,0,0,0,0,0
166,2017-04-19,09:31:35,600,IH1704,CCFX,2332.6,2330.4,2334.0,139,97255800,9953,10063,2577.6,2109.2,2343.4,2338,0.0,2332,0.0,0,0,2017-04-19,34295600,2332.2,3,0,0,0,0,0,0,0,0,2332.4,2,0,0,0,0,0,0,0,0
167,2017-04-19,09:31:36,100,IH1704,CCFX,2332.4,2330.4,2334.0,141,98655240,9953,10063,2577.6,2109.2,2343.4,2338,0.0,2332,0.0,0,0,2017-04-19,34296100,2332.6,1,0,0,0,0,0,0,0,0,2333.4,2,0,0,0,0,0,0,0,0
168,2017-04-19,09:31:36,600,IH1704,CCFX,2333.2,2330.4,2334.0,143,100054980,9951,10063,2577.6,2109.2,2343.4,2338,0.0,2332,0.0,0,0,2017-04-19,34296600,2333.2,4,0,0,0,0,0,0,0,0,2333.4,2,0,0,0,0,0,0,0,0
169,2017-04-19,09:31:37,100,IH1704,CCFX,2333.4,2330.4,2334.0,145,101454960,9949,10063,2577.6,2109.2,2343.4,2338,0.0,2332,0.0,0,0,2017-04-19,34297100,2333.2,3,0,0,0,0,0,0,0,0,2333.4,1,0,0,0,0,0,0,0,0
170,2017-04-19,09:31:37,600,IH1704,CCFX,2333.4,2330.4,2334.0,145,101454960,9949,10063,2577.6,2109.2,2343.4,2338,0.0,2332,0.0,0,0,2017-04-19,34297600,2333.2,3,0,0,0,0,0,0,0,0,2333.4,1,0,0,0,0,0,0,0,0
171,2017-04-19,09:31:38,100,IH1704,CCFX,2333.4,2330.4,2334.0,145,101454960,9949,10063,2577.6,2109.2,2343.4,2338,0.0,2332,0.0,0,0,2017-04-19,34298100,2333.2,3,0,0,0,0,0,0,0,0,2333.4,1,0,0,0,0,0,0,0,0
172,2017-04-19,09:31:38,600,IH1704,CCFX,2333.4,2330.4,2334.0,146,102154980,9948,10063,2577.6,2109.2,2343.4,2338,0.0,2332,0.0,0,0,2017-04-19,34298600,2333.2,3,0,0,0,0,0,0,0,0,2333.8,1,0,0,0,0,0,0,0,0
173,2017-04-19,09:31:39,100,IH1704,CCFX,2333.4,2330.4,2334.0,146,102154980,9948,10063,2577.6,2109.2,2343.4,2338,0.0,2332,0.0,0,0,2017-04-19,34299100,2333.2,3,0,0,0,0,0,0,0,0,2333.8,1,0,0,0,0,0,0,0,0
174,2017-04-19,09:31:39,600,IH1704,CCFX,2333.4,2330.4,2334.0,146,102154980,9948,10063,2577.6,2109.2,2343.4,2338,0.0,2332,0.0,0,0,2017-04-19,34299600,2333.4,1,0,0,0,0,0,0,0,0,2333.8,1,0,0,0,0,0,0,0,0
175,2017-04-19,09:31:40,100,IH1704,CCFX,2333.8,2330.4,2334.0,148,103555260,9946,10063,2577.6,2109.2,2343.4,2338,0.0,2332,0.0,0,0,2017-04-19,34300100,2333.4,1,0,0,0,0,0,0,0,0,2334.4,1,0,0,0,0,0,0,0,0
176,2017-04-19,09:31:40,600,IH1704,CCFX,2333.8,2330.4,2334.0,148,103555260,9946,10063,2577.6,2109.2,2343.4,2338,0.0,2332,0.0,0,0,2017-04-19,34300600,2333.4,1,0,0,0,0,0,0,0,0,2334.2,2,0,0,0,0,0,0,0,0
177,2017-04-19,09:31:41,600,IH1704,CCFX,2333.8,2330.4,2334.0,148,103555260,9946,10063,2577.6,2109.2,2343.4,2338,0.0,2332,0.0,0,0,2017-04-19,34301600,2333.2,3,0,0,0,0,0,0,0,0,2334.2,2,0,0,0,0,0,0,0,0
178,2017-04-19,09:31:42,100,IH1704,CCFX,2333.8,2330.4,2334.0,148,103555260,9946,10063,2577.6,2109.2,2343.4,2338,0.0,2332,0.0,0,0,2017-04-19,34302100,2333.4,1,0,0,0,0,0,0,0,0,2334.0,2,0,0,0,0,0,0,0,0
179,2017-04-19,09:31:42,600,IH1704,CCFX,2333.8,2330.4,2334.0,148,103555260,9946,10063,2577.6,2109.2,2343.4,2338,0.0,2332,0.0,0,0,2017-04-19,34302600,2333.4,1,0,0,0,0,0,0,0,0,2333.8,1,0,0,0,0,0,0,0,0
180,2017-04-19,09:31:43,100,IH1704,CCFX,2333.8,2330.4,2334.0,148,103555260,9946,10063,2577.6,2109.2,2343.4,2338,0.0,2332,0.0,0,0,2017-04-19,34303100,2333.6,1,0,0,0,0,0,0,0,0,2333.8,1,0,0,0,0,0,0,0,0
181,2017-04-19,09:31:43,600,IH1704,CCFX,2333.6,2330.4,2334.0,149,104255340,9945,10063,2577.6,2109.2,2343.4,2338,0.0,2332,0.0,0,0,2017-04-19,34303600,2333.4,1,0,0,0,0,0,0,0,0,2333.8,1,0,0,0,0,0,0,0,0
182,2017-04-19,09:31:44,100,IH1704,CCFX,2333.6,2330.4,2334.0,149,104255340,9945,10063,2577.6,2109.2,2343.4,2338,0.0,2332,0.0,0,0,2017-04-19,34304100,2333.4,1,0,0,0,0,0,0,0,0,2333.8,1,0,0,0,0,0,0,0,0
183,2017-04-19,09:31:45,600,IH1704,CCFX,2333.4,2330.4,2334.0,150,104955360,9944,10063,2577.6,2109.2,2343.4,2338,0.0,2332,0.0,0,0,2017-04-19,34305600,2333.2,3,0,0,0,0,0,0,0,0,2333.6,1,0,0,0,0,0,0,0,0
184,2017-04-19,09:31:46,100,IH1704,CCFX,2333.2,2330.4,2334.0,151,105655320,9943,10063,2577.6,2109.2,2343.4,2338,0.0,2332,0.0,0,0,2017-04-19,34306100,2333.2,2,0,0,0,0,0,0,0,0,2333.4,1,0,0,0,0,0,0,0,0
185,2017-04-19,09:31:46,600,IH1704,CCFX,2333.2,2330.4,2334.0,153,107055240,9941,10063,2577.6,2109.2,2343.4,2338,0.0,2332,0.0,0,0,2017-04-19,34306600,2332.6,1,0,0,0,0,0,0,0,0,2333.2,1,0,0,0,0,0,0,0,0
186,2017-04-19,09:31:47,100,IH1704,CCFX,2333.2,2330.4,2334.0,154,107755200,9940,10063,2577.6,2109.2,2343.4,2338,0.0,2332,0.0,0,0,2017-04-19,34307100,2332.6,1,0,0,0,0,0,0,0,0,2333.4,1,0,0,0,0,0,0,0,0
187,2017-04-19,09:31:47,600,IH1704,CCFX,2332.6,2330.4,2334.0,155,108454980,9939,10063,2577.6,2109.2,2343.4,2338,0.0,2332,0.0,0,0,2017-04-19,34307600,2332.8,1,0,0,0,0,0,0,0,0,2333.4,1,0,0,0,0,0,0,0,0
188,2017-04-19,09:31:48,100,IH1704,CCFX,2332.6,2330.4,2334.0,156,109154760,9938,10063,2577.6,2109.2,2343.4,2338,0.0,2332,0.0,0,0,2017-04-19,34308100,2332.4,1,0,0,0,0,0,0,0,0,2333.4,1,0,0,0,0,0,0,0,0
189,2017-04-19,09:31:48,600,IH1704,CCFX,2332.6,2330.4,2334.0,156,109154760,9938,10063,2577.6,2109.2,2343.4,2338,0.0,2332,0.0,0,0,2017-04-19,34308600,2332.8,1,0,0,0,0,0,0,0,0,2333.8,1,0,0,0,0,0,0,0,0
190,2017-04-19,09:31:49,100,IH1704,CCFX,2332.2,2330.4,2334.0,162,113353020,9939,10063,2577.6,2109.2,2343.4,2338,0.0,2332,0.0,0,0,2017-04-19,34309100,2332.0,5,0,0,0,0,0,0,0,0,2332.2,4,0,0,0,0,0,0,0,0
191,2017-04-19,09:31:49,600,IH1704,CCFX,2332.2,2330.4,2334.0,166,116151660,9939,10063,2577.6,2109.2,2343.4,2338,0.0,2332,0.0,0,0,2017-04-19,34309600,2332.4,1,0,0,0,0,0,0,0,0,2333.2,1,0,0,0,0,0,0,0,0
192,2017-04-19,09:31:50,100,IH1704,CCFX,2332.2,2330.4,2334.0,166,116151660,9939,10063,2577.6,2109.2,2343.4,2338,0.0,2332,0.0,0,0,2017-04-19,34310100,2332.6,2,0,0,0,0,0,0,0,0,2333.2,1,0,0,0,0,0,0,0,0
193,2017-04-19,09:31:50,600,IH1704,CCFX,2333.6,2330.4,2334.0,169,118251480,9937,10063,2577.6,2109.2,2343.4,2338,0.0,2332,0.0,0,0,2017-04-19,34310600,2332.6,3,0,0,0,0,0,0,0,0,2333.8,1,0,0,0,0,0,0,0,0
194,2017-04-19,09:31:51,100,IH1704,CCFX,2333.6,2330.4,2334.0,169,118251480,9937,10063,2577.6,2109.2,2343.4,2338,0.0,2332,0.0,0,0,2017-04-19,34311100,2332.6,3,0,0,0,0,0,0,0,0,2333.6,2,0,0,0,0,0,0,0,0
195,2017-04-19,09:31:51,600,IH1704,CCFX,2333.6,2330.4,2334.0,171,119651640,9935,10063,2577.6,2109.2,2343.4,2338,0.0,2332,0.0,0,0,2017-04-19,34311600,2332.6,3,0,0,0,0,0,0,0,0,2333.6,1,0,0,0,0,0,0,0,0
196,2017-04-19,09:31:52,100,IH1704,CCFX,2333.6,2330.4,2334.0,173,121051800,9933,10063,2577.6,2109.2,2343.4,2338,0.0,2332,0.0,0,0,2017-04-19,34312100,2332.6,3,0,0,0,0,0,0,0,0,2333.8,1,0,0,0,0,0,0,0,0
197,2017-04-19,09:31:52,600,IH1704,CCFX,2333.6,2330.4,2334.0,173,121051800,9933,10063,2577.6,2109.2,2343.4,2338,0.0,2332,0.0,0,0,2017-04-19,34312600,2332.6,3,0,0,0,0,0,0,0,0,2333.6,1,0,0,0,0,0,0,0,0
198,2017-04-19,09:31:53,100,IH1704,CCFX,2333.6,2330.4,2334.0,173,121051800,9933,10063,2577.6,2109.2,2343.4,2338,0.0,2332,0.0,0,0,2017-04-19,34313100,2332.8,1,0,0,0,0,0,0,0,0,2333.0,1,0,0,0,0,0,0,0,0
199,2017-04-19,09:31:53,600,IH1704,CCFX,2333.0,2330.4,2334.0,174,121751700,9932,10063,2577.6,2109.2,2343.4,2338,0.0,2332,0.0,0,0,2017-04-19,34313600,2333.2,1,0,0,0,0,0,0,0,0,2333.8,1,0,0,0,0,0,0,0,0
200,2017-04-19,09:31:54,100,IH1704,CCFX,2333.6,2330.4,2334.0,175,122451780,9931,10063,2577.6,2109.2,2343.4,2338,0.0,2332,0.0,0,0,2017-04-19,34314100,2333.2,1,0,0,0,0,0,0,0,0,2333.6,3,0,0,0,0,0,0,0,0
201,2017-04-19,09:31:54,600,IH1704,CCFX,2333.6,2330.4,2334.0,176,123151860,9931,10063,2577.6,2109.2,2343.4,2338,0.0,2332,0.0,0,0,2017-04-19,34314600,2333.2,1,0,0,0,0,0,0,0,0,2333.6,3,0,0,0,0,0,0,0,0
202,2017-04-19,09:31:55,100,IH1704,CCFX,2333.6,2330.4,2334.0,177,123851940,9930,10063,2577.6,2109.2,2343.4,2338,0.0,2332,0.0,0,0,2017-04-19,34315100,2333.0,1,0,0,0,0,0,0,0,0,2333.6,2,0,0,0,0,0,0,0,0
203,2017-04-19,09:31:55,600,IH1704,CCFX,2333.6,2330.4,2334.0,177,123851940,9930,10063,2577.6,2109.2,2343.4,2338,0.0,2332,0.0,0,0,2017-04-19,34315600,2333.2,1,0,0,0,0,0,0,0,0,2333.6,2,0,0,0,0,0,0,0,0
204,2017-04-19,09:31:56,100,IH1704,CCFX,2333.6,2330.4,2334.0,177,123851940,9930,10063,2577.6,2109.2,2343.4,2338,0.0,2332,0.0,0,0,2017-04-19,34316100,2333.2,1,0,0,0,0,0,0,0,0,2333.4,2,0,0,0,0,0,0,0,0
205,2017-04-19,09:31:56,600,IH1704,CCFX,2333.6,2330.4,2334.0,177,123851940,9930,10063,2577.6,2109.2,2343.4,2338,0.0,2332,0.0,0,0,2017-04-19,34316600,2333.2,1,0,0,0,0,0,0,0,0,2333.4,2,0,0,0,0,0,0,0,0
206,2017-04-19,09:31:57,100,IH1704,CCFX,2333.4,2330.4,2334.0,178,124551960,9929,10063,2577.6,2109.2,2343.4,2338,0.0,2332,0.0,0,0,2017-04-19,34317100,2333.2,1,0,0,0,0,0,0,0,0,2333.4,1,0,0,0,0,0,0,0,0
207,2017-04-19,09:31:58,100,IH1704,CCFX,2333.4,2330.4,2334.0,179,125251980,9928,10063,2577.6,2109.2,2343.4,2338,0.0,2332,0.0,0,0,2017-04-19,34318100,2333.2,1,0,0,0,0,0,0,0,0,2333.6,3,0,0,0,0,0,0,0,0
208,2017-04-19,09:31:58,600,IH1704,CCFX,2333.4,2330.4,2334.0,179,125251980,9928,10063,2577.6,2109.2,2343.4,2338,0.0,2332,0.0,0,0,2017-04-19,34318600,2333.2,1,0,0,0,0,0,0,0,0,2333.6,2,0,0,0,0,0,0,0,0
209,2017-04-19,09:31:59,600,IH1704,CCFX,2333.6,2330.4,2334.0,182,127352220,9929,10063,2577.6,2109.2,2343.4,2338,0.0,2332,0.0,0,0,2017-04-19,34319600,2333.2,1,0,0,0,0,0,0,0,0,2333.8,3,0,0,0,0,0,0,0,0
210,2017-04-19,09:32:00,600,IH1704,CCFX,2333.6,2330.4,2334.0,182,127352220,9929,10063,2577.6,2109.2,2343.4,2338,0.0,2332,0.0,0,0,2017-04-19,34320600,2333.2,1,0,0,0,0,0,0,0,0,2333.4,1,0,0,0,0,0,0,0,0
211,2017-04-19,09:32:02,100,IH1704,CCFX,2333.6,2330.4,2334.0,182,127352220,9929,10063,2577.6,2109.2,2343.4,2338,0.0,2332,0.0,0,0,2017-04-19,34322100,2333.2,1,0,0,0,0,0,0,0,0,2333.4,1,0,0,0,0,0,0,0,0
212,2017-04-19,09:32:04,100,IH1704,CCFX,2333.6,2330.4,2334.0,182,127352220,9929,10063,2577.6,2109.2,2343.4,2338,0.0,2332,0.0,0,0,2017-04-19,34324100,2333.2,1,0,0,0,0,0,0,0,0,2333.4,2,0,0,0,0,0,0,0,0
213,2017-04-19,09:32:04,600,IH1704,CCFX,2333.6,2330.4,2334.0,182,127352220,9929,10063,2577.6,2109.2,2343.4,2338,0.0,2332,0.0,0,0,2017-04-19,34324600,2333.2,1,0,0,0,0,0,0,0,0,2333.4,2,0,0,0,0,0,0,0,0
214,2017-04-19,09:32:05,100,IH1704,CCFX,2333.6,2330.4,2334.0,182,127352220,9929,10063,2577.6,2109.2,2343.4,2338,0.0,2332,0.0,0,0,2017-04-19,34325100,2332.8,1,0,0,0,0,0,0,0,0,2333.4,2,0,0,0,0,0,0,0,0
215,2017-04-19,09:32:05,600,IH1704,CCFX,2333.6,2330.4,2334.0,182,127352220,9929,10063,2577.6,2109.2,2343.4,2338,0.0,2332,0.0,0,0,2017-04-19,34325600,2333.0,1,0,0,0,0,0,0,0,0,2333.2,1,0,0,0,0,0,0,0,0
216,2017-04-19,09:32:06,100,IH1704,CCFX,2333.0,2330.4,2334.0,183,128052120,9928,10063,2577.6,2109.2,2343.4,2338,0.0,2332,0.0,0,0,2017-04-19,34326100,2332.8,1,0,0,0,0,0,0,0,0,2333.0,1,0,0,0,0,0,0,0,0
217,2017-04-19,09:32:06,600,IH1704,CCFX,2333.0,2330.4,2334.0,185,129451860,9927,10063,2577.6,2109.2,2343.4,2338,0.0,2332,0.0,0,0,2017-04-19,34326600,2332.6,3,0,0,0,0,0,0,0,0,2333.2,1,0,0,0,0,0,0,0,0
218,2017-04-19,09:32:07,100,IH1704,CCFX,2333.0,2330.4,2334.0,185,129451860,9927,10063,2577.6,2109.2,2343.4,2338,0.0,2332,0.0,0,0,2017-04-19,34327100,2332.8,1,0,0,0,0,0,0,0,0,2333.2,2,0,0,0,0,0,0,0,0
219,2017-04-19,09:32:07,600,IH1704,CCFX,2333.0,2330.4,2334.0,186,130151760,9926,10063,2577.6,2109.2,2343.4,2338,0.0,2332,0.0,0,0,2017-04-19,34327600,2332.8,1,0,0,0,0,0,0,0,0,2333.2,2,0,0,0,0,0,0,0,0
220,2017-04-19,09:32:08,100,IH1704,CCFX,2333.0,2330.4,2334.0,186,130151760,9926,10063,2577.6,2109.2,2343.4,2338,0.0,2332,0.0,0,0,2017-04-19,34328100,2332.8,2,0,0,0,0,0,0,0,0,2333.2,1,0,0,0,0,0,0,0,0
221,2017-04-19,09:32:08,600,IH1704,CCFX,2333.2,2330.4,2334.0,187,130851720,9926,10063,2577.6,2109.2,2343.4,2338,0.0,2332,0.0,0,0,2017-04-19,34328600,2333.2,1,0,0,0,0,0,0,0,0,2333.4,2,0,0,0,0,0,0,0,0
222,2017-04-19,09:32:10,100,IH1704,CCFX,2333.0,2330.4,2334.0,188,131551620,9926,10063,2577.6,2109.2,2343.4,2338,0.0,2332,0.0,0,0,2017-04-19,34330100,2332.8,2,0,0,0,0,0,0,0,0,2333.4,2,0,0,0,0,0,0,0,0
223,2017-04-19,09:32:10,600,IH1704,CCFX,2333.0,2330.4,2334.0,188,131551620,9926,10063,2577.6,2109.2,2343.4,2338,0.0,2332,0.0,0,0,2017-04-19,34330600,2333.2,1,0,0,0,0,0,0,0,0,2333.4,2,0,0,0,0,0,0,0,0
224,2017-04-19,09:32:11,100,IH1704,CCFX,2333.0,2330.4,2334.0,188,131551620,9926,10063,2577.6,2109.2,2343.4,2338,0.0,2332,0.0,0,0,2017-04-19,34331100,2332.8,2,0,0,0,0,0,0,0,0,2333.4,2,0,0,0,0,0,0,0,0
225,2017-04-19,09:32:11,600,IH1704,CCFX,2333.0,2330.4,2334.0,188,131551620,9926,10063,2577.6,2109.2,2343.4,2338,0.0,2332,0.0,0,0,2017-04-19,34331600,2333.0,1,0,0,0,0,0,0,0,0,2333.4,2,0,0,0,0,0,0,0,0
226,2017-04-19,09:32:12,600,IH1704,CCFX,2333.0,2330.4,2334.0,188,131551620,9926,10063,2577.6,2109.2,2343.4,2338,0.0,2332,0.0,0,0,2017-04-19,34332600,2333.0,1,0,0,0,0,0,0,0,0,2333.4,2,0,0,0,0,0,0,0,0
227,2017-04-19,09:32:13,100,IH1704,CCFX,2333.4,2330.4,2334.0,190,132951660,9925,10063,2577.6,2109.2,2343.4,2338,0.0,2332,0.0,0,0,2017-04-19,34333100,2333.0,1,0,0,0,0,0,0,0,0,2333.6,2,0,0,0,0,0,0,0,0
228,2017-04-19,09:32:13,600,IH1704,CCFX,2333.4,2330.4,2334.0,190,132951660,9925,10063,2577.6,2109.2,2343.4,2338,0.0,2332,0.0,0,0,2017-04-19,34333600,2333.0,1,0,0,0,0,0,0,0,0,2333.2,2,0,0,0,0,0,0,0,0
229,2017-04-19,09:32:14,100,IH1704,CCFX,2333.2,2330.4,2334.0,191,133651620,9924,10063,2577.6,2109.2,2343.4,2338,0.0,2332,0.0,0,0,2017-04-19,34334100,2333.0,1,0,0,0,0,0,0,0,0,2333.2,1,0,0,0,0,0,0,0,0
230,2017-04-19,09:32:14,600,IH1704,CCFX,2333.2,2330.4,2334.0,191,133651620,9924,10063,2577.6,2109.2,2343.4,2338,0.0,2332,0.0,0,0,2017-04-19,34334600,2333.0,2,0,0,0,0,0,0,0,0,2333.2,1,0,0,0,0,0,0,0,0
231,2017-04-19,09:32:15,100,IH1704,CCFX,2333.2,2330.4,2334.0,192,134351580,9923,10063,2577.6,2109.2,2343.4,2338,0.0,2332,0.0,0,0,2017-04-19,34335100,2333.0,2,0,0,0,0,0,0,0,0,2333.4,1,0,0,0,0,0,0,0,0
232,2017-04-19,09:32:15,600,IH1704,CCFX,2333.2,2330.4,2334.0,192,134351580,9923,10063,2577.6,2109.2,2343.4,2338,0.0,2332,0.0,0,0,2017-04-19,34335600,2333.2,1,0,0,0,0,0,0,0,0,2333.4,1,0,0,0,0,0,0,0,0
233,2017-04-19,09:32:16,100,IH1704,CCFX,2333.2,2330.4,2334.0,192,134351580,9923,10063,2577.6,2109.2,2343.4,2338,0.0,2332,0.0,0,0,2017-04-19,34336100,2333.2,1,0,0,0,0,0,0,0,0,2333.4,1,0,0,0,0,0,0,0,0
234,2017-04-19,09:32:16,600,IH1704,CCFX,2333.2,2330.4,2334.0,192,134351580,9923,10063,2577.6,2109.2,2343.4,2338,0.0,2332,0.0,0,0,2017-04-19,34336600,2333.2,1,0,0,0,0,0,0,0,0,2333.6,2,0,0,0,0,0,0,0,0
235,2017-04-19,09:32:17,100,IH1704,CCFX,2333.2,2330.4,2334.0,193,135051540,9923,10063,2577.6,2109.2,2343.4,2338,0.0,2332,0.0,0,0,2017-04-19,34337100,2333.2,2,0,0,0,0,0,0,0,0,2333.6,2,0,0,0,0,0,0,0,0
236,2017-04-19,09:32:18,600,IH1704,CCFX,2333.2,2330.4,2334.0,193,135051540,9923,10063,2577.6,2109.2,2343.4,2338,0.0,2332,0.0,0,0,2017-04-19,34338600,2333.2,2,0,0,0,0,0,0,0,0,2333.6,2,0,0,0,0,0,0,0,0
237,2017-04-19,09:32:19,100,IH1704,CCFX,2333.6,2330.4,2334.0,194,135751620,9922,10063,2577.6,2109.2,2343.4,2338,0.0,2332,0.0,0,0,2017-04-19,34339100,2333.2,2,0,0,0,0,0,0,0,0,2333.6,1,0,0,0,0,0,0,0,0
238,2017-04-19,09:32:19,600,IH1704,CCFX,2333.6,2330.4,2334.0,195,136451700,9921,10063,2577.6,2109.2,2343.4,2338,0.0,2332,0.0,0,0,2017-04-19,34339600,2333.2,3,0,0,0,0,0,0,0,0,2333.8,2,0,0,0,0,0,0,0,0
239,2017-04-19,09:32:20,100,IH1704,CCFX,2333.6,2330.4,2334.0,195,136451700,9921,10063,2577.6,2109.2,2343.4,2338,0.0,2332,0.0,0,0,2017-04-19,34340100,2333.4,4,0,0,0,0,0,0,0,0,2333.8,2,0,0,0,0,0,0,0,0
240,2017-04-19,09:32:20,600,IH1704,CCFX,2333.6,2330.4,2334.0,195,136451700,9921,10063,2577.6,2109.2,2343.4,2338,0.0,2332,0.0,0,0,2017-04-19,34340600,2333.6,1,0,0,0,0,0,0,0,0,2333.8,2,0,0,0,0,0,0,0,0
241,2017-04-19,09:32:21,100,IH1704,CCFX,2333.8,2330.4,2334.0,196,137151840,9921,10063,2577.6,2109.2,2343.4,2338,0.0,2332,0.0,0,0,2017-04-19,34341100,2333.6,1,0,0,0,0,0,0,0,0,2333.8,1,0,0,0,0,0,0,0,0
242,2017-04-19,09:32:21,600,IH1704,CCFX,2333.4,2330.4,2334.0,199,139252080,9920,10063,2577.6,2109.2,2343.4,2338,0.0,2332,0.0,0,0,2017-04-19,34341600,2333.4,3,0,0,0,0,0,0,0,0,2334.0,1,0,0,0,0,0,0,0,0
243,2017-04-19,09:32:22,100,IH1704,CCFX,2333.4,2330.4,2334.0,199,139252080,9920,10063,2577.6,2109.2,2343.4,2338,0.0,2332,0.0,0,0,2017-04-19,34342100,2333.8,2,0,0,0,0,0,0,0,0,2334.0,2,0,0,0,0,0,0,0,0
244,2017-04-19,09:32:23,100,IH1704,CCFX,2334.0,2330.4,2334.0,201,140652480,9920,10063,2577.6,2109.2,2343.4,2338,0.0,2332,0.0,0,0,2017-04-19,34343100,2333.8,3,0,0,0,0,0,0,0,0,2334.2,1,0,0,0,0,0,0,0,0
245,2017-04-19,09:32:23,600,IH1704,CCFX,2334.0,2330.4,2334.0,201,140652480,9920,10063,2577.6,2109.2,2343.4,2338,0.0,2332,0.0,0,0,2017-04-19,34343600,2334.0,1,0,0,0,0,0,0,0,0,2334.2,1,0,0,0,0,0,0,0,0
246,2017-04-19,09:32:24,600,IH1704,CCFX,2334.0,2330.4,2334.0,201,140652480,9920,10063,2577.6,2109.2,2343.4,2338,0.0,2332,0.0,0,0,2017-04-19,34344600,2334.0,5,0,0,0,0,0,0,0,0,2334.2,1,0,0,0,0,0,0,0,0
247,2017-04-19,09:32:25,100,IH1704,CCFX,2334.2,2330.4,2334.2,202,141352740,9920,10063,2577.6,2109.2,2343.4,2338,0.0,2332,0.0,0,0,2017-04-19,34345100,2334.2,1,0,0,0,0,0,0,0,0,2334.4,1,0,0,0,0,0,0,0,0
248,2017-04-19,09:32:26,100,IH1704,CCFX,2334.2,2330.4,2334.2,202,141352740,9920,10063,2577.6,2109.2,2343.4,2338,0.0,2332,0.0,0,0,2017-04-19,34346100,2334.2,1,0,0,0,0,0,0,0,0,2334.4,1,0,0,0,0,0,0,0,0
249,2017-04-19,09:32:26,600,IH1704,CCFX,2334.4,2330.4,2334.4,203,142053060,9919,10063,2577.6,2109.2,2343.4,2338,0.0,2332,0.0,0,0,2017-04-19,34346600,2334.4,1,0,0,0,0,0,0,0,0,2335.2,1,0,0,0,0,0,0,0,0
250,2017-04-19,09:32:27,100,IH1704,CCFX,2334.4,2330.4,2334.4,203,142053060,9919,10063,2577.6,2109.2,2343.4,2338,0.0,2332,0.0,0,0,2017-04-19,34347100,2334.6,1,0,0,0,0,0,0,0,0,2335.0,2,0,0,0,0,0,0,0,0
251,2017-04-19,09:32:27,600,IH1704,CCFX,2334.8,2330.4,2334.8,205,143453880,9917,10063,2577.6,2109.2,2343.4,2338,0.0,2332,0.0,0,0,2017-04-19,34347600,2334.4,1,0,0,0,0,0,0,0,0,2335.0,2,0,0,0,0,0,0,0,0
252,2017-04-19,09:32:28,100,IH1704,CCFX,2334.8,2330.4,2335.0,207,144854820,9916,10063,2577.6,2109.2,2343.4,2338,0.0,2332,0.0,0,0,2017-04-19,34348100,2334.6,2,0,0,0,0,0,0,0,0,2335.2,1,0,0,0,0,0,0,0,0
253,2017-04-19,09:32:28,600,IH1704,CCFX,2334.8,2330.4,2335.0,207,144854820,9916,10063,2577.6,2109.2,2343.4,2338,0.0,2332,0.0,0,0,2017-04-19,34348600,2334.6,2,0,0,0,0,0,0,0,0,2335.2,1,0,0,0,0,0,0,0,0
254,2017-04-19,09:32:29,100,IH1704,CCFX,2334.8,2330.4,2335.0,207,144854820,9916,10063,2577.6,2109.2,2343.4,2338,0.0,2332,0.0,0,0,2017-04-19,34349100,2334.6,2,0,0,0,0,0,0,0,0,2335.0,1,0,0,0,0,0,0,0,0
255,2017-04-19,09:32:29,600,IH1704,CCFX,2334.8,2330.4,2335.0,207,144854820,9916,10063,2577.6,2109.2,2343.4,2338,0.0,2332,0.0,0,0,2017-04-19,34349600,2334.6,2,0,0,0,0,0,0,0,0,2335.0,1,0,0,0,0,0,0,0,0
256,2017-04-19,09:32:30,100,IH1704,CCFX,2334.8,2330.4,2335.0,207,144854820,9916,10063,2577.6,2109.2,2343.4,2338,0.0,2332,0.0,0,0,2017-04-19,34350100,2334.8,1,0,0,0,0,0,0,0,0,2335.0,1,0,0,0,0,0,0,0,0
257,2017-04-19,09:32:30,600,IH1704,CCFX,2335.0,2330.4,2335.0,208,145555320,9915,10063,2577.6,2109.2,2343.4,2338,0.0,2332,0.0,0,0,2017-04-19,34350600,2335.0,1,0,0,0,0,0,0,0,0,2335.2,1,0,0,0,0,0,0,0,0
258,2017-04-19,09:32:31,100,IH1704,CCFX,2335.0,2330.4,2335.0,209,146255820,9914,10063,2577.6,2109.2,2343.4,2338,0.0,2332,0.0,0,0,2017-04-19,34351100,2334.6,1,0,0,0,0,0,0,0,0,2335.0,1,0,0,0,0,0,0,0,0
259,2017-04-19,09:32:31,600,IH1704,CCFX,2335.0,2330.4,2335.0,209,146255820,9914,10063,2577.6,2109.2,2343.4,2338,0.0,2332,0.0,0,0,2017-04-19,34351600,2334.8,1,0,0,0,0,0,0,0,0,2335.0,2,0,0,0,0,0,0,0,0
260,2017-04-19,09:32:32,600,IH1704,CCFX,2335.0,2330.4,2335.0,209,146255820,9914,10063,2577.6,2109.2,2343.4,2338,0.0,2332,0.0,0,0,2017-04-19,34352600,2334.8,1,0,0,0,0,0,0,0,0,2335.0,2,0,0,0,0,0,0,0,0
261,2017-04-19,09:32:33,100,IH1704,CCFX,2335.0,2330.4,2335.0,210,146956320,9913,10063,2577.6,2109.2,2343.4,2338,0.0,2332,0.0,0,0,2017-04-19,34353100,2334.8,2,0,0,0,0,0,0,0,0,2335.0,1,0,0,0,0,0,0,0,0
262,2017-04-19,09:32:34,100,IH1704,CCFX,2335.0,2330.4,2335.0,210,146956320,9913,10063,2577.6,2109.2,2343.4,2338,0.0,2332,0.0,0,0,2017-04-19,34354100,2334.8,2,0,0,0,0,0,0,0,0,2335.0,1,0,0,0,0,0,0,0,0
263,2017-04-19,09:32:34,600,IH1704,CCFX,2335.0,2330.4,2335.0,210,146956320,9913,10063,2577.6,2109.2,2343.4,2338,0.0,2332,0.0,0,0,2017-04-19,34354600,2334.8,2,0,0,0,0,0,0,0,0,2335.0,1,0,0,0,0,0,0,0,0
264,2017-04-19,09:32:35,100,IH1704,CCFX,2335.0,2330.4,2335.0,211,147656820,9913,10063,2577.6,2109.2,2343.4,2338,0.0,2332,0.0,0,0,2017-04-19,34355100,2334.8,2,0,0,0,0,0,0,0,0,2335.2,1,0,0,0,0,0,0,0,0
265,2017-04-19,09:32:35,600,IH1704,CCFX,2335.0,2330.4,2335.0,215,150458640,9911,10063,2577.6,2109.2,2343.4,2338,0.0,2332,0.0,0,0,2017-04-19,34355600,2334.4,1,0,0,0,0,0,0,0,0,2335.2,1,0,0,0,0,0,0,0,0
266,2017-04-19,09:32:36,100,IH1704,CCFX,2335.0,2330.4,2335.0,215,150458640,9911,10063,2577.6,2109.2,2343.4,2338,0.0,2332,0.0,0,0,2017-04-19,34356100,2334.4,1,0,0,0,0,0,0,0,0,2335.0,1,0,0,0,0,0,0,0,0
267,2017-04-19,09:32:36,600,IH1704,CCFX,2335.0,2330.4,2335.0,215,150458640,9911,10063,2577.6,2109.2,2343.4,2338,0.0,2332,0.0,0,0,2017-04-19,34356600,2334.6,1,0,0,0,0,0,0,0,0,2335.0,1,0,0,0,0,0,0,0,0
268,2017-04-19,09:32:37,100,IH1704,CCFX,2335.0,2330.4,2335.0,215,150458640,9911,10063,2577.6,2109.2,2343.4,2338,0.0,2332,0.0,0,0,2017-04-19,34357100,2334.6,2,0,0,0,0,0,0,0,0,2335.0,1,0,0,0,0,0,0,0,0
269,2017-04-19,09:32:38,100,IH1704,CCFX,2335.0,2330.4,2335.0,215,150458640,9911,10063,2577.6,2109.2,2343.4,2338,0.0,2332,0.0,0,0,2017-04-19,34358100,2334.6,2,0,0,0,0,0,0,0,0,2335.0,3,0,0,0,0,0,0,0,0
270,2017-04-19,09:32:39,100,IH1704,CCFX,2335.0,2330.4,2335.0,217,151859640,9909,10063,2577.6,2109.2,2343.4,2338,0.0,2332,0.0,0,0,2017-04-19,34359100,2334.6,2,0,0,0,0,0,0,0,0,2335.0,1,0,0,0,0,0,0,0,0
271,2017-04-19,09:32:39,600,IH1704,CCFX,2335.0,2330.4,2335.0,217,151859640,9909,10063,2577.6,2109.2,2343.4,2338,0.0,2332,0.0,0,0,2017-04-19,34359600,2334.6,2,0,0,0,0,0,0,0,0,2335.0,1,0,0,0,0,0,0,0,0
272,2017-04-19,09:32:41,600,IH1704,CCFX,2334.8,2330.4,2335.0,220,153960840,9907,10063,2577.6,2109.2,2343.4,2338,0.0,2332,0.0,0,0,2017-04-19,34361600,2334.4,1,0,0,0,0,0,0,0,0,2334.8,1,0,0,0,0,0,0,0,0
273,2017-04-19,09:32:42,100,IH1704,CCFX,2334.4,2330.4,2335.0,221,154661160,9907,10063,2577.6,2109.2,2343.4,2338,0.0,2332,0.0,0,0,2017-04-19,34362100,2334.0,2,0,0,0,0,0,0,0,0,2334.4,1,0,0,0,0,0,0,0,0
274,2017-04-19,09:32:42,600,IH1704,CCFX,2334.4,2330.4,2335.0,221,154661160,9907,10063,2577.6,2109.2,2343.4,2338,0.0,2332,0.0,0,0,2017-04-19,34362600,2334.2,2,0,0,0,0,0,0,0,0,2334.4,1,0,0,0,0,0,0,0,0
275,2017-04-19,09:32:43,100,IH1704,CCFX,2334.2,2330.4,2335.0,222,155361420,9906,10063,2577.6,2109.2,2343.4,2338,0.0,2332,0.0,0,0,2017-04-19,34363100,2334.2,2,0,0,0,0,0,0,0,0,2334.6,1,0,0,0,0,0,0,0,0
276,2017-04-19,09:32:47,100,IH1704,CCFX,2334.2,2330.4,2335.0,224,156761940,9906,10063,2577.6,2109.2,2343.4,2338,0.0,2332,0.0,0,0,2017-04-19,34367100,2334.0,2,0,0,0,0,0,0,0,0,2334.2,8,0,0,0,0,0,0,0,0
277,2017-04-19,09:32:47,600,IH1704,CCFX,2334.2,2330.4,2335.0,225,157462200,9906,10063,2577.6,2109.2,2343.4,2338,0.0,2332,0.0,0,0,2017-04-19,34367600,2334.0,2,0,0,0,0,0,0,0,0,2334.2,7,0,0,0,0,0,0,0,0
278,2017-04-19,09:32:48,600,IH1704,CCFX,2334.2,2330.4,2335.0,230,160963500,9906,10063,2577.6,2109.2,2343.4,2338,0.0,2332,0.0,0,0,2017-04-19,34368600,2334.0,2,0,0,0,0,0,0,0,0,2334.2,2,0,0,0,0,0,0,0,0
279,2017-04-19,09:32:49,100,IH1704,CCFX,2334.2,2330.4,2335.0,232,162364020,9907,10063,2577.6,2109.2,2343.4,2338,0.0,2332,0.0,0,0,2017-04-19,34369100,2334.4,1,0,0,0,0,0,0,0,0,2335.0,1,0,0,0,0,0,0,0,0
280,2017-04-19,09:32:49,600,IH1704,CCFX,2334.2,2330.4,2335.0,232,162364020,9907,10063,2577.6,2109.2,2343.4,2338,0.0,2332,0.0,0,0,2017-04-19,34369600,2334.8,1,0,0,0,0,0,0,0,0,2335.0,2,0,0,0,0,0,0,0,0
281,2017-04-19,09:32:50,100,IH1704,CCFX,2335.0,2330.4,2335.0,233,163064520,9906,10063,2577.6,2109.2,2343.4,2338,0.0,2332,0.0,0,0,2017-04-19,34370100,2334.2,6,0,0,0,0,0,0,0,0,2334.8,1,0,0,0,0,0,0,0,0
282,2017-04-19,09:32:50,600,IH1704,CCFX,2335.0,2330.4,2335.0,234,163765020,9905,10063,2577.6,2109.2,2343.4,2338,0.0,2332,0.0,0,0,2017-04-19,34370600,2334.8,2,0,0,0,0,0,0,0,0,2335.2,1,0,0,0,0,0,0,0,0
283,2017-04-19,09:32:51,100,IH1704,CCFX,2335.2,2330.4,2335.2,236,165166140,9903,10063,2577.6,2109.2,2343.4,2338,0.0,2332,0.0,0,0,2017-04-19,34371100,2334.4,2,0,0,0,0,0,0,0,0,2335.0,1,0,0,0,0,0,0,0,0
284,2017-04-19,09:32:51,600,IH1704,CCFX,2335.2,2330.4,2335.2,236,165166140,9903,10063,2577.6,2109.2,2343.4,2338,0.0,2332,0.0,0,0,2017-04-19,34371600,2334.8,1,0,0,0,0,0,0,0,0,2335.0,2,0,0,0,0,0,0,0,0
285,2017-04-19,09:32:52,100,IH1704,CCFX,2335.2,2330.4,2335.2,236,165166140,9903,10063,2577.6,2109.2,2343.4,2338,0.0,2332,0.0,0,0,2017-04-19,34372100,2334.4,2,0,0,0,0,0,0,0,0,2335.0,2,0,0,0,0,0,0,0,0
286,2017-04-19,09:32:52,600,IH1704,CCFX,2335.2,2330.4,2335.2,236,165166140,9903,10063,2577.6,2109.2,2343.4,2338,0.0,2332,0.0,0,0,2017-04-19,34372600,2334.6,1,0,0,0,0,0,0,0,0,2335.0,2,0,0,0,0,0,0,0,0
287,2017-04-19,09:32:53,600,IH1704,CCFX,2335.2,2330.4,2335.2,236,165166140,9903,10063,2577.6,2109.2,2343.4,2338,0.0,2332,0.0,0,0,2017-04-19,34373600,2334.6,1,0,0,0,0,0,0,0,0,2335.0,2,0,0,0,0,0,0,0,0
288,2017-04-19,09:32:54,100,IH1704,CCFX,2334.8,2330.4,2335.2,237,165866580,9903,10063,2577.6,2109.2,2343.4,2338,0.0,2332,0.0,0,0,2017-04-19,34374100,2334.6,1,0,0,0,0,0,0,0,0,2335.0,1,0,0,0,0,0,0,0,0
289,2017-04-19,09:32:55,600,IH1704,CCFX,2334.8,2330.4,2335.2,237,165866580,9903,10063,2577.6,2109.2,2343.4,2338,0.0,2332,0.0,0,0,2017-04-19,34375600,2334.6,1,0,0,0,0,0,0,0,0,2335.6,1,0,0,0,0,0,0,0,0
290,2017-04-19,09:32:56,100,IH1704,CCFX,2334.8,2330.4,2335.2,237,165866580,9903,10063,2577.6,2109.2,2343.4,2338,0.0,2332,0.0,0,0,2017-04-19,34376100,2335.0,2,0,0,0,0,0,0,0,0,2335.6,1,0,0,0,0,0,0,0,0
291,2017-04-19,09:32:56,600,IH1704,CCFX,2334.8,2330.4,2335.2,237,165866580,9903,10063,2577.6,2109.2,2343.4,2338,0.0,2332,0.0,0,0,2017-04-19,34376600,2335.0,2,0,0,0,0,0,0,0,0,2335.4,1,0,0,0,0,0,0,0,0
292,2017-04-19,09:32:58,600,IH1704,CCFX,2334.8,2330.4,2335.2,237,165866580,9903,10063,2577.6,2109.2,2343.4,2338,0.0,2332,0.0,0,0,2017-04-19,34378600,2335.0,2,0,0,0,0,0,0,0,0,2335.6,1,0,0,0,0,0,0,0,0
293,2017-04-19,09:32:59,100,IH1704,CCFX,2334.8,2330.4,2335.2,237,165866580,9903,10063,2577.6,2109.2,2343.4,2338,0.0,2332,0.0,0,0,2017-04-19,34379100,2335.4,10,0,0,0,0,0,0,0,0,2335.6,1,0,0,0,0,0,0,0,0
294,2017-04-19,09:32:59,600,IH1704,CCFX,2335.0,2330.4,2335.4,248,173573280,9913,10063,2577.6,2109.2,2343.4,2338,0.0,2332,0.0,0,0,2017-04-19,34379600,2335.0,1,0,0,0,0,0,0,0,0,2335.6,1,0,0,0,0,0,0,0,0
295,2017-04-19,09:33:00,100,IH1704,CCFX,2335.0,2330.4,2335.4,248,173573280,9913,10063,2577.6,2109.2,2343.4,2338,0.0,2332,0.0,0,0,2017-04-19,34380100,2335.0,1,0,0,0,0,0,0,0,0,2335.4,2,0,0,0,0,0,0,0,0
296,2017-04-19,09:33:00,600,IH1704,CCFX,2335.0,2330.4,2335.4,248,173573280,9913,10063,2577.6,2109.2,2343.4,2338,0.0,2332,0.0,0,0,2017-04-19,34380600,2335.0,2,0,0,0,0,0,0,0,0,2335.4,2,0,0,0,0,0,0,0,0
297,2017-04-19,09:33:01,100,IH1704,CCFX,2335.0,2330.4,2335.4,248,173573280,9913,10063,2577.6,2109.2,2343.4,2338,0.0,2332,0.0,0,0,2017-04-19,34381100,2335.0,2,0,0,0,0,0,0,0,0,2335.4,1,0,0,0,0,0,0,0,0
298,2017-04-19,09:33:02,100,IH1704,CCFX,2335.0,2330.4,2335.4,248,173573280,9913,10063,2577.6,2109.2,2343.4,2338,0.0,2332,0.0,0,0,2017-04-19,34382100,2335.4,1,0,0,0,0,0,0,0,0,2335.6,1,0,0,0,0,0,0,0,0
299,2017-04-19,09:33:02,600,IH1704,CCFX,2335.4,2330.4,2335.6,250,174974580,9912,10063,2577.6,2109.2,2343.4,2338,0.0,2332,0.0,0,0,2017-04-19,34382600,2335.2,2,0,0,0,0,0,0,0,0,2335.8,1,0,0,0,0,0,0,0,0
300,2017-04-19,09:33:03,100,IH1704,CCFX,2335.4,2330.4,2335.6,250,174974580,9912,10063,2577.6,2109.2,2343.4,2338,0.0,2332,0.0,0,0,2017-04-19,34383100,2335.4,1,0,0,0,0,0,0,0,0,2335.6,1,0,0,0,0,0,0,0,0
301,2017-04-19,09:33:03,600,IH1704,CCFX,2335.6,2330.4,2335.6,252,176375940,9911,10063,2577.6,2109.2,2343.4,2338,0.0,2332,0.0,0,0,2017-04-19,34383600,2335.6,2,0,0,0,0,0,0,0,0,2335.8,2,0,0,0,0,0,0,0,0
302,2017-04-19,09:33:04,100,IH1704,CCFX,2335.6,2330.4,2335.8,255,178478040,9909,10063,2577.6,2109.2,2343.4,2338,0.0,2332,0.0,0,0,2017-04-19,34384100,2335.4,1,0,0,0,0,0,0,0,0,2335.8,1,0,0,0,0,0,0,0,0
303,2017-04-19,09:33:04,600,IH1704,CCFX,2335.6,2330.4,2335.8,255,178478040,9909,10063,2577.6,2109.2,2343.4,2338,0.0,2332,0.0,0,0,2017-04-19,34384600,2335.4,1,0,0,0,0,0,0,0,0,2335.6,1,0,0,0,0,0,0,0,0
304,2017-04-19,09:33:05,100,IH1704,CCFX,2335.6,2330.4,2335.8,256,179178720,9909,10063,2577.6,2109.2,2343.4,2338,0.0,2332,0.0,0,0,2017-04-19,34385100,2335.6,1,0,0,0,0,0,0,0,0,2337.2,1,0,0,0,0,0,0,0,0
305,2017-04-19,09:33:05,600,IH1704,CCFX,2335.6,2330.4,2335.8,256,179178720,9909,10063,2577.6,2109.2,2343.4,2338,0.0,2332,0.0,0,0,2017-04-19,34385600,2335.8,1,0,0,0,0,0,0,0,0,2336.0,3,0,0,0,0,0,0,0,0
306,2017-04-19,09:33:06,100,IH1704,CCFX,2335.4,2330.4,2335.8,259,181280760,9907,10063,2577.6,2109.2,2343.4,2338,0.0,2332,0.0,0,0,2017-04-19,34386100,2335.2,1,0,0,0,0,0,0,0,0,2335.8,1,0,0,0,0,0,0,0,0
307,2017-04-19,09:33:06,600,IH1704,CCFX,2335.4,2330.4,2335.8,259,181280760,9907,10063,2577.6,2109.2,2343.4,2338,0.0,2332,0.0,0,0,2017-04-19,34386600,2335.0,1,0,0,0,0,0,0,0,0,2335.6,1,0,0,0,0,0,0,0,0
308,2017-04-19,09:33:07,100,IH1704,CCFX,2335.4,2330.4,2335.8,259,181280760,9907,10063,2577.6,2109.2,2343.4,2338,0.0,2332,0.0,0,0,2017-04-19,34387100,2335.2,2,0,0,0,0,0,0,0,0,2335.6,1,0,0,0,0,0,0,0,0
309,2017-04-19,09:33:07,600,IH1704,CCFX,2335.4,2330.4,2335.8,259,181280760,9907,10063,2577.6,2109.2,2343.4,2338,0.0,2332,0.0,0,0,2017-04-19,34387600,2335.2,2,0,0,0,0,0,0,0,0,2337.0,8,0,0,0,0,0,0,0,0
310,2017-04-19,09:33:08,100,IH1704,CCFX,2335.4,2330.4,2335.8,259,181280760,9907,10063,2577.6,2109.2,2343.4,2338,0.0,2332,0.0,0,0,2017-04-19,34388100,2335.2,2,0,0,0,0,0,0,0,0,2336.0,2,0,0,0,0,0,0,0,0
311,2017-04-19,09:33:08,600,IH1704,CCFX,2335.4,2330.4,2335.8,259,181280760,9907,10063,2577.6,2109.2,2343.4,2338,0.0,2332,0.0,0,0,2017-04-19,34388600,2335.2,2,0,0,0,0,0,0,0,0,2335.6,1,0,0,0,0,0,0,0,0
312,2017-04-19,09:33:09,100,IH1704,CCFX,2335.4,2330.4,2335.8,259,181280760,9907,10063,2577.6,2109.2,2343.4,2338,0.0,2332,0.0,0,0,2017-04-19,34389100,2335.2,2,0,0,0,0,0,0,0,0,2335.4,1,0,0,0,0,0,0,0,0
313,2017-04-19,09:33:09,600,IH1704,CCFX,2335.4,2330.4,2335.8,259,181280760,9907,10063,2577.6,2109.2,2343.4,2338,0.0,2332,0.0,0,0,2017-04-19,34389600,2335.2,2,0,0,0,0,0,0,0,0,2335.4,1,0,0,0,0,0,0,0,0
314,2017-04-19,09:33:10,100,IH1704,CCFX,2335.4,2330.4,2335.8,259,181280760,9907,10063,2577.6,2109.2,2343.4,2338,0.0,2332,0.0,0,0,2017-04-19,34390100,2335.2,3,0,0,0,0,0,0,0,0,2335.4,1,0,0,0,0,0,0,0,0
315,2017-04-19,09:33:10,600,IH1704,CCFX,2335.4,2330.4,2335.8,259,181280760,9907,10063,2577.6,2109.2,2343.4,2338,0.0,2332,0.0,0,0,2017-04-19,34390600,2335.2,3,0,0,0,0,0,0,0,0,2335.4,1,0,0,0,0,0,0,0,0
316,2017-04-19,09:33:11,100,IH1704,CCFX,2335.4,2330.4,2335.8,259,181280760,9907,10063,2577.6,2109.2,2343.4,2338,0.0,2332,0.0,0,0,2017-04-19,34391100,2335.2,3,0,0,0,0,0,0,0,0,2335.4,1,0,0,0,0,0,0,0,0
317,2017-04-19,09:33:11,600,IH1704,CCFX,2335.4,2330.4,2335.8,259,181280760,9907,10063,2577.6,2109.2,2343.4,2338,0.0,2332,0.0,0,0,2017-04-19,34391600,2335.2,3,0,0,0,0,0,0,0,0,2335.4,1,0,0,0,0,0,0,0,0
318,2017-04-19,09:33:12,100,IH1704,CCFX,2335.4,2330.4,2335.8,259,181280760,9907,10063,2577.6,2109.2,2343.4,2338,0.0,2332,0.0,0,0,2017-04-19,34392100,2335.2,2,0,0,0,0,0,0,0,0,2335.4,1,0,0,0,0,0,0,0,0
319,2017-04-19,09:33:12,600,IH1704,CCFX,2335.2,2330.4,2335.8,261,182681880,9907,10063,2577.6,2109.2,2343.4,2338,0.0,2332,0.0,0,0,2017-04-19,34392600,2335.0,2,0,0,0,0,0,0,0,0,2335.4,1,0,0,0,0,0,0,0,0
320,2017-04-19,09:33:13,100,IH1704,CCFX,2335.2,2330.4,2335.8,261,182681880,9907,10063,2577.6,2109.2,2343.4,2338,0.0,2332,0.0,0,0,2017-04-19,34393100,2335.0,2,0,0,0,0,0,0,0,0,2335.2,2,0,0,0,0,0,0,0,0
321,2017-04-19,09:33:13,600,IH1704,CCFX,2335.2,2330.4,2335.8,262,183382440,9906,10063,2577.6,2109.2,2343.4,2338,0.0,2332,0.0,0,0,2017-04-19,34393600,2335.0,2,0,0,0,0,0,0,0,0,2335.2,1,0,0,0,0,0,0,0,0
322,2017-04-19,09:33:14,100,IH1704,CCFX,2335.0,2330.4,2335.8,264,184783440,9904,10063,2577.6,2109.2,2343.4,2338,0.0,2332,0.0,0,0,2017-04-19,34394100,2334.6,3,0,0,0,0,0,0,0,0,2335.2,1,0,0,0,0,0,0,0,0
323,2017-04-19,09:33:14,600,IH1704,CCFX,2334.6,2330.4,2335.8,267,186884640,9901,10063,2577.6,2109.2,2343.4,2338,0.0,2332,0.0,0,0,2017-04-19,34394600,2334.6,1,0,0,0,0,0,0,0,0,2335.0,1,0,0,0,0,0,0,0,0
324,2017-04-19,09:33:16,100,IH1704,CCFX,2334.6,2330.4,2335.8,271,189686760,9897,10063,2577.6,2109.2,2343.4,2338,0.0,2332,0.0,0,0,2017-04-19,34396100,2334.0,2,0,0,0,0,0,0,0,0,2335.6,1,0,0,0,0,0,0,0,0
325,2017-04-19,09:33:16,600,IH1704,CCFX,2334.6,2330.4,2335.8,271,189686760,9897,10063,2577.6,2109.2,2343.4,2338,0.0,2332,0.0,0,0,2017-04-19,34396600,2334.2,2,0,0,0,0,0,0,0,0,2335.4,2,0,0,0,0,0,0,0,0
326,2017-04-19,09:33:17,100,IH1704,CCFX,2334.6,2330.4,2335.8,271,189686760,9897,10063,2577.6,2109.2,2343.4,2338,0.0,2332,0.0,0,0,2017-04-19,34397100,2334.2,2,0,0,0,0,0,0,0,0,2335.4,1,0,0,0,0,0,0,0,0
327,2017-04-19,09:33:17,600,IH1704,CCFX,2334.6,2330.4,2335.8,271,189686760,9897,10063,2577.6,2109.2,2343.4,2338,0.0,2332,0.0,0,0,2017-04-19,34397600,2334.4,1,0,0,0,0,0,0,0,0,2335.4,1,0,0,0,0,0,0,0,0
328,2017-04-19,09:33:18,100,IH1704,CCFX,2334.6,2330.4,2335.8,271,189686760,9897,10063,2577.6,2109.2,2343.4,2338,0.0,2332,0.0,0,0,2017-04-19,34398100,2334.4,1,0,0,0,0,0,0,0,0,2335.2,1,0,0,0,0,0,0,0,0
329,2017-04-19,09:33:18,600,IH1704,CCFX,2334.6,2330.4,2335.8,271,189686760,9897,10063,2577.6,2109.2,2343.4,2338,0.0,2332,0.0,0,0,2017-04-19,34398600,2334.6,1,0,0,0,0,0,0,0,0,2335.2,1,0,0,0,0,0,0,0,0
330,2017-04-19,09:33:19,100,IH1704,CCFX,2334.6,2330.4,2335.8,271,189686760,9897,10063,2577.6,2109.2,2343.4,2338,0.0,2332,0.0,0,0,2017-04-19,34399100,2334.6,1,0,0,0,0,0,0,0,0,2335.2,1,0,0,0,0,0,0,0,0
331,2017-04-19,09:33:19,600,IH1704,CCFX,2334.6,2330.4,2335.8,271,189686760,9897,10063,2577.6,2109.2,2343.4,2338,0.0,2332,0.0,0,0,2017-04-19,34399600,2334.6,1,0,0,0,0,0,0,0,0,2334.8,2,0,0,0,0,0,0,0,0
332,2017-04-19,09:33:20,100,IH1704,CCFX,2334.6,2330.4,2335.8,271,189686760,9897,10063,2577.6,2109.2,2343.4,2338,0.0,2332,0.0,0,0,2017-04-19,34400100,2334.6,1,0,0,0,0,0,0,0,0,2335.2,1,0,0,0,0,0,0,0,0
333,2017-04-19,09:33:20,600,IH1704,CCFX,2334.6,2330.4,2335.8,272,190387140,9896,10063,2577.6,2109.2,2343.4,2338,0.0,2332,0.0,0,0,2017-04-19,34400600,2334.2,1,0,0,0,0,0,0,0,0,2335.2,1,0,0,0,0,0,0,0,0
334,2017-04-19,09:33:21,100,IH1704,CCFX,2334.6,2330.4,2335.8,272,190387140,9896,10063,2577.6,2109.2,2343.4,2338,0.0,2332,0.0,0,0,2017-04-19,34401100,2334.4,2,0,0,0,0,0,0,0,0,2335.0,1,0,0,0,0,0,0,0,0
335,2017-04-19,09:33:21,600,IH1704,CCFX,2334.6,2330.4,2335.8,272,190387140,9896,10063,2577.6,2109.2,2343.4,2338,0.0,2332,0.0,0,0,2017-04-19,34401600,2334.4,2,0,0,0,0,0,0,0,0,2335.0,1,0,0,0,0,0,0,0,0
336,2017-04-19,09:33:22,100,IH1704,CCFX,2334.6,2330.4,2335.8,272,190387140,9896,10063,2577.6,2109.2,2343.4,2338,0.0,2332,0.0,0,0,2017-04-19,34402100,2334.4,3,0,0,0,0,0,0,0,0,2335.0,1,0,0,0,0,0,0,0,0
337,2017-04-19,09:33:22,600,IH1704,CCFX,2334.6,2330.4,2335.8,272,190387140,9896,10063,2577.6,2109.2,2343.4,2338,0.0,2332,0.0,0,0,2017-04-19,34402600,2334.6,1,0,0,0,0,0,0,0,0,2335.0,1,0,0,0,0,0,0,0,0
338,2017-04-19,09:33:23,100,IH1704,CCFX,2334.6,2330.4,2335.8,272,190387140,9896,10063,2577.6,2109.2,2343.4,2338,0.0,2332,0.0,0,0,2017-04-19,34403100,2334.6,1,0,0,0,0,0,0,0,0,2335.2,1,0,0,0,0,0,0,0,0
339,2017-04-19,09:33:23,600,IH1704,CCFX,2334.6,2330.4,2335.8,272,190387140,9896,10063,2577.6,2109.2,2343.4,2338,0.0,2332,0.0,0,0,2017-04-19,34403600,2334.6,1,0,0,0,0,0,0,0,0,2335.2,1,0,0,0,0,0,0,0,0
340,2017-04-19,09:33:24,100,IH1704,CCFX,2334.6,2330.4,2335.8,272,190387140,9896,10063,2577.6,2109.2,2343.4,2338,0.0,2332,0.0,0,0,2017-04-19,34404100,2334.4,3,0,0,0,0,0,0,0,0,2335.2,1,0,0,0,0,0,0,0,0
341,2017-04-19,09:33:24,600,IH1704,CCFX,2334.6,2330.4,2335.8,272,190387140,9896,10063,2577.6,2109.2,2343.4,2338,0.0,2332,0.0,0,0,2017-04-19,34404600,2334.6,1,0,0,0,0,0,0,0,0,2335.0,1,0,0,0,0,0,0,0,0
342,2017-04-19,09:33:26,600,IH1704,CCFX,2335.0,2330.4,2335.8,273,191087640,9895,10063,2577.6,2109.2,2343.4,2338,0.0,2332,0.0,0,0,2017-04-19,34406600,2335.0,1,0,0,0,0,0,0,0,0,2335.2,1,0,0,0,0,0,0,0,0
343,2017-04-19,09:33:27,600,IH1704,CCFX,2335.2,2330.4,2335.8,274,191788200,9894,10063,2577.6,2109.2,2343.4,2338,0.0,2332,0.0,0,0,2017-04-19,34407600,2335.0,1,0,0,0,0,0,0,0,0,2335.4,1,0,0,0,0,0,0,0,0
344,2017-04-19,09:33:28,100,IH1704,CCFX,2335.4,2330.4,2335.8,275,192488820,9893,10063,2577.6,2109.2,2343.4,2338,0.0,2332,0.0,0,0,2017-04-19,34408100,2335.2,2,0,0,0,0,0,0,0,0,2335.6,1,0,0,0,0,0,0,0,0
345,2017-04-19,09:33:28,600,IH1704,CCFX,2335.6,2330.4,2335.8,276,193189500,9893,10063,2577.6,2109.2,2343.4,2338,0.0,2332,0.0,0,0,2017-04-19,34408600,2335.6,1,0,0,0,0,0,0,0,0,2335.8,4,0,0,0,0,0,0,0,0
346,2017-04-19,09:33:29,100,IH1704,CCFX,2335.8,2330.4,2335.8,281,196693200,9890,10063,2577.6,2109.2,2343.4,2338,0.0,2332,0.0,0,0,2017-04-19,34409100,2335.6,1,0,0,0,0,0,0,0,0,2335.8,1,0,0,0,0,0,0,0,0
347,2017-04-19,09:33:29,600,IH1704,CCFX,2335.6,2330.4,2335.8,283,198094560,9890,10063,2577.6,2109.2,2343.4,2338,0.0,2332,0.0,0,0,2017-04-19,34409600,2335.4,1,0,0,0,0,0,0,0,0,2335.8,3,0,0,0,0,0,0,0,0
348,2017-04-19,09:33:30,100,IH1704,CCFX,2335.8,2330.4,2335.8,284,198795300,9891,10063,2577.6,2109.2,2343.4,2338,0.0,2332,0.0,0,0,2017-04-19,34410100,2335.4,1,0,0,0,0,0,0,0,0,2335.6,1,0,0,0,0,0,0,0,0
349,2017-04-19,09:33:30,600,IH1704,CCFX,2335.6,2330.4,2335.8,285,199495980,9890,10063,2577.6,2109.2,2343.4,2338,0.0,2332,0.0,0,0,2017-04-19,34410600,2335.4,1,0,0,0,0,0,0,0,0,2335.8,1,0,0,0,0,0,0,0,0
350,2017-04-19,09:33:31,100,IH1704,CCFX,2335.6,2330.4,2335.8,285,199495980,9890,10063,2577.6,2109.2,2343.4,2338,0.0,2332,0.0,0,0,2017-04-19,34411100,2335.4,1,0,0,0,0,0,0,0,0,2335.8,2,0,0,0,0,0,0,0,0
351,2017-04-19,09:33:31,600,IH1704,CCFX,2335.6,2330.4,2335.8,285,199495980,9890,10063,2577.6,2109.2,2343.4,2338,0.0,2332,0.0,0,0,2017-04-19,34411600,2335.4,1,0,0,0,0,0,0,0,0,2335.8,3,0,0,0,0,0,0,0,0
352,2017-04-19,09:33:32,600,IH1704,CCFX,2335.6,2330.4,2335.8,286,200196660,9890,10063,2577.6,2109.2,2343.4,2338,0.0,2332,0.0,0,0,2017-04-19,34412600,2335.2,1,0,0,0,0,0,0,0,0,2335.8,3,0,0,0,0,0,0,0,0
353,2017-04-19,09:33:33,100,IH1704,CCFX,2335.6,2330.4,2335.8,286,200196660,9890,10063,2577.6,2109.2,2343.4,2338,0.0,2332,0.0,0,0,2017-04-19,34413100,2335.4,1,0,0,0,0,0,0,0,0,2335.8,3,0,0,0,0,0,0,0,0
354,2017-04-19,09:33:34,100,IH1704,CCFX,2335.6,2330.4,2335.8,286,200196660,9890,10063,2577.6,2109.2,2343.4,2338,0.0,2332,0.0,0,0,2017-04-19,34414100,2335.4,2,0,0,0,0,0,0,0,0,2335.8,3,0,0,0,0,0,0,0,0
355,2017-04-19,09:33:34,600,IH1704,CCFX,2335.6,2330.4,2335.8,286,200196660,9890,10063,2577.6,2109.2,2343.4,2338,0.0,2332,0.0,0,0,2017-04-19,34414600,2335.4,2,0,0,0,0,0,0,0,0,2335.8,2,0,0,0,0,0,0,0,0
356,2017-04-19,09:33:35,600,IH1704,CCFX,2335.6,2330.4,2335.8,286,200196660,9890,10063,2577.6,2109.2,2343.4,2338,0.0,2332,0.0,0,0,2017-04-19,34415600,2335.4,2,0,0,0,0,0,0,0,0,2335.8,2,0,0,0,0,0,0,0,0
357,2017-04-19,09:33:37,100,IH1704,CCFX,2335.8,2330.4,2335.8,287,200897400,9890,10063,2577.6,2109.2,2343.4,2338,0.0,2332,0.0,0,0,2017-04-19,34417100,2335.4,2,0,0,0,0,0,0,0,0,2335.8,1,0,0,0,0,0,0,0,0
358,2017-04-19,09:33:37,600,IH1704,CCFX,2335.8,2330.4,2335.8,288,201598140,9890,10063,2577.6,2109.2,2343.4,2338,0.0,2332,0.0,0,0,2017-04-19,34417600,2335.4,2,0,0,0,0,0,0,0,0,2337.0,2,0,0,0,0,0,0,0,0
359,2017-04-19,09:33:38,100,IH1704,CCFX,2335.8,2330.4,2335.8,288,201598140,9890,10063,2577.6,2109.2,2343.4,2338,0.0,2332,0.0,0,0,2017-04-19,34418100,2335.6,3,0,0,0,0,0,0,0,0,2336.0,1,0,0,0,0,0,0,0,0
360,2017-04-19,09:33:38,600,IH1704,CCFX,2335.8,2330.4,2335.8,289,202298880,9889,10063,2577.6,2109.2,2343.4,2338,0.0,2332,0.0,0,0,2017-04-19,34418600,2335.8,1,0,0,0,0,0,0,0,0,2336.0,1,0,0,0,0,0,0,0,0
361,2017-04-19,09:33:39,100,IH1704,CCFX,2335.8,2330.4,2335.8,290,202999620,9888,10063,2577.6,2109.2,2343.4,2338,0.0,2332,0.0,0,0,2017-04-19,34419100,2335.6,2,0,0,0,0,0,0,0,0,2336.0,1,0,0,0,0,0,0,0,0
362,2017-04-19,09:33:39,600,IH1704,CCFX,2335.8,2330.4,2335.8,290,202999620,9888,10063,2577.6,2109.2,2343.4,2338,0.0,2332,0.0,0,0,2017-04-19,34419600,2335.8,1,0,0,0,0,0,0,0,0,2336.8,3,0,0,0,0,0,0,0,0
363,2017-04-19,09:33:40,100,IH1704,CCFX,2335.8,2330.4,2335.8,290,202999620,9888,10063,2577.6,2109.2,2343.4,2338,0.0,2332,0.0,0,0,2017-04-19,34420100,2335.8,1,0,0,0,0,0,0,0,0,2336.6,3,0,0,0,0,0,0,0,0
364,2017-04-19,09:33:40,600,IH1704,CCFX,2335.8,2330.4,2335.8,290,202999620,9888,10063,2577.6,2109.2,2343.4,2338,0.0,2332,0.0,0,0,2017-04-19,34420600,2335.8,1,0,0,0,0,0,0,0,0,2336.6,1,0,0,0,0,0,0,0,0
365,2017-04-19,09:33:41,100,IH1704,CCFX,2335.8,2330.4,2335.8,290,202999620,9888,10063,2577.6,2109.2,2343.4,2338,0.0,2332,0.0,0,0,2017-04-19,34421100,2335.8,1,0,0,0,0,0,0,0,0,2336.6,1,0,0,0,0,0,0,0,0
366,2017-04-19,09:33:41,600,IH1704,CCFX,2335.8,2330.4,2335.8,290,202999620,9888,10063,2577.6,2109.2,2343.4,2338,0.0,2332,0.0,0,0,2017-04-19,34421600,2336.0,1,0,0,0,0,0,0,0,0,2336.6,1,0,0,0,0,0,0,0,0
367,2017-04-19,09:33:42,100,IH1704,CCFX,2335.8,2330.4,2335.8,290,202999620,9888,10063,2577.6,2109.2,2343.4,2338,0.0,2332,0.0,0,0,2017-04-19,34422100,2336.0,1,0,0,0,0,0,0,0,0,2336.6,1,0,0,0,0,0,0,0,0
368,2017-04-19,09:33:42,600,IH1704,CCFX,2335.8,2330.4,2335.8,290,202999620,9888,10063,2577.6,2109.2,2343.4,2338,0.0,2332,0.0,0,0,2017-04-19,34422600,2336.0,1,0,0,0,0,0,0,0,0,2336.8,1,0,0,0,0,0,0,0,0
369,2017-04-19,09:33:43,100,IH1704,CCFX,2335.8,2330.4,2335.8,290,202999620,9888,10063,2577.6,2109.2,2343.4,2338,0.0,2332,0.0,0,0,2017-04-19,34423100,2336.2,1,0,0,0,0,0,0,0,0,2336.4,1,0,0,0,0,0,0,0,0
370,2017-04-19,09:33:43,600,IH1704,CCFX,2336.4,2330.4,2336.4,291,203700540,9887,10063,2577.6,2109.2,2343.4,2338,0.0,2332,0.0,0,0,2017-04-19,34423600,2336.2,2,0,0,0,0,0,0,0,0,2337.0,1,0,0,0,0,0,0,0,0
371,2017-04-19,09:33:44,100,IH1704,CCFX,2336.4,2330.4,2336.4,291,203700540,9887,10063,2577.6,2109.2,2343.4,2338,0.0,2332,0.0,0,0,2017-04-19,34424100,2336.2,2,0,0,0,0,0,0,0,0,2336.6,1,0,0,0,0,0,0,0,0
372,2017-04-19,09:33:45,100,IH1704,CCFX,2336.4,2330.4,2336.4,291,203700540,9887,10063,2577.6,2109.2,2343.4,2338,0.0,2332,0.0,0,0,2017-04-19,34425100,2336.4,1,0,0,0,0,0,0,0,0,2336.6,1,0,0,0,0,0,0,0,0
373,2017-04-19,09:33:45,600,IH1704,CCFX,2336.4,2330.4,2336.4,292,204401460,9887,10063,2577.6,2109.2,2343.4,2338,0.0,2332,0.0,0,0,2017-04-19,34425600,2336.2,2,0,0,0,0,0,0,0,0,2336.6,1,0,0,0,0,0,0,0,0
374,2017-04-19,09:33:46,100,IH1704,CCFX,2336.4,2330.4,2336.4,292,204401460,9887,10063,2577.6,2109.2,2343.4,2338,0.0,2332,0.0,0,0,2017-04-19,34426100,2336.2,2,0,0,0,0,0,0,0,0,2336.6,1,0,0,0,0,0,0,0,0
375,2017-04-19,09:33:46,600,IH1704,CCFX,2336.4,2330.4,2336.4,292,204401460,9887,10063,2577.6,2109.2,2343.4,2338,0.0,2332,0.0,0,0,2017-04-19,34426600,2336.2,2,0,0,0,0,0,0,0,0,2336.6,1,0,0,0,0,0,0,0,0
376,2017-04-19,09:33:47,600,IH1704,CCFX,2336.4,2330.4,2336.4,292,204401460,9887,10063,2577.6,2109.2,2343.4,2338,0.0,2332,0.0,0,0,2017-04-19,34427600,2336.2,1,0,0,0,0,0,0,0,0,2336.4,1,0,0,0,0,0,0,0,0
377,2017-04-19,09:33:48,100,IH1704,CCFX,2336.2,2330.4,2336.4,293,205102320,9887,10063,2577.6,2109.2,2343.4,2338,0.0,2332,0.0,0,0,2017-04-19,34428100,2335.8,1,0,0,0,0,0,0,0,0,2336.4,1,0,0,0,0,0,0,0,0
378,2017-04-19,09:33:48,600,IH1704,CCFX,2336.2,2330.4,2336.4,293,205102320,9887,10063,2577.6,2109.2,2343.4,2338,0.0,2332,0.0,0,0,2017-04-19,34428600,2335.8,1,0,0,0,0,0,0,0,0,2336.4,1,0,0,0,0,0,0,0,0
379,2017-04-19,09:33:49,100,IH1704,CCFX,2335.8,2330.4,2336.4,294,205803060,9886,10063,2577.6,2109.2,2343.4,2338,0.0,2332,0.0,0,0,2017-04-19,34429100,2335.0,1,0,0,0,0,0,0,0,0,2336.2,1,0,0,0,0,0,0,0,0
380,2017-04-19,09:33:49,600,IH1704,CCFX,2335.8,2330.4,2336.4,294,205803060,9886,10063,2577.6,2109.2,2343.4,2338,0.0,2332,0.0,0,0,2017-04-19,34429600,2335.2,2,0,0,0,0,0,0,0,0,2336.2,1,0,0,0,0,0,0,0,0
381,2017-04-19,09:33:50,100,IH1704,CCFX,2335.8,2330.4,2336.4,294,205803060,9886,10063,2577.6,2109.2,2343.4,2338,0.0,2332,0.0,0,0,2017-04-19,34430100,2335.2,2,0,0,0,0,0,0,0,0,2336.2,1,0,0,0,0,0,0,0,0
382,2017-04-19,09:33:51,100,IH1704,CCFX,2335.8,2330.4,2336.4,294,205803060,9886,10063,2577.6,2109.2,2343.4,2338,0.0,2332,0.0,0,0,2017-04-19,34431100,2335.4,1,0,0,0,0,0,0,0,0,2336.0,2,0,0,0,0,0,0,0,0
383,2017-04-19,09:33:51,600,IH1704,CCFX,2335.8,2330.4,2336.4,294,205803060,9886,10063,2577.6,2109.2,2343.4,2338,0.0,2332,0.0,0,0,2017-04-19,34431600,2335.6,1,0,0,0,0,0,0,0,0,2336.0,2,0,0,0,0,0,0,0,0
384,2017-04-19,09:33:52,100,IH1704,CCFX,2335.8,2330.4,2336.4,294,205803060,9886,10063,2577.6,2109.2,2343.4,2338,0.0,2332,0.0,0,0,2017-04-19,34432100,2335.8,2,0,0,0,0,0,0,0,0,2336.0,2,0,0,0,0,0,0,0,0
385,2017-04-19,09:33:52,600,IH1704,CCFX,2335.8,2330.4,2336.4,294,205803060,9886,10063,2577.6,2109.2,2343.4,2338,0.0,2332,0.0,0,0,2017-04-19,34432600,2335.8,2,0,0,0,0,0,0,0,0,2336.0,2,0,0,0,0,0,0,0,0
386,2017-04-19,09:33:55,100,IH1704,CCFX,2335.8,2330.4,2336.4,294,205803060,9886,10063,2577.6,2109.2,2343.4,2338,0.0,2332,0.0,0,0,2017-04-19,34435100,2335.8,2,0,0,0,0,0,0,0,0,2336.0,2,0,0,0,0,0,0,0,0
387,2017-04-19,09:33:55,600,IH1704,CCFX,2335.8,2330.4,2336.4,294,205803060,9886,10063,2577.6,2109.2,2343.4,2338,0.0,2332,0.0,0,0,2017-04-19,34435600,2335.8,2,0,0,0,0,0,0,0,0,2336.0,2,0,0,0,0,0,0,0,0
388,2017-04-19,09:33:56,100,IH1704,CCFX,2335.8,2330.4,2336.4,294,205803060,9886,10063,2577.6,2109.2,2343.4,2338,0.0,2332,0.0,0,0,2017-04-19,34436100,2335.8,3,0,0,0,0,0,0,0,0,2336.0,2,0,0,0,0,0,0,0,0
389,2017-04-19,09:33:56,600,IH1704,CCFX,2335.8,2330.4,2336.4,297,207905280,9885,10063,2577.6,2109.2,2343.4,2338,0.0,2332,0.0,0,0,2017-04-19,34436600,2335.2,2,0,0,0,0,0,0,0,0,2336.0,1,0,0,0,0,0,0,0,0
390,2017-04-19,09:33:57,100,IH1704,CCFX,2335.8,2330.4,2336.4,297,207905280,9885,10063,2577.6,2109.2,2343.4,2338,0.0,2332,0.0,0,0,2017-04-19,34437100,2335.4,1,0,0,0,0,0,0,0,0,2336.0,1,0,0,0,0,0,0,0,0
391,2017-04-19,09:33:57,600,IH1704,CCFX,2335.8,2330.4,2336.4,297,207905280,9885,10063,2577.6,2109.2,2343.4,2338,0.0,2332,0.0,0,0,2017-04-19,34437600,2335.4,1,0,0,0,0,0,0,0,0,2336.0,1,0,0,0,0,0,0,0,0
392,2017-04-19,09:33:58,600,IH1704,CCFX,2335.8,2330.4,2336.4,297,207905280,9885,10063,2577.6,2109.2,2343.4,2338,0.0,2332,0.0,0,0,2017-04-19,34438600,2335.4,1,0,0,0,0,0,0,0,0,2335.8,1,0,0,0,0,0,0,0,0
393,2017-04-19,09:33:59,600,IH1704,CCFX,2335.8,2330.4,2336.4,297,207905280,9885,10063,2577.6,2109.2,2343.4,2338,0.0,2332,0.0,0,0,2017-04-19,34439600,2335.4,2,0,0,0,0,0,0,0,0,2335.8,1,0,0,0,0,0,0,0,0
394,2017-04-19,09:34:01,100,IH1704,CCFX,2336.0,2330.4,2336.4,299,209306820,9883,10063,2577.6,2109.2,2343.4,2338,0.0,2332,0.0,0,0,2017-04-19,34441100,2335.4,2,0,0,0,0,0,0,0,0,2336.2,1,0,0,0,0,0,0,0,0
395,2017-04-19,09:34:01,600,IH1704,CCFX,2336.2,2330.4,2336.4,300,210007680,9882,10063,2577.6,2109.2,2343.4,2338,0.0,2332,0.0,0,0,2017-04-19,34441600,2336.4,4,0,0,0,0,0,0,0,0,2336.8,2,0,0,0,0,0,0,0,0
396,2017-04-19,09:34:02,100,IH1704,CCFX,2336.4,2330.4,2336.4,304,212811360,9879,10063,2577.6,2109.2,2343.4,2338,0.0,2332,0.0,0,0,2017-04-19,34442100,2335.4,1,0,0,0,0,0,0,0,0,2336.2,1,0,0,0,0,0,0,0,0
397,2017-04-19,09:34:02,600,IH1704,CCFX,2335.4,2330.4,2336.4,305,213511980,9878,10063,2577.6,2109.2,2343.4,2338,0.0,2332,0.0,0,0,2017-04-19,34442600,2335.6,1,0,0,0,0,0,0,0,0,2336.0,1,0,0,0,0,0,0,0,0
398,2017-04-19,09:34:03,100,IH1704,CCFX,2335.4,2330.4,2336.4,305,213511980,9878,10063,2577.6,2109.2,2343.4,2338,0.0,2332,0.0,0,0,2017-04-19,34443100,2335.6,1,0,0,0,0,0,0,0,0,2335.8,1,0,0,0,0,0,0,0,0
399,2017-04-19,09:34:03,600,IH1704,CCFX,2335.4,2330.4,2336.4,308,215613840,9875,10063,2577.6,2109.2,2343.4,2338,0.0,2332,0.0,0,0,2017-04-19,34443600,2335.2,1,0,0,0,0,0,0,0,0,2335.4,2,0,0,0,0,0,0,0,0
400,2017-04-19,09:34:04,100,IH1704,CCFX,2335.4,2330.4,2336.4,310,217015080,9873,10063,2577.6,2109.2,2343.4,2338,0.0,2332,0.0,0,0,2017-04-19,34444100,2335.6,1,0,0,0,0,0,0,0,0,2335.8,1,0,0,0,0,0,0,0,0
401,2017-04-19,09:34:04,600,IH1704,CCFX,2335.4,2330.4,2336.4,310,217015080,9873,10063,2577.6,2109.2,2343.4,2338,0.0,2332,0.0,0,0,2017-04-19,34444600,2335.6,3,0,0,0,0,0,0,0,0,2335.8,2,0,0,0,0,0,0,0,0
402,2017-04-19,09:34:05,100,IH1704,CCFX,2335.4,2330.4,2336.4,310,217015080,9873,10063,2577.6,2109.2,2343.4,2338,0.0,2332,0.0,0,0,2017-04-19,34445100,2335.6,3,0,0,0,0,0,0,0,0,2335.8,1,0,0,0,0,0,0,0,0
403,2017-04-19,09:34:06,600,IH1704,CCFX,2335.4,2330.4,2336.4,310,217015080,9873,10063,2577.6,2109.2,2343.4,2338,0.0,2332,0.0,0,0,2017-04-19,34446600,2335.6,3,0,0,0,0,0,0,0,0,2335.8,1,0,0,0,0,0,0,0,0
404,2017-04-19,09:34:08,600,IH1704,CCFX,2335.4,2330.4,2336.4,310,217015080,9873,10063,2577.6,2109.2,2343.4,2338,0.0,2332,0.0,0,0,2017-04-19,34448600,2335.6,3,0,0,0,0,0,0,0,0,2335.8,1,0,0,0,0,0,0,0,0
405,2017-04-19,09:34:09,100,IH1704,CCFX,2335.8,2330.4,2336.4,311,217715820,9872,10063,2577.6,2109.2,2343.4,2338,0.0,2332,0.0,0,0,2017-04-19,34449100,2335.6,3,0,0,0,0,0,0,0,0,2336.0,1,0,0,0,0,0,0,0,0
406,2017-04-19,09:34:09,600,IH1704,CCFX,2335.8,2330.4,2336.4,311,217715820,9872,10063,2577.6,2109.2,2343.4,2338,0.0,2332,0.0,0,0,2017-04-19,34449600,2335.6,3,0,0,0,0,0,0,0,0,2336.0,1,0,0,0,0,0,0,0,0
407,2017-04-19,09:34:11,100,IH1704,CCFX,2335.8,2330.4,2336.4,311,217715820,9872,10063,2577.6,2109.2,2343.4,2338,0.0,2332,0.0,0,0,2017-04-19,34451100,2335.6,3,0,0,0,0,0,0,0,0,2335.8,1,0,0,0,0,0,0,0,0
408,2017-04-19,09:34:11,600,IH1704,CCFX,2335.6,2330.4,2336.4,312,218416500,9872,10063,2577.6,2109.2,2343.4,2338,0.0,2332,0.0,0,0,2017-04-19,34451600,2335.6,2,0,0,0,0,0,0,0,0,2335.8,1,0,0,0,0,0,0,0,0
409,2017-04-19,09:34:12,100,IH1704,CCFX,2335.6,2330.4,2336.4,313,219117180,9871,10063,2577.6,2109.2,2343.4,2338,0.0,2332,0.0,0,0,2017-04-19,34452100,2335.6,1,0,0,0,0,0,0,0,0,2335.8,1,0,0,0,0,0,0,0,0
410,2017-04-19,09:34:13,100,IH1704,CCFX,2335.6,2330.4,2336.4,313,219117180,9871,10063,2577.6,2109.2,2343.4,2338,0.0,2332,0.0,0,0,2017-04-19,34453100,2335.6,1,0,0,0,0,0,0,0,0,2335.8,2,0,0,0,0,0,0,0,0
411,2017-04-19,09:34:15,100,IH1704,CCFX,2335.6,2330.4,2336.4,314,219817860,9870,10063,2577.6,2109.2,2343.4,2338,0.0,2332,0.0,0,0,2017-04-19,34455100,2335.4,1,0,0,0,0,0,0,0,0,2335.8,2,0,0,0,0,0,0,0,0
412,2017-04-19,09:34:15,600,IH1704,CCFX,2335.6,2330.4,2336.4,314,219817860,9870,10063,2577.6,2109.2,2343.4,2338,0.0,2332,0.0,0,0,2017-04-19,34455600,2335.4,1,0,0,0,0,0,0,0,0,2335.6,1,0,0,0,0,0,0,0,0
413,2017-04-19,09:34:16,100,IH1704,CCFX,2335.6,2330.4,2336.4,314,219817860,9870,10063,2577.6,2109.2,2343.4,2338,0.0,2332,0.0,0,0,2017-04-19,34456100,2335.4,1,0,0,0,0,0,0,0,0,2335.6,1,0,0,0,0,0,0,0,0
414,2017-04-19,09:34:16,600,IH1704,CCFX,2335.6,2330.4,2336.4,314,219817860,9870,10063,2577.6,2109.2,2343.4,2338,0.0,2332,0.0,0,0,2017-04-19,34456600,2335.4,1,0,0,0,0,0,0,0,0,2335.6,1,0,0,0,0,0,0,0,0
415,2017-04-19,09:34:17,600,IH1704,CCFX,2335.4,2330.4,2336.4,315,220518480,9869,10063,2577.6,2109.2,2343.4,2338,0.0,2332,0.0,0,0,2017-04-19,34457600,2335.2,3,0,0,0,0,0,0,0,0,2335.4,1,0,0,0,0,0,0,0,0
416,2017-04-19,09:34:18,100,IH1704,CCFX,2335.4,2330.4,2336.4,315,220518480,9869,10063,2577.6,2109.2,2343.4,2338,0.0,2332,0.0,0,0,2017-04-19,34458100,2335.2,3,0,0,0,0,0,0,0,0,2335.4,1,0,0,0,0,0,0,0,0
417,2017-04-19,09:34:18,600,IH1704,CCFX,2335.2,2330.4,2336.4,316,221219040,9868,10063,2577.6,2109.2,2343.4,2338,0.0,2332,0.0,0,0,2017-04-19,34458600,2335.2,2,0,0,0,0,0,0,0,0,2335.4,1,0,0,0,0,0,0,0,0
418,2017-04-19,09:34:19,100,IH1704,CCFX,2335.2,2330.4,2336.4,317,221919600,9867,10063,2577.6,2109.2,2343.4,2338,0.0,2332,0.0,0,0,2017-04-19,34459100,2335.2,1,0,0,0,0,0,0,0,0,2335.6,1,0,0,0,0,0,0,0,0
419,2017-04-19,09:34:19,600,IH1704,CCFX,2335.0,2330.4,2336.4,319,223320660,9865,10063,2577.6,2109.2,2343.4,2338,0.0,2332,0.0,0,0,2017-04-19,34459600,2335.0,2,0,0,0,0,0,0,0,0,2335.4,2,0,0,0,0,0,0,0,0
420,2017-04-19,09:34:20,100,IH1704,CCFX,2335.0,2330.4,2336.4,320,224021160,9864,10063,2577.6,2109.2,2343.4,2338,0.0,2332,0.0,0,0,2017-04-19,34460100,2335.0,1,0,0,0,0,0,0,0,0,2335.6,2,0,0,0,0,0,0,0,0
421,2017-04-19,09:34:20,600,IH1704,CCFX,2335.2,2330.4,2336.4,321,224721720,9863,10063,2577.6,2109.2,2343.4,2338,0.0,2332,0.0,0,0,2017-04-19,34460600,2335.0,1,0,0,0,0,0,0,0,0,2335.2,2,0,0,0,0,0,0,0,0
422,2017-04-19,09:34:21,100,IH1704,CCFX,2335.0,2330.4,2336.4,322,225422220,9862,10063,2577.6,2109.2,2343.4,2338,0.0,2332,0.0,0,0,2017-04-19,34461100,2334.8,1,0,0,0,0,0,0,0,0,2335.0,1,0,0,0,0,0,0,0,0
423,2017-04-19,09:34:22,100,IH1704,CCFX,2335.0,2330.4,2336.4,322,225422220,9862,10063,2577.6,2109.2,2343.4,2338,0.0,2332,0.0,0,0,2017-04-19,34462100,2334.8,1,0,0,0,0,0,0,0,0,2335.4,3,0,0,0,0,0,0,0,0
424,2017-04-19,09:34:22,600,IH1704,CCFX,2335.0,2330.4,2336.4,322,225422220,9862,10063,2577.6,2109.2,2343.4,2338,0.0,2332,0.0,0,0,2017-04-19,34462600,2334.8,2,0,0,0,0,0,0,0,0,2335.0,3,0,0,0,0,0,0,0,0
425,2017-04-19,09:34:23,100,IH1704,CCFX,2334.8,2330.4,2336.4,324,226823100,9860,10063,2577.6,2109.2,2343.4,2338,0.0,2332,0.0,0,0,2017-04-19,34463100,2334.6,1,0,0,0,0,0,0,0,0,2334.8,1,0,0,0,0,0,0,0,0
426,2017-04-19,09:34:24,600,IH1704,CCFX,2334.8,2330.4,2336.4,325,227523540,9859,10063,2577.6,2109.2,2343.4,2338,0.0,2332,0.0,0,0,2017-04-19,34464600,2334.6,1,0,0,0,0,0,0,0,0,2335.4,3,0,0,0,0,0,0,0,0
427,2017-04-19,09:34:25,600,IH1704,CCFX,2334.8,2330.4,2336.4,325,227523540,9859,10063,2577.6,2109.2,2343.4,2338,0.0,2332,0.0,0,0,2017-04-19,34465600,2334.6,1,0,0,0,0,0,0,0,0,2335.4,2,0,0,0,0,0,0,0,0
428,2017-04-19,09:34:26,100,IH1704,CCFX,2334.8,2330.4,2336.4,325,227523540,9859,10063,2577.6,2109.2,2343.4,2338,0.0,2332,0.0,0,0,2017-04-19,34466100,2334.6,1,0,0,0,0,0,0,0,0,2335.4,2,0,0,0,0,0,0,0,0
429,2017-04-19,09:34:26,600,IH1704,CCFX,2334.8,2330.4,2336.4,325,227523540,9859,10063,2577.6,2109.2,2343.4,2338,0.0,2332,0.0,0,0,2017-04-19,34466600,2334.6,1,0,0,0,0,0,0,0,0,2335.2,1,0,0,0,0,0,0,0,0
430,2017-04-19,09:34:29,100,IH1704,CCFX,2334.8,2330.4,2336.4,325,227523540,9859,10063,2577.6,2109.2,2343.4,2338,0.0,2332,0.0,0,0,2017-04-19,34469100,2334.8,2,0,0,0,0,0,0,0,0,2335.2,1,0,0,0,0,0,0,0,0
431,2017-04-19,09:34:30,100,IH1704,CCFX,2334.8,2330.4,2336.4,325,227523540,9859,10063,2577.6,2109.2,2343.4,2338,0.0,2332,0.0,0,0,2017-04-19,34470100,2334.8,2,0,0,0,0,0,0,0,0,2335.2,1,0,0,0,0,0,0,0,0
432,2017-04-19,09:34:30,600,IH1704,CCFX,2334.8,2330.4,2336.4,325,227523540,9859,10063,2577.6,2109.2,2343.4,2338,0.0,2332,0.0,0,0,2017-04-19,34470600,2334.8,2,0,0,0,0,0,0,0,0,2335.2,1,0,0,0,0,0,0,0,0
433,2017-04-19,09:34:31,100,IH1704,CCFX,2334.8,2330.4,2336.4,325,227523540,9859,10063,2577.6,2109.2,2343.4,2338,0.0,2332,0.0,0,0,2017-04-19,34471100,2334.8,2,0,0,0,0,0,0,0,0,2335.2,1,0,0,0,0,0,0,0,0
434,2017-04-19,09:34:31,600,IH1704,CCFX,2334.8,2330.4,2336.4,325,227523540,9859,10063,2577.6,2109.2,2343.4,2338,0.0,2332,0.0,0,0,2017-04-19,34471600,2334.8,2,0,0,0,0,0,0,0,0,2335.0,1,0,0,0,0,0,0,0,0
435,2017-04-19,09:34:32,100,IH1704,CCFX,2334.8,2330.4,2336.4,325,227523540,9859,10063,2577.6,2109.2,2343.4,2338,0.0,2332,0.0,0,0,2017-04-19,34472100,2334.8,2,0,0,0,0,0,0,0,0,2335.0,1,0,0,0,0,0,0,0,0
436,2017-04-19,09:34:32,600,IH1704,CCFX,2335.0,2330.4,2336.4,326,228224040,9858,10063,2577.6,2109.2,2343.4,2338,0.0,2332,0.0,0,0,2017-04-19,34472600,2334.8,2,0,0,0,0,0,0,0,0,2335.6,1,0,0,0,0,0,0,0,0
437,2017-04-19,09:34:33,100,IH1704,CCFX,2335.0,2330.4,2336.4,326,228224040,9858,10063,2577.6,2109.2,2343.4,2338,0.0,2332,0.0,0,0,2017-04-19,34473100,2334.8,2,0,0,0,0,0,0,0,0,2335.4,1,0,0,0,0,0,0,0,0
438,2017-04-19,09:34:33,600,IH1704,CCFX,2335.0,2330.4,2336.4,326,228224040,9858,10063,2577.6,2109.2,2343.4,2338,0.0,2332,0.0,0,0,2017-04-19,34473600,2335.0,2,0,0,0,0,0,0,0,0,2335.4,1,0,0,0,0,0,0,0,0
439,2017-04-19,09:34:34,100,IH1704,CCFX,2335.0,2330.4,2336.4,326,228224040,9858,10063,2577.6,2109.2,2343.4,2338,0.0,2332,0.0,0,0,2017-04-19,34474100,2335.0,3,0,0,0,0,0,0,0,0,2335.4,1,0,0,0,0,0,0,0,0
440,2017-04-19,09:34:36,600,IH1704,CCFX,2335.6,2330.4,2336.4,328,229625340,9856,10063,2577.6,2109.2,2343.4,2338,0.0,2332,0.0,0,0,2017-04-19,34476600,2335.0,3,0,0,0,0,0,0,0,0,2335.8,5,0,0,0,0,0,0,0,0
441,2017-04-19,09:34:40,600,IH1704,CCFX,2335.6,2330.4,2336.4,328,229625340,9856,10063,2577.6,2109.2,2343.4,2338,0.0,2332,0.0,0,0,2017-04-19,34480600,2335.2,1,0,0,0,0,0,0,0,0,2335.8,5,0,0,0,0,0,0,0,0
442,2017-04-19,09:34:41,100,IH1704,CCFX,2335.6,2330.4,2336.4,329,230326020,9855,10063,2577.6,2109.2,2343.4,2338,0.0,2332,0.0,0,0,2017-04-19,34481100,2335.2,1,0,0,0,0,0,0,0,0,2335.8,5,0,0,0,0,0,0,0,0
443,2017-04-19,09:34:43,600,IH1704,CCFX,2335.6,2330.4,2336.4,329,230326020,9855,10063,2577.6,2109.2,2343.4,2338,0.0,2332,0.0,0,0,2017-04-19,34483600,2335.2,2,0,0,0,0,0,0,0,0,2335.8,5,0,0,0,0,0,0,0,0
444,2017-04-19,09:34:44,600,IH1704,CCFX,2335.6,2330.4,2336.4,329,230326020,9855,10063,2577.6,2109.2,2343.4,2338,0.0,2332,0.0,0,0,2017-04-19,34484600,2335.2,2,0,0,0,0,0,0,0,0,2335.8,5,0,0,0,0,0,0,0,0
445,2017-04-19,09:34:45,100,IH1704,CCFX,2335.6,2330.4,2336.4,329,230326020,9855,10063,2577.6,2109.2,2343.4,2338,0.0,2332,0.0,0,0,2017-04-19,34485100,2335.4,1,0,0,0,0,0,0,0,0,2335.8,5,0,0,0,0,0,0,0,0
446,2017-04-19,09:34:45,600,IH1704,CCFX,2335.6,2330.4,2336.4,329,230326020,9855,10063,2577.6,2109.2,2343.4,2338,0.0,2332,0.0,0,0,2017-04-19,34485600,2335.6,1,0,0,0,0,0,0,0,0,2335.8,5,0,0,0,0,0,0,0,0
447,2017-04-19,09:34:46,600,IH1704,CCFX,2335.6,2330.4,2336.4,329,230326020,9855,10063,2577.6,2109.2,2343.4,2338,0.0,2332,0.0,0,0,2017-04-19,34486600,2335.6,1,0,0,0,0,0,0,0,0,2335.8,5,0,0,0,0,0,0,0,0
448,2017-04-19,09:34:47,600,IH1704,CCFX,2335.6,2330.4,2336.4,329,230326020,9855,10063,2577.6,2109.2,2343.4,2338,0.0,2332,0.0,0,0,2017-04-19,34487600,2335.6,1,0,0,0,0,0,0,0,0,2335.8,5,0,0,0,0,0,0,0,0
449,2017-04-19,09:34:48,100,IH1704,CCFX,2335.8,2330.4,2336.4,330,231026760,9854,10063,2577.6,2109.2,2343.4,2338,0.0,2332,0.0,0,0,2017-04-19,34488100,2335.6,1,0,0,0,0,0,0,0,0,2335.8,4,0,0,0,0,0,0,0,0
450,2017-04-19,09:34:48,600,IH1704,CCFX,2335.6,2330.4,2336.4,331,231727440,9853,10063,2577.6,2109.2,2343.4,2338,0.0,2332,0.0,0,0,2017-04-19,34488600,2335.4,1,0,0,0,0,0,0,0,0,2335.8,4,0,0,0,0,0,0,0,0
451,2017-04-19,09:34:49,600,IH1704,CCFX,2335.6,2330.4,2336.4,331,231727440,9853,10063,2577.6,2109.2,2343.4,2338,0.0,2332,0.0,0,0,2017-04-19,34489600,2335.4,1,0,0,0,0,0,0,0,0,2335.6,1,0,0,0,0,0,0,0,0
452,2017-04-19,09:34:50,100,IH1704,CCFX,2335.6,2330.4,2336.4,331,231727440,9853,10063,2577.6,2109.2,2343.4,2338,0.0,2332,0.0,0,0,2017-04-19,34490100,2335.4,2,0,0,0,0,0,0,0,0,2335.6,1,0,0,0,0,0,0,0,0
453,2017-04-19,09:34:50,600,IH1704,CCFX,2335.6,2330.4,2336.4,332,232428120,9853,10063,2577.6,2109.2,2343.4,2338,0.0,2332,0.0,0,0,2017-04-19,34490600,2335.4,2,0,0,0,0,0,0,0,0,2335.8,5,0,0,0,0,0,0,0,0
454,2017-04-19,09:34:51,600,IH1704,CCFX,2335.6,2330.4,2336.4,332,232428120,9853,10063,2577.6,2109.2,2343.4,2338,0.0,2332,0.0,0,0,2017-04-19,34491600,2335.4,2,0,0,0,0,0,0,0,0,2335.6,1,0,0,0,0,0,0,0,0
455,2017-04-19,09:34:52,100,IH1704,CCFX,2335.6,2330.4,2336.4,332,232428120,9853,10063,2577.6,2109.2,2343.4,2338,0.0,2332,0.0,0,0,2017-04-19,34492100,2335.4,2,0,0,0,0,0,0,0,0,2335.6,1,0,0,0,0,0,0,0,0
456,2017-04-19,09:34:53,100,IH1704,CCFX,2335.6,2330.4,2336.4,333,233128800,9853,10063,2577.6,2109.2,2343.4,2338,0.0,2332,0.0,0,0,2017-04-19,34493100,2335.4,2,0,0,0,0,0,0,0,0,2335.8,5,0,0,0,0,0,0,0,0
457,2017-04-19,09:34:55,100,IH1704,CCFX,2335.6,2330.4,2336.4,333,233128800,9853,10063,2577.6,2109.2,2343.4,2338,0.0,2332,0.0,0,0,2017-04-19,34495100,2335.4,2,0,0,0,0,0,0,0,0,2335.8,5,0,0,0,0,0,0,0,0
458,2017-04-19,09:34:56,600,IH1704,CCFX,2335.6,2330.4,2336.4,333,233128800,9853,10063,2577.6,2109.2,2343.4,2338,0.0,2332,0.0,0,0,2017-04-19,34496600,2335.6,1,0,0,0,0,0,0,0,0,2335.8,5,0,0,0,0,0,0,0,0
459,2017-04-19,09:34:57,100,IH1704,CCFX,2335.8,2330.4,2336.4,336,235231020,9852,10063,2577.6,2109.2,2343.4,2338,0.0,2332,0.0,0,0,2017-04-19,34497100,2335.6,1,0,0,0,0,0,0,0,0,2335.8,2,0,0,0,0,0,0,0,0
460,2017-04-19,09:34:57,600,IH1704,CCFX,2335.8,2330.4,2336.4,338,236632500,9851,10063,2577.6,2109.2,2343.4,2338,0.0,2332,0.0,0,0,2017-04-19,34497600,2335.6,1,0,0,0,0,0,0,0,0,2335.8,1,0,0,0,0,0,0,0,0
461,2017-04-19,09:34:58,100,IH1704,CCFX,2335.8,2330.4,2336.4,339,237333240,9851,10063,2577.6,2109.2,2343.4,2338,0.0,2332,0.0,0,0,2017-04-19,34498100,2335.8,2,0,0,0,0,0,0,0,0,2336.0,1,0,0,0,0,0,0,0,0
462,2017-04-19,09:34:58,600,IH1704,CCFX,2335.8,2330.4,2336.4,340,238033980,9851,10063,2577.6,2109.2,2343.4,2338,0.0,2332,0.0,0,0,2017-04-19,34498600,2335.8,1,0,0,0,0,0,0,0,0,2336.0,1,0,0,0,0,0,0,0,0
463,2017-04-19,09:34:59,600,IH1704,CCFX,2335.8,2330.4,2336.4,340,238033980,9851,10063,2577.6,2109.2,2343.4,2338,0.0,2332,0.0,0,0,2017-04-19,34499600,2335.8,1,0,0,0,0,0,0,0,0,2336.0,3,0,0,0,0,0,0,0,0
464,2017-04-19,09:35:00,600,IH1704,CCFX,2335.8,2330.4,2336.4,341,238734720,9850,10063,2577.6,2109.2,2343.4,2338,0.0,2332,0.0,0,0,2017-04-19,34500600,2335.6,1,0,0,0,0,0,0,0,0,2336.0,3,0,0,0,0,0,0,0,0
465,2017-04-19,09:35:01,100,IH1704,CCFX,2336.2,2330.4,2336.4,345,241537980,9848,10063,2577.6,2109.2,2343.4,2338,0.0,2332,0.0,0,0,2017-04-19,34501100,2336.2,2,0,0,0,0,0,0,0,0,2336.8,2,0,0,0,0,0,0,0,0
466,2017-04-19,09:35:01,600,IH1704,CCFX,2336.2,2330.4,2336.4,345,241537980,9848,10063,2577.6,2109.2,2343.4,2338,0.0,2332,0.0,0,0,2017-04-19,34501600,2336.2,2,0,0,0,0,0,0,0,0,2336.6,3,0,0,0,0,0,0,0,0
467,2017-04-19,09:35:02,100,IH1704,CCFX,2336.2,2330.4,2336.4,345,241537980,9848,10063,2577.6,2109.2,2343.4,2338,0.0,2332,0.0,0,0,2017-04-19,34502100,2336.2,2,0,0,0,0,0,0,0,0,2336.6,2,0,0,0,0,0,0,0,0
468,2017-04-19,09:35:02,600,IH1704,CCFX,2336.2,2330.4,2336.4,346,242238840,9847,10063,2577.6,2109.2,2343.4,2338,0.0,2332,0.0,0,0,2017-04-19,34502600,2336.2,1,0,0,0,0,0,0,0,0,2336.4,1,0,0,0,0,0,0,0,0
469,2017-04-19,09:35:03,100,IH1704,CCFX,2336.2,2330.4,2336.4,346,242238840,9847,10063,2577.6,2109.2,2343.4,2338,0.0,2332,0.0,0,0,2017-04-19,34503100,2336.2,1,0,0,0,0,0,0,0,0,2336.4,1,0,0,0,0,0,0,0,0
470,2017-04-19,09:35:04,100,IH1704,CCFX,2336.2,2330.4,2336.4,346,242238840,9847,10063,2577.6,2109.2,2343.4,2338,0.0,2332,0.0,0,0,2017-04-19,34504100,2336.2,1,0,0,0,0,0,0,0,0,2336.4,1,0,0,0,0,0,0,0,0
471,2017-04-19,09:35:05,100,IH1704,CCFX,2336.2,2330.4,2336.4,347,242939700,9847,10063,2577.6,2109.2,2343.4,2338,0.0,2332,0.0,0,0,2017-04-19,34505100,2335.8,1,0,0,0,0,0,0,0,0,2336.2,3,0,0,0,0,0,0,0,0
472,2017-04-19,09:35:05,600,IH1704,CCFX,2336.2,2330.4,2336.4,351,245743140,9843,10063,2577.6,2109.2,2343.4,2338,0.0,2332,0.0,0,0,2017-04-19,34505600,2335.8,1,0,0,0,0,0,0,0,0,2336.4,1,0,0,0,0,0,0,0,0
473,2017-04-19,09:35:06,100,IH1704,CCFX,2336.2,2330.4,2336.4,351,245743140,9843,10063,2577.6,2109.2,2343.4,2338,0.0,2332,0.0,0,0,2017-04-19,34506100,2336.2,2,0,0,0,0,0,0,0,0,2336.4,1,0,0,0,0,0,0,0,0
474,2017-04-19,09:35:06,600,IH1704,CCFX,2336.2,2330.4,2336.4,353,247144860,9842,10063,2577.6,2109.2,2343.4,2338,0.0,2332,0.0,0,0,2017-04-19,34506600,2335.8,1,0,0,0,0,0,0,0,0,2336.2,1,0,0,0,0,0,0,0,0
475,2017-04-19,09:35:07,100,IH1704,CCFX,2336.2,2330.4,2336.4,354,247845720,9841,10063,2577.6,2109.2,2343.4,2338,0.0,2332,0.0,0,0,2017-04-19,34507100,2335.8,1,0,0,0,0,0,0,0,0,2336.4,1,0,0,0,0,0,0,0,0
476,2017-04-19,09:35:07,600,IH1704,CCFX,2336.2,2330.4,2336.4,354,247845720,9841,10063,2577.6,2109.2,2343.4,2338,0.0,2332,0.0,0,0,2017-04-19,34507600,2335.8,1,0,0,0,0,0,0,0,0,2336.2,1,0,0,0,0,0,0,0,0
477,2017-04-19,09:35:08,100,IH1704,CCFX,2336.2,2330.4,2336.4,354,247845720,9841,10063,2577.6,2109.2,2343.4,2338,0.0,2332,0.0,0,0,2017-04-19,34508100,2335.8,1,0,0,0,0,0,0,0,0,2336.0,1,0,0,0,0,0,0,0,0
478,2017-04-19,09:35:08,600,IH1704,CCFX,2336.2,2330.4,2336.4,354,247845720,9841,10063,2577.6,2109.2,2343.4,2338,0.0,2332,0.0,0,0,2017-04-19,34508600,2335.8,1,0,0,0,0,0,0,0,0,2336.0,1,0,0,0,0,0,0,0,0
479,2017-04-19,09:35:09,100,IH1704,CCFX,2336.2,2330.4,2336.4,354,247845720,9841,10063,2577.6,2109.2,2343.4,2338,0.0,2332,0.0,0,0,2017-04-19,34509100,2335.8,1,0,0,0,0,0,0,0,0,2336.0,1,0,0,0,0,0,0,0,0
480,2017-04-19,09:35:10,100,IH1704,CCFX,2336.2,2330.4,2336.4,354,247845720,9841,10063,2577.6,2109.2,2343.4,2338,0.0,2332,0.0,0,0,2017-04-19,34510100,2335.8,1,0,0,0,0,0,0,0,0,2336.0,1,0,0,0,0,0,0,0,0
481,2017-04-19,09:35:11,100,IH1704,CCFX,2335.8,2330.4,2336.4,355,248546460,9841,10063,2577.6,2109.2,2343.4,2338,0.0,2332,0.0,0,0,2017-04-19,34511100,2335.4,1,0,0,0,0,0,0,0,0,2336.0,1,0,0,0,0,0,0,0,0
482,2017-04-19,09:35:11,600,IH1704,CCFX,2335.8,2330.4,2336.4,355,248546460,9841,10063,2577.6,2109.2,2343.4,2338,0.0,2332,0.0,0,0,2017-04-19,34511600,2335.4,1,0,0,0,0,0,0,0,0,2335.6,1,0,0,0,0,0,0,0,0
483,2017-04-19,09:35:12,100,IH1704,CCFX,2335.4,2330.4,2336.4,356,249247080,9840,10063,2577.6,2109.2,2343.4,2338,0.0,2332,0.0,0,0,2017-04-19,34512100,2335.2,3,0,0,0,0,0,0,0,0,2335.6,1,0,0,0,0,0,0,0,0
484,2017-04-19,09:35:13,100,IH1704,CCFX,2335.2,2330.4,2336.4,358,250648200,9838,10063,2577.6,2109.2,2343.4,2338,0.0,2332,0.0,0,0,2017-04-19,34513100,2335.2,1,0,0,0,0,0,0,0,0,2335.6,1,0,0,0,0,0,0,0,0
485,2017-04-19,09:35:13,600,IH1704,CCFX,2335.2,2330.4,2336.4,359,251348760,9837,10063,2577.6,2109.2,2343.4,2338,0.0,2332,0.0,0,0,2017-04-19,34513600,2335.0,2,0,0,0,0,0,0,0,0,2335.2,1,0,0,0,0,0,0,0,0
486,2017-04-19,09:35:14,100,IH1704,CCFX,2335.2,2330.4,2336.4,359,251348760,9837,10063,2577.6,2109.2,2343.4,2338,0.0,2332,0.0,0,0,2017-04-19,34514100,2335.2,1,0,0,0,0,0,0,0,0,2335.4,1,0,0,0,0,0,0,0,0
487,2017-04-19,09:35:14,600,IH1704,CCFX,2334.8,2330.4,2336.4,363,254150760,9834,10063,2577.6,2109.2,2343.4,2338,0.0,2332,0.0,0,0,2017-04-19,34514600,2334.6,2,0,0,0,0,0,0,0,0,2335.2,1,0,0,0,0,0,0,0,0
488,2017-04-19,09:35:15,100,IH1704,CCFX,2334.8,2330.4,2336.4,363,254150760,9834,10063,2577.6,2109.2,2343.4,2338,0.0,2332,0.0,0,0,2017-04-19,34515100,2334.8,1,0,0,0,0,0,0,0,0,2335.2,1,0,0,0,0,0,0,0,0
489,2017-04-19,09:35:15,600,IH1704,CCFX,2334.8,2330.4,2336.4,363,254150760,9834,10063,2577.6,2109.2,2343.4,2338,0.0,2332,0.0,0,0,2017-04-19,34515600,2334.8,1,0,0,0,0,0,0,0,0,2335.2,1,0,0,0,0,0,0,0,0
490,2017-04-19,09:35:17,600,IH1704,CCFX,2334.8,2330.4,2336.4,363,254150760,9834,10063,2577.6,2109.2,2343.4,2338,0.0,2332,0.0,0,0,2017-04-19,34517600,2334.8,1,0,0,0,0,0,0,0,0,2335.0,1,0,0,0,0,0,0,0,0
491,2017-04-19,09:35:18,100,IH1704,CCFX,2334.8,2330.4,2336.4,363,254150760,9834,10063,2577.6,2109.2,2343.4,2338,0.0,2332,0.0,0,0,2017-04-19,34518100,2334.8,2,0,0,0,0,0,0,0,0,2335.0,1,0,0,0,0,0,0,0,0
492,2017-04-19,09:35:18,600,IH1704,CCFX,2335.0,2330.4,2336.4,364,254851260,9833,10063,2577.6,2109.2,2343.4,2338,0.0,2332,0.0,0,0,2017-04-19,34518600,2335.0,1,0,0,0,0,0,0,0,0,2335.4,1,0,0,0,0,0,0,0,0
493,2017-04-19,09:35:19,100,IH1704,CCFX,2335.0,2330.4,2336.4,364,254851260,9833,10063,2577.6,2109.2,2343.4,2338,0.0,2332,0.0,0,0,2017-04-19,34519100,2335.0,1,0,0,0,0,0,0,0,0,2335.2,1,0,0,0,0,0,0,0,0
494,2017-04-19,09:35:19,600,IH1704,CCFX,2335.0,2330.4,2336.4,364,254851260,9833,10063,2577.6,2109.2,2343.4,2338,0.0,2332,0.0,0,0,2017-04-19,34519600,2334.8,2,0,0,0,0,0,0,0,0,2335.2,1,0,0,0,0,0,0,0,0
495,2017-04-19,09:35:20,100,IH1704,CCFX,2335.0,2330.4,2336.4,364,254851260,9833,10063,2577.6,2109.2,2343.4,2338,0.0,2332,0.0,0,0,2017-04-19,34520100,2334.8,2,0,0,0,0,0,0,0,0,2335.2,1,0,0,0,0,0,0,0,0
496,2017-04-19,09:35:20,600,IH1704,CCFX,2335.0,2330.4,2336.4,364,254851260,9833,10063,2577.6,2109.2,2343.4,2338,0.0,2332,0.0,0,0,2017-04-19,34520600,2334.8,2,0,0,0,0,0,0,0,0,2335.2,1,0,0,0,0,0,0,0,0
497,2017-04-19,09:35:22,100,IH1704,CCFX,2335.2,2330.4,2336.4,365,255551820,9832,10063,2577.6,2109.2,2343.4,2338,0.0,2332,0.0,0,0,2017-04-19,34522100,2334.8,2,0,0,0,0,0,0,0,0,2335.4,1,0,0,0,0,0,0,0,0
498,2017-04-19,09:35:22,600,IH1704,CCFX,2335.2,2330.4,2336.4,365,255551820,9832,10063,2577.6,2109.2,2343.4,2338,0.0,2332,0.0,0,0,2017-04-19,34522600,2335.0,1,0,0,0,0,0,0,0,0,2335.4,1,0,0,0,0,0,0,0,0
499,2017-04-19,09:35:24,600,IH1704,CCFX,2335.0,2330.4,2336.4,366,256252320,9831,10063,2577.6,2109.2,2343.4,2338,0.0,2332,0.0,0,0,2017-04-19,34524600,2334.8,6,0,0,0,0,0,0,0,0,2335.4,1,0,0,0,0,0,0,0,0
500,2017-04-19,09:35:25,100,IH1704,CCFX,2335.2,2330.4,2336.4,367,256952880,9830,10063,2577.6,2109.2,2343.4,2338,0.0,2332,0.0,0,0,2017-04-19,34525100,2335.0,2,0,0,0,0,0,0,0,0,2335.2,1,0,0,0,0,0,0,0,0
