,dataDate,dataTime,dataMillisec,instrumentID,exchangeCD,lastPrice,lowPrice,highPrice,volume,value,openInterest,preOpenInterest,upperLimitPrice,lowerLimitPrice,preSettlementPrice,prevClosePrice,settlementPrice,openPrice,closePrice,preDelta,currDelta,clearingDay,milliSecOffset,bidPrice1,bidVolume1,bidPrice2,bidVolume2,bidPrice3,bidVolume3,bidPrice4,bidVolume4,bidPrice5,bidVolume5,askPrice1,askVolume1,askPrice2,askVolume2,askPrice3,askVolume3,askPrice4,askVolume4,askPrice5,askVolume5
0,2017-04-19,08:59:00,311,jd1709,XDCE,3850,3850,3850,790,30415000,172646,172356,4088,3700,3894,3879,0,3850,0,0,0,2017-04-19,32340311,3848,9,0,0,0,0,0,0,0,0,3850,7,0,0,0,0,0,0,0,0
1,2017-04-19,09:00:00,352,jd1709,XDCE,3850,3850,3850,820,31570000,172656,172356,4088,3700,3894,3879,0,3850,0,0,0,2017-04-19,32400352,3849,1,0,0,0,0,0,0,0,0,3850,2,0,0,0,0,0,0,0,0
2,2017-04-19,09:00:00,859,jd1709,XDCE,3848,3846,3852,1430,55044740,172788,172356,4088,3700,3894,3879,0,3850,0,0,0,2017-04-19,32400859,3846,2,0,0,0,0,0,0,0,0,3848,20,0,0,0,0,0,0,0,0
3,2017-04-19,09:00:01,362,jd1709,XDCE,3848,3843,3852,1710,65817020,172724,172356,4088,3700,3894,3879,0,3850,0,0,0,2017-04-19,32401362,3848,4,0,0,0,0,0,0,0,0,3850,22,0,0,0,0,0,0,0,0
4,2017-04-19,09:00:01,857,jd1709,XDCE,3849,3843,3852,1908,73434080,172774,172356,4088,3700,3894,3879,0,3850,0,0,0,2017-04-19,32401857,3846,1,0,0,0,0,0,0,0,0,3849,10,0,0,0,0,0,0,0,0
5,2017-04-19,09:00:02,363,jd1709,XDCE,3851,3843,3852,2014,77514400,172780,172356,4088,3700,3894,3879,0,3850,0,0,0,2017-04-19,32402363,3850,2,0,0,0,0,0,0,0,0,3852,1,0,0,0,0,0,0,0,0
6,2017-04-19,09:00:02,860,jd1709,XDCE,3850,3843,3854,2206,84905480,172780,172356,4088,3700,3894,3879,0,3850,0,0,0,2017-04-19,32402860,3850,26,0,0,0,0,0,0,0,0,3852,5,0,0,0,0,0,0,0,0
7,2017-04-19,09:00:03,355,jd1709,XDCE,3857,3843,3857,2364,90992020,172728,172356,4088,3700,3894,3879,0,3850,0,0,0,2017-04-19,32403355,3852,14,0,0,0,0,0,0,0,0,3857,10,0,0,0,0,0,0,0,0
8,2017-04-19,09:00:03,847,jd1709,XDCE,3852,3843,3857,2584,99467140,172774,172356,4088,3700,3894,3879,0,3850,0,0,0,2017-04-19,32403847,3853,22,0,0,0,0,0,0,0,0,3855,3,0,0,0,0,0,0,0,0
9,2017-04-19,09:00:04,355,jd1709,XDCE,3854,3843,3857,2648,101933100,172788,172356,4088,3700,3894,3879,0,3850,0,0,0,2017-04-19,32404355,3854,15,0,0,0,0,0,0,0,0,3855,2,0,0,0,0,0,0,0,0
10,2017-04-19,09:00:04,857,jd1709,XDCE,3855,3843,3857,2670,102781160,172770,172356,4088,3700,3894,3879,0,3850,0,0,0,2017-04-19,32404857,3855,21,0,0,0,0,0,0,0,0,3856,6,0,0,0,0,0,0,0,0
11,2017-04-19,09:00:05,354,jd1709,XDCE,3855,3843,3857,2760,106250820,172762,172356,4088,3700,3894,3879,0,3850,0,0,0,2017-04-19,32405354,3854,12,0,0,0,0,0,0,0,0,3855,7,0,0,0,0,0,0,0,0
12,2017-04-19,09:00:05,862,jd1709,XDCE,3853,3843,3857,2802,107869320,172778,172356,4088,3700,3894,3879,0,3850,0,0,0,2017-04-19,32405862,3853,3,0,0,0,0,0,0,0,0,3855,1,0,0,0,0,0,0,0,0
13,2017-04-19,09:00:06,350,jd1709,XDCE,3854,3843,3857,2820,108562940,172784,172356,4088,3700,3894,3879,0,3850,0,0,0,2017-04-19,32406350,3853,3,0,0,0,0,0,0,0,0,3854,14,0,0,0,0,0,0,0,0
14,2017-04-19,09:00:06,856,jd1709,XDCE,3854,3843,3857,2834,109102500,172774,172356,4088,3700,3894,3879,0,3850,0,0,0,2017-04-19,32406856,3853,8,0,0,0,0,0,0,0,0,3854,7,0,0,0,0,0,0,0,0
15,2017-04-19,09:00:07,352,jd1709,XDCE,3856,3843,3857,2862,110181820,172774,172356,4088,3700,3894,3879,0,3850,0,0,0,2017-04-19,32407352,3854,9,0,0,0,0,0,0,0,0,3856,7,0,0,0,0,0,0,0,0
16,2017-04-19,09:00:07,850,jd1709,XDCE,3854,3843,3857,2890,111260940,172784,172356,4088,3700,3894,3879,0,3850,0,0,0,2017-04-19,32407850,3853,18,0,0,0,0,0,0,0,0,3854,6,0,0,0,0,0,0,0,0
17,2017-04-19,09:00:08,348,jd1709,XDCE,3857,3843,3857,2922,112494440,172788,172356,4088,3700,3894,3879,0,3850,0,0,0,2017-04-19,32408348,3855,2,0,0,0,0,0,0,0,0,3857,12,0,0,0,0,0,0,0,0
18,2017-04-19,09:00:08,817,jd1709,XDCE,3857,3843,3857,2924,112571580,172786,172356,4088,3700,3894,3879,0,3850,0,0,0,2017-04-19,32408817,3856,20,0,0,0,0,0,0,0,0,3857,11,0,0,0,0,0,0,0,0
19,2017-04-19,09:00:09,353,jd1709,XDCE,3857,3843,3857,2984,114885220,172726,172356,4088,3700,3894,3879,0,3850,0,0,0,2017-04-19,32409353,3855,8,0,0,0,0,0,0,0,0,3857,9,0,0,0,0,0,0,0,0
20,2017-04-19,09:00:09,848,jd1709,XDCE,3855,3843,3857,3008,115810460,172734,172356,4088,3700,3894,3879,0,3850,0,0,0,2017-04-19,32409848,3855,5,0,0,0,0,0,0,0,0,3857,8,0,0,0,0,0,0,0,0
21,2017-04-19,09:00:10,332,jd1709,XDCE,3857,3843,3858,3066,118047580,172692,172356,4088,3700,3894,3879,0,3850,0,0,0,2017-04-19,32410332,3857,14,0,0,0,0,0,0,0,0,3858,27,0,0,0,0,0,0,0,0
22,2017-04-19,09:00:10,855,jd1709,XDCE,3859,3843,3859,3128,120439580,172718,172356,4088,3700,3894,3879,0,3850,0,0,0,2017-04-19,32410855,3859,1,0,0,0,0,0,0,0,0,3860,75,0,0,0,0,0,0,0,0
23,2017-04-19,09:00:11,355,jd1709,XDCE,3860,3843,3860,3200,123218540,172710,172356,4088,3700,3894,3879,0,3850,0,0,0,2017-04-19,32411355,3859,3,0,0,0,0,0,0,0,0,3860,51,0,0,0,0,0,0,0,0
24,2017-04-19,09:00:11,826,jd1709,XDCE,3860,3843,3860,3216,123836140,172710,172356,4088,3700,3894,3879,0,3850,0,0,0,2017-04-19,32411826,3859,40,0,0,0,0,0,0,0,0,3860,55,0,0,0,0,0,0,0,0
25,2017-04-19,09:00:12,354,jd1709,XDCE,3860,3843,3860,3354,129162580,172810,172356,4088,3700,3894,3879,0,3850,0,0,0,2017-04-19,32412354,3859,27,0,0,0,0,0,0,0,0,3860,4,0,0,0,0,0,0,0,0
26,2017-04-19,09:00:12,851,jd1709,XDCE,3861,3843,3862,3374,129934760,172810,172356,4088,3700,3894,3879,0,3850,0,0,0,2017-04-19,32412851,3861,8,0,0,0,0,0,0,0,0,3863,5,0,0,0,0,0,0,0,0
27,2017-04-19,09:00:13,350,jd1709,XDCE,3861,3843,3862,3376,130011980,172810,172356,4088,3700,3894,3879,0,3850,0,0,0,2017-04-19,32413350,3861,8,0,0,0,0,0,0,0,0,3863,5,0,0,0,0,0,0,0,0
28,2017-04-19,09:00:13,852,jd1709,XDCE,3863,3843,3863,3388,130475540,172800,172356,4088,3700,3894,3879,0,3850,0,0,0,2017-04-19,32413852,3861,3,0,0,0,0,0,0,0,0,3863,6,0,0,0,0,0,0,0,0
29,2017-04-19,09:00:14,354,jd1709,XDCE,3861,3843,3864,3420,131711660,172774,172356,4088,3700,3894,3879,0,3850,0,0,0,2017-04-19,32414354,3861,18,0,0,0,0,0,0,0,0,3864,5,0,0,0,0,0,0,0,0
30,2017-04-19,09:00:14,859,jd1709,XDCE,3861,3843,3864,3422,131788880,172774,172356,4088,3700,3894,3879,0,3850,0,0,0,2017-04-19,32414859,3861,68,0,0,0,0,0,0,0,0,3863,1,0,0,0,0,0,0,0,0
31,2017-04-19,09:00:15,361,jd1709,XDCE,3862,3843,3864,3508,135110340,172712,172356,4088,3700,3894,3879,0,3850,0,0,0,2017-04-19,32415361,3862,7,0,0,0,0,0,0,0,0,3865,20,0,0,0,0,0,0,0,0
32,2017-04-19,09:00:15,818,jd1709,XDCE,3863,3843,3865,3528,135883180,172704,172356,4088,3700,3894,3879,0,3850,0,0,0,2017-04-19,32415818,3863,3,0,0,0,0,0,0,0,0,3865,18,0,0,0,0,0,0,0,0
33,2017-04-19,09:00:16,317,jd1709,XDCE,3863,3843,3865,3574,137660680,172662,172356,4088,3700,3894,3879,0,3850,0,0,0,2017-04-19,32416317,3861,24,0,0,0,0,0,0,0,0,3863,2,0,0,0,0,0,0,0,0
34,2017-04-19,09:00:16,859,jd1709,XDCE,3863,3843,3865,3592,138355820,172666,172356,4088,3700,3894,3879,0,3850,0,0,0,2017-04-19,32416859,3861,21,0,0,0,0,0,0,0,0,3863,1,0,0,0,0,0,0,0,0
35,2017-04-19,09:00:17,352,jd1709,XDCE,3863,3843,3865,3594,138433080,172664,172356,4088,3700,3894,3879,0,3850,0,0,0,2017-04-19,32417352,3863,3,0,0,0,0,0,0,0,0,3864,29,0,0,0,0,0,0,0,0
36,2017-04-19,09:00:17,863,jd1709,XDCE,3862,3843,3865,3630,139823860,172636,172356,4088,3700,3894,3879,0,3850,0,0,0,2017-04-19,32417863,3862,5,0,0,0,0,0,0,0,0,3863,1,0,0,0,0,0,0,0,0
37,2017-04-19,09:00:18,359,jd1709,XDCE,3866,3843,3866,3726,143533140,172606,172356,4088,3700,3894,3879,0,3850,0,0,0,2017-04-19,32418359,3864,3,0,0,0,0,0,0,0,0,3867,2,0,0,0,0,0,0,0,0
38,2017-04-19,09:00:18,855,jd1709,XDCE,3864,3843,3867,3734,143842380,172604,172356,4088,3700,3894,3879,0,3850,0,0,0,2017-04-19,32418855,3864,1,0,0,0,0,0,0,0,0,3868,11,0,0,0,0,0,0,0,0
39,2017-04-19,09:00:19,362,jd1709,XDCE,3864,3843,3867,3760,144846940,172604,172356,4088,3700,3894,3879,0,3850,0,0,0,2017-04-19,32419362,3864,3,0,0,0,0,0,0,0,0,3865,5,0,0,0,0,0,0,0,0
40,2017-04-19,09:00:19,854,jd1709,XDCE,3864,3843,3867,3770,145233340,172596,172356,4088,3700,3894,3879,0,3850,0,0,0,2017-04-19,32419854,3863,32,0,0,0,0,0,0,0,0,3864,2,0,0,0,0,0,0,0,0
41,2017-04-19,09:00:20,286,jd1709,XDCE,3864,3843,3867,3786,145851580,172606,172356,4088,3700,3894,3879,0,3850,0,0,0,2017-04-19,32420286,3864,2,0,0,0,0,0,0,0,0,3865,6,0,0,0,0,0,0,0,0
42,2017-04-19,09:00:20,786,jd1709,XDCE,3864,3843,3867,3810,146778780,172612,172356,4088,3700,3894,3879,0,3850,0,0,0,2017-04-19,32420786,3863,29,0,0,0,0,0,0,0,0,3864,1,0,0,0,0,0,0,0,0
43,2017-04-19,09:00:21,333,jd1709,XDCE,3863,3843,3867,3832,147628840,172628,172356,4088,3700,3894,3879,0,3850,0,0,0,2017-04-19,32421333,3863,27,0,0,0,0,0,0,0,0,3864,1,0,0,0,0,0,0,0,0
44,2017-04-19,09:00:21,852,jd1709,XDCE,3864,3843,3867,3852,148401520,172634,172356,4088,3700,3894,3879,0,3850,0,0,0,2017-04-19,32421852,3863,22,0,0,0,0,0,0,0,0,3865,11,0,0,0,0,0,0,0,0
45,2017-04-19,09:00:22,321,jd1709,XDCE,3865,3843,3867,3860,148710680,172634,172356,4088,3700,3894,3879,0,3850,0,0,0,2017-04-19,32422321,3864,8,0,0,0,0,0,0,0,0,3865,12,0,0,0,0,0,0,0,0
46,2017-04-19,09:00:22,855,jd1709,XDCE,3864,3843,3867,3962,152652280,172550,172356,4088,3700,3894,3879,0,3850,0,0,0,2017-04-19,32422855,3863,23,0,0,0,0,0,0,0,0,3865,3,0,0,0,0,0,0,0,0
47,2017-04-19,09:00:23,349,jd1709,XDCE,3864,3843,3867,3984,153502160,172570,172356,4088,3700,3894,3879,0,3850,0,0,0,2017-04-19,32423349,3863,13,0,0,0,0,0,0,0,0,3864,9,0,0,0,0,0,0,0,0
48,2017-04-19,09:00:23,813,jd1709,XDCE,3863,3843,3867,3990,153733960,172574,172356,4088,3700,3894,3879,0,3850,0,0,0,2017-04-19,32423813,3863,11,0,0,0,0,0,0,0,0,3864,10,0,0,0,0,0,0,0,0
49,2017-04-19,09:00:24,303,jd1709,XDCE,3863,3843,3867,4032,155356280,172592,172356,4088,3700,3894,3879,0,3850,0,0,0,2017-04-19,32424303,3862,4,0,0,0,0,0,0,0,0,3863,11,0,0,0,0,0,0,0,0
50,2017-04-19,09:00:24,836,jd1709,XDCE,3863,3843,3867,4034,155433540,172590,172356,4088,3700,3894,3879,0,3850,0,0,0,2017-04-19,32424836,3862,4,0,0,0,0,0,0,0,0,3863,10,0,0,0,0,0,0,0,0
51,2017-04-19,09:00:25,351,jd1709,XDCE,3861,3843,3867,4062,156514700,172606,172356,4088,3700,3894,3879,0,3850,0,0,0,2017-04-19,32425351,3861,9,0,0,0,0,0,0,0,0,3862,5,0,0,0,0,0,0,0,0
52,2017-04-19,09:00:25,856,jd1709,XDCE,3860,3843,3867,4088,157518500,172608,172356,4088,3700,3894,3879,0,3850,0,0,0,2017-04-19,32425856,3860,17,0,0,0,0,0,0,0,0,3861,6,0,0,0,0,0,0,0,0
53,2017-04-19,09:00:26,347,jd1709,XDCE,3863,3843,3867,4156,160144540,172582,172356,4088,3700,3894,3879,0,3850,0,0,0,2017-04-19,32426347,3861,8,0,0,0,0,0,0,0,0,3862,2,0,0,0,0,0,0,0,0
54,2017-04-19,09:00:26,792,jd1709,XDCE,3864,3843,3867,4174,160839880,172590,172356,4088,3700,3894,3879,0,3850,0,0,0,2017-04-19,32426792,3861,7,0,0,0,0,0,0,0,0,3864,10,0,0,0,0,0,0,0,0
55,2017-04-19,09:00:27,179,jd1709,XDCE,3862,3843,3867,4182,161148840,172598,172356,4088,3700,3894,3879,0,3850,0,0,0,2017-04-19,32427179,3861,7,0,0,0,0,0,0,0,0,3862,1,0,0,0,0,0,0,0,0
56,2017-04-19,09:00:27,851,jd1709,XDCE,3861,3843,3867,4190,161457720,172596,172356,4088,3700,3894,3879,0,3850,0,0,0,2017-04-19,32427851,3861,7,0,0,0,0,0,0,0,0,3862,1,0,0,0,0,0,0,0,0
57,2017-04-19,09:00:28,336,jd1709,XDCE,3861,3843,3867,4206,162075480,172584,172356,4088,3700,3894,3879,0,3850,0,0,0,2017-04-19,32428336,3860,11,0,0,0,0,0,0,0,0,3861,11,0,0,0,0,0,0,0,0
58,2017-04-19,09:00:28,830,jd1709,XDCE,3861,3843,3867,4216,162461580,172574,172356,4088,3700,3894,3879,0,3850,0,0,0,2017-04-19,32428830,3860,14,0,0,0,0,0,0,0,0,3861,11,0,0,0,0,0,0,0,0
59,2017-04-19,09:00:29,319,jd1709,XDCE,3861,3843,3867,4222,162693220,172570,172356,4088,3700,3894,3879,0,3850,0,0,0,2017-04-19,32429319,3860,14,0,0,0,0,0,0,0,0,3861,9,0,0,0,0,0,0,0,0
60,2017-04-19,09:00:29,861,jd1709,XDCE,3861,3843,3867,4228,162924860,172568,172356,4088,3700,3894,3879,0,3850,0,0,0,2017-04-19,32429861,3860,14,0,0,0,0,0,0,0,0,3861,13,0,0,0,0,0,0,0,0
61,2017-04-19,09:00:30,314,jd1709,XDCE,3861,3843,3867,4238,163310900,172568,172356,4088,3700,3894,3879,0,3850,0,0,0,2017-04-19,32430314,3860,11,0,0,0,0,0,0,0,0,3861,21,0,0,0,0,0,0,0,0
62,2017-04-19,09:00:30,724,jd1709,XDCE,3861,3843,3867,4242,163465340,172570,172356,4088,3700,3894,3879,0,3850,0,0,0,2017-04-19,32430724,3860,11,0,0,0,0,0,0,0,0,3861,19,0,0,0,0,0,0,0,0
63,2017-04-19,09:00:31,342,jd1709,XDCE,3859,3843,3867,4302,165781040,172600,172356,4088,3700,3894,3879,0,3850,0,0,0,2017-04-19,32431342,3858,5,0,0,0,0,0,0,0,0,3859,9,0,0,0,0,0,0,0,0
64,2017-04-19,09:00:31,847,jd1709,XDCE,3859,3843,3867,4304,165858220,172602,172356,4088,3700,3894,3879,0,3850,0,0,0,2017-04-19,32431847,3858,3,0,0,0,0,0,0,0,0,3859,11,0,0,0,0,0,0,0,0
65,2017-04-19,09:00:32,144,jd1709,XDCE,3858,3843,3867,4306,165935380,172604,172356,4088,3700,3894,3879,0,3850,0,0,0,2017-04-19,32432144,3858,2,0,0,0,0,0,0,0,0,3859,12,0,0,0,0,0,0,0,0
66,2017-04-19,09:00:32,859,jd1709,XDCE,3858,3843,3867,4314,166244060,172604,172356,4088,3700,3894,3879,0,3850,0,0,0,2017-04-19,32432859,3857,37,0,0,0,0,0,0,0,0,3858,5,0,0,0,0,0,0,0,0
67,2017-04-19,09:00:33,241,jd1709,XDCE,3858,3843,3867,4326,166707020,172592,172356,4088,3700,3894,3879,0,3850,0,0,0,2017-04-19,32433241,3858,2,0,0,0,0,0,0,0,0,3859,11,0,0,0,0,0,0,0,0
68,2017-04-19,09:00:33,578,jd1709,XDCE,3858,3843,3867,4326,166707020,172592,172356,4088,3700,3894,3879,0,3850,0,0,0,2017-04-19,32433578,3858,3,0,0,0,0,0,0,0,0,3859,10,0,0,0,0,0,0,0,0
69,2017-04-19,09:00:34,362,jd1709,XDCE,3858,3843,3867,4358,167941740,172582,172356,4088,3700,3894,3879,0,3850,0,0,0,2017-04-19,32434362,3857,37,0,0,0,0,0,0,0,0,3858,4,0,0,0,0,0,0,0,0
70,2017-04-19,09:00:34,839,jd1709,XDCE,3858,3843,3867,4360,168018900,172582,172356,4088,3700,3894,3879,0,3850,0,0,0,2017-04-19,32434839,3857,37,0,0,0,0,0,0,0,0,3858,3,0,0,0,0,0,0,0,0
71,2017-04-19,09:00:35,358,jd1709,XDCE,3857,3843,3867,4364,168173180,172578,172356,4088,3700,3894,3879,0,3850,0,0,0,2017-04-19,32435358,3857,35,0,0,0,0,0,0,0,0,3858,3,0,0,0,0,0,0,0,0
72,2017-04-19,09:00:35,851,jd1709,XDCE,3859,3843,3867,4380,168790500,172578,172356,4088,3700,3894,3879,0,3850,0,0,0,2017-04-19,32435851,3857,34,0,0,0,0,0,0,0,0,3860,32,0,0,0,0,0,0,0,0
73,2017-04-19,09:00:36,358,jd1709,XDCE,3858,3843,3867,4388,169099140,172578,172356,4088,3700,3894,3879,0,3850,0,0,0,2017-04-19,32436358,3857,33,0,0,0,0,0,0,0,0,3860,32,0,0,0,0,0,0,0,0
74,2017-04-19,09:00:36,853,jd1709,XDCE,3858,3843,3867,4400,169562300,172568,172356,4088,3700,3894,3879,0,3850,0,0,0,2017-04-19,32436853,3858,9,0,0,0,0,0,0,0,0,3860,27,0,0,0,0,0,0,0,0
75,2017-04-19,09:00:37,351,jd1709,XDCE,3858,3843,3867,4400,169562300,172568,172356,4088,3700,3894,3879,0,3850,0,0,0,2017-04-19,32437351,3858,9,0,0,0,0,0,0,0,0,3859,13,0,0,0,0,0,0,0,0
76,2017-04-19,09:00:37,805,jd1709,XDCE,3858,3843,3867,4406,169793800,172568,172356,4088,3700,3894,3879,0,3850,0,0,0,2017-04-19,32437805,3858,12,0,0,0,0,0,0,0,0,3859,12,0,0,0,0,0,0,0,0
77,2017-04-19,09:00:38,312,jd1709,XDCE,3859,3843,3867,4418,170256780,172570,172356,4088,3700,3894,3879,0,3850,0,0,0,2017-04-19,32438312,3858,8,0,0,0,0,0,0,0,0,3859,11,0,0,0,0,0,0,0,0
78,2017-04-19,09:00:38,852,jd1709,XDCE,3859,3843,3867,4418,170256780,172570,172356,4088,3700,3894,3879,0,3850,0,0,0,2017-04-19,32438852,3858,11,0,0,0,0,0,0,0,0,3859,11,0,0,0,0,0,0,0,0
79,2017-04-19,09:00:39,351,jd1709,XDCE,3859,3843,3867,4448,171414160,172580,172356,4088,3700,3894,3879,0,3850,0,0,0,2017-04-19,32439351,3857,33,0,0,0,0,0,0,0,0,3859,3,0,0,0,0,0,0,0,0
80,2017-04-19,09:00:39,848,jd1709,XDCE,3859,3843,3867,4452,171568520,172578,172356,4088,3700,3894,3879,0,3850,0,0,0,2017-04-19,32439848,3857,35,0,0,0,0,0,0,0,0,3858,25,0,0,0,0,0,0,0,0
81,2017-04-19,09:00:40,304,jd1709,XDCE,3858,3843,3867,4466,172108520,172582,172356,4088,3700,3894,3879,0,3850,0,0,0,2017-04-19,32440304,3857,28,0,0,0,0,0,0,0,0,3858,24,0,0,0,0,0,0,0,0
82,2017-04-19,09:00:40,857,jd1709,XDCE,3858,3843,3867,4476,172494320,172572,172356,4088,3700,3894,3879,0,3850,0,0,0,2017-04-19,32440857,3857,29,0,0,0,0,0,0,0,0,3858,30,0,0,0,0,0,0,0,0
83,2017-04-19,09:00:41,358,jd1709,XDCE,3857,3843,3867,4666,179823420,172464,172356,4088,3700,3894,3879,0,3850,0,0,0,2017-04-19,32441358,3857,4,0,0,0,0,0,0,0,0,3859,19,0,0,0,0,0,0,0,0
84,2017-04-19,09:00:41,852,jd1709,XDCE,3857,3843,3867,4686,180594980,172466,172356,4088,3700,3894,3879,0,3850,0,0,0,2017-04-19,32441852,3857,1,0,0,0,0,0,0,0,0,3858,21,0,0,0,0,0,0,0,0
85,2017-04-19,09:00:42,359,jd1709,XDCE,3856,3843,3867,4704,181289360,172458,172356,4088,3700,3894,3879,0,3850,0,0,0,2017-04-19,32442359,3856,3,0,0,0,0,0,0,0,0,3857,6,0,0,0,0,0,0,0,0
86,2017-04-19,09:00:42,852,jd1709,XDCE,3856,3843,3867,4714,181674980,172456,172356,4088,3700,3894,3879,0,3850,0,0,0,2017-04-19,32442852,3855,13,0,0,0,0,0,0,0,0,3856,6,0,0,0,0,0,0,0,0
87,2017-04-19,09:00:43,328,jd1709,XDCE,3857,3843,3867,4732,182369120,172460,172356,4088,3700,3894,3879,0,3850,0,0,0,2017-04-19,32443328,3856,3,0,0,0,0,0,0,0,0,3857,8,0,0,0,0,0,0,0,0
88,2017-04-19,09:00:43,778,jd1709,XDCE,3857,3843,3867,4752,183140500,172452,172356,4088,3700,3894,3879,0,3850,0,0,0,2017-04-19,32443778,3857,3,0,0,0,0,0,0,0,0,3858,18,0,0,0,0,0,0,0,0
89,2017-04-19,09:00:44,352,jd1709,XDCE,3858,3843,3867,4788,184529360,172434,172356,4088,3700,3894,3879,0,3850,0,0,0,2017-04-19,32444352,3857,11,0,0,0,0,0,0,0,0,3859,19,0,0,0,0,0,0,0,0
90,2017-04-19,09:00:44,811,jd1709,XDCE,3857,3843,3867,4794,184760780,172434,172356,4088,3700,3894,3879,0,3850,0,0,0,2017-04-19,32444811,3857,8,0,0,0,0,0,0,0,0,3859,13,0,0,0,0,0,0,0,0
91,2017-04-19,09:00:45,347,jd1709,XDCE,3858,3843,3867,4814,185532200,172434,172356,4088,3700,3894,3879,0,3850,0,0,0,2017-04-19,32445347,3857,12,0,0,0,0,0,0,0,0,3858,9,0,0,0,0,0,0,0,0
92,2017-04-19,09:00:45,829,jd1709,XDCE,3858,3843,3867,4816,185609360,172434,172356,4088,3700,3894,3879,0,3850,0,0,0,2017-04-19,32445829,3857,12,0,0,0,0,0,0,0,0,3858,8,0,0,0,0,0,0,0,0
93,2017-04-19,09:00:46,298,jd1709,XDCE,3858,3843,3867,4816,185609360,172434,172356,4088,3700,3894,3879,0,3850,0,0,0,2017-04-19,32446298,3857,13,0,0,0,0,0,0,0,0,3858,19,0,0,0,0,0,0,0,0
94,2017-04-19,09:00:46,764,jd1709,XDCE,3857,3843,3867,4828,186072220,172434,172356,4088,3700,3894,3879,0,3850,0,0,0,2017-04-19,32446764,3857,13,0,0,0,0,0,0,0,0,3858,18,0,0,0,0,0,0,0,0
95,2017-04-19,09:00:47,233,jd1709,XDCE,3857,3843,3867,4854,187075040,172444,172356,4088,3700,3894,3879,0,3850,0,0,0,2017-04-19,32447233,3856,37,0,0,0,0,0,0,0,0,3857,47,0,0,0,0,0,0,0,0
96,2017-04-19,09:00:47,840,jd1709,XDCE,3856,3843,3867,4866,187537780,172436,172356,4088,3700,3894,3879,0,3850,0,0,0,2017-04-19,32447840,3856,37,0,0,0,0,0,0,0,0,3857,52,0,0,0,0,0,0,0,0
97,2017-04-19,09:00:48,356,jd1709,XDCE,3856,3843,3867,4880,188077620,172434,172356,4088,3700,3894,3879,0,3850,0,0,0,2017-04-19,32448356,3856,30,0,0,0,0,0,0,0,0,3857,53,0,0,0,0,0,0,0,0
98,2017-04-19,09:00:48,852,jd1709,XDCE,3856,3843,3867,4942,190468340,172430,172356,4088,3700,3894,3879,0,3850,0,0,0,2017-04-19,32448852,3855,16,0,0,0,0,0,0,0,0,3856,8,0,0,0,0,0,0,0,0
99,2017-04-19,09:00:49,360,jd1709,XDCE,3854,3843,3867,4968,191470580,172428,172356,4088,3700,3894,3879,0,3850,0,0,0,2017-04-19,32449360,3854,18,0,0,0,0,0,0,0,0,3855,28,0,0,0,0,0,0,0,0
100,2017-04-19,09:00:49,861,jd1709,XDCE,3853,3843,3867,5022,193551680,172424,172356,4088,3700,3894,3879,0,3850,0,0,0,2017-04-19,32449861,3853,11,0,0,0,0,0,0,0,0,3856,80,0,0,0,0,0,0,0,0
101,2017-04-19,09:00:50,358,jd1709,XDCE,3854,3843,3867,5118,197252400,172364,172356,4088,3700,3894,3879,0,3850,0,0,0,2017-04-19,32450358,3853,14,0,0,0,0,0,0,0,0,3854,15,0,0,0,0,0,0,0,0
102,2017-04-19,09:00:50,857,jd1709,XDCE,3852,3843,3867,5222,201258980,172388,172356,4088,3700,3894,3879,0,3850,0,0,0,2017-04-19,32450857,3851,5,0,0,0,0,0,0,0,0,3852,8,0,0,0,0,0,0,0,0
103,2017-04-19,09:00:51,352,jd1709,XDCE,3851,3843,3867,5336,205648540,172430,172356,4088,3700,3894,3879,0,3850,0,0,0,2017-04-19,32451352,3851,25,0,0,0,0,0,0,0,0,3852,5,0,0,0,0,0,0,0,0
104,2017-04-19,09:00:51,855,jd1709,XDCE,3851,3843,3867,5626,216814740,172446,172356,4088,3700,3894,3879,0,3850,0,0,0,2017-04-19,32451855,3850,27,0,0,0,0,0,0,0,0,3851,36,0,0,0,0,0,0,0,0
105,2017-04-19,09:00:52,347,jd1709,XDCE,3850,3843,3867,5706,219894520,172434,172356,4088,3700,3894,3879,0,3850,0,0,0,2017-04-19,32452347,3849,37,0,0,0,0,0,0,0,0,3850,12,0,0,0,0,0,0,0,0
106,2017-04-19,09:00:52,862,jd1709,XDCE,3844,3843,3867,5908,227665680,172486,172356,4088,3700,3894,3879,0,3850,0,0,0,2017-04-19,32452862,3844,7,0,0,0,0,0,0,0,0,3845,44,0,0,0,0,0,0,0,0
107,2017-04-19,09:00:53,360,jd1709,XDCE,3836,3836,3867,6654,256309020,172270,172356,4088,3700,3894,3879,0,3850,0,0,0,2017-04-19,32453360,3837,1,0,0,0,0,0,0,0,0,3838,2,0,0,0,0,0,0,0,0
108,2017-04-19,09:00:53,860,jd1709,XDCE,3838,3830,3867,7456,287076100,172254,172356,4088,3700,3894,3879,0,3850,0,0,0,2017-04-19,32453860,3838,6,0,0,0,0,0,0,0,0,3839,118,0,0,0,0,0,0,0,0
109,2017-04-19,09:00:54,354,jd1709,XDCE,3840,3830,3867,7784,299666960,172142,172356,4088,3700,3894,3879,0,3850,0,0,0,2017-04-19,32454354,3838,6,0,0,0,0,0,0,0,0,3840,29,0,0,0,0,0,0,0,0
110,2017-04-19,09:00:54,858,jd1709,XDCE,3840,3830,3867,7864,302738740,172116,172356,4088,3700,3894,3879,0,3850,0,0,0,2017-04-19,32454858,3839,1,0,0,0,0,0,0,0,0,3840,1,0,0,0,0,0,0,0,0
111,2017-04-19,09:00:55,362,jd1709,XDCE,3843,3830,3867,7914,304659180,172090,172356,4088,3700,3894,3879,0,3850,0,0,0,2017-04-19,32455362,3840,27,0,0,0,0,0,0,0,0,3843,9,0,0,0,0,0,0,0,0
112,2017-04-19,09:00:55,853,jd1709,XDCE,3840,3830,3867,7926,305120220,172092,172356,4088,3700,3894,3879,0,3850,0,0,0,2017-04-19,32455853,3840,29,0,0,0,0,0,0,0,0,3843,15,0,0,0,0,0,0,0,0
113,2017-04-19,09:00:56,353,jd1709,XDCE,3840,3830,3867,7956,306272340,172084,172356,4088,3700,3894,3879,0,3850,0,0,0,2017-04-19,32456353,3841,2,0,0,0,0,0,0,0,0,3842,5,0,0,0,0,0,0,0,0
114,2017-04-19,09:00:56,853,jd1709,XDCE,3839,3830,3867,7990,307578060,172072,172356,4088,3700,3894,3879,0,3850,0,0,0,2017-04-19,32456853,3839,4,0,0,0,0,0,0,0,0,3840,2,0,0,0,0,0,0,0,0
115,2017-04-19,09:00:57,352,jd1709,XDCE,3839,3830,3867,7998,307885180,172072,172356,4088,3700,3894,3879,0,3850,0,0,0,2017-04-19,32457352,3838,1,0,0,0,0,0,0,0,0,3839,18,0,0,0,0,0,0,0,0
116,2017-04-19,09:00:57,851,jd1709,XDCE,3840,3830,3867,8042,309574400,172068,172356,4088,3700,3894,3879,0,3850,0,0,0,2017-04-19,32457851,3838,1,0,0,0,0,0,0,0,0,3840,7,0,0,0,0,0,0,0,0
117,2017-04-19,09:00:58,352,jd1709,XDCE,3840,3830,3867,8070,310649640,172062,172356,4088,3700,3894,3879,0,3850,0,0,0,2017-04-19,32458352,3838,1,0,0,0,0,0,0,0,0,3840,13,0,0,0,0,0,0,0,0
118,2017-04-19,09:00:58,854,jd1709,XDCE,3838,3830,3867,8110,312184320,172068,172356,4088,3700,3894,3879,0,3850,0,0,0,2017-04-19,32458854,3833,13,0,0,0,0,0,0,0,0,3837,7,0,0,0,0,0,0,0,0
119,2017-04-19,09:00:59,353,jd1709,XDCE,3837,3830,3867,8122,312644700,172072,172356,4088,3700,3894,3879,0,3850,0,0,0,2017-04-19,32459353,3835,10,0,0,0,0,0,0,0,0,3837,6,0,0,0,0,0,0,0,0
120,2017-04-19,09:00:59,855,jd1709,XDCE,3838,3830,3867,8168,314409640,172094,172356,4088,3700,3894,3879,0,3850,0,0,0,2017-04-19,32459855,3837,44,0,0,0,0,0,0,0,0,3838,29,0,0,0,0,0,0,0,0
121,2017-04-19,09:01:00,318,jd1709,XDCE,3839,3830,3867,8252,317633780,172154,172356,4088,3700,3894,3879,0,3850,0,0,0,2017-04-19,32460318,3839,7,0,0,0,0,0,0,0,0,3840,103,0,0,0,0,0,0,0,0
122,2017-04-19,09:01:00,861,jd1709,XDCE,3840,3830,3867,8314,320014520,172172,172356,4088,3700,3894,3879,0,3850,0,0,0,2017-04-19,32460861,3839,4,0,0,0,0,0,0,0,0,3840,66,0,0,0,0,0,0,0,0
123,2017-04-19,09:01:01,355,jd1709,XDCE,3838,3830,3867,8398,323238840,172186,172356,4088,3700,3894,3879,0,3850,0,0,0,2017-04-19,32461355,3838,19,0,0,0,0,0,0,0,0,3839,18,0,0,0,0,0,0,0,0
124,2017-04-19,09:01:01,851,jd1709,XDCE,3839,3830,3867,8448,325157920,172188,172356,4088,3700,3894,3879,0,3850,0,0,0,2017-04-19,32461851,3838,2,0,0,0,0,0,0,0,0,3839,45,0,0,0,0,0,0,0,0
125,2017-04-19,09:01:02,350,jd1709,XDCE,3838,3830,3867,8466,325848860,172188,172356,4088,3700,3894,3879,0,3850,0,0,0,2017-04-19,32462350,3837,49,0,0,0,0,0,0,0,0,3838,7,0,0,0,0,0,0,0,0
126,2017-04-19,09:01:02,852,jd1709,XDCE,3838,3830,3867,8628,332067980,172084,172356,4088,3700,3894,3879,0,3850,0,0,0,2017-04-19,32462852,3838,8,0,0,0,0,0,0,0,0,3840,46,0,0,0,0,0,0,0,0
127,2017-04-19,09:01:03,352,jd1709,XDCE,3840,3830,3867,8750,336752040,172180,172356,4088,3700,3894,3879,0,3850,0,0,0,2017-04-19,32463352,3840,2,0,0,0,0,0,0,0,0,3841,25,0,0,0,0,0,0,0,0
128,2017-04-19,09:01:03,835,jd1709,XDCE,3840,3830,3867,8798,338595580,172218,172356,4088,3700,3894,3879,0,3850,0,0,0,2017-04-19,32463835,3839,8,0,0,0,0,0,0,0,0,3841,6,0,0,0,0,0,0,0,0
129,2017-04-19,09:01:04,359,jd1709,XDCE,3841,3830,3867,8832,339901300,172216,172356,4088,3700,3894,3879,0,3850,0,0,0,2017-04-19,32464359,3841,2,0,0,0,0,0,0,0,0,3842,11,0,0,0,0,0,0,0,0
130,2017-04-19,09:01:04,853,jd1709,XDCE,3841,3830,3867,8860,340977000,172192,172356,4088,3700,3894,3879,0,3850,0,0,0,2017-04-19,32464853,3841,15,0,0,0,0,0,0,0,0,3843,7,0,0,0,0,0,0,0,0
131,2017-04-19,09:01:05,350,jd1709,XDCE,3841,3830,3867,8864,341130640,172192,172356,4088,3700,3894,3879,0,3850,0,0,0,2017-04-19,32465350,3841,13,0,0,0,0,0,0,0,0,3843,16,0,0,0,0,0,0,0,0
132,2017-04-19,09:01:05,852,jd1709,XDCE,3843,3830,3867,8920,343282480,172186,172356,4088,3700,3894,3879,0,3850,0,0,0,2017-04-19,32465852,3843,13,0,0,0,0,0,0,0,0,3844,97,0,0,0,0,0,0,0,0
133,2017-04-19,09:01:06,352,jd1709,XDCE,3843,3830,3867,8948,344358520,172210,172356,4088,3700,3894,3879,0,3850,0,0,0,2017-04-19,32466352,3843,6,0,0,0,0,0,0,0,0,3844,96,0,0,0,0,0,0,0,0
134,2017-04-19,09:01:06,851,jd1709,XDCE,3842,3830,3867,8988,345895940,172216,172356,4088,3700,3894,3879,0,3850,0,0,0,2017-04-19,32466851,3842,4,0,0,0,0,0,0,0,0,3844,83,0,0,0,0,0,0,0,0
135,2017-04-19,09:01:07,360,jd1709,XDCE,3843,3830,3867,8996,346203380,172212,172356,4088,3700,3894,3879,0,3850,0,0,0,2017-04-19,32467360,3842,3,0,0,0,0,0,0,0,0,3843,3,0,0,0,0,0,0,0,0
136,2017-04-19,09:01:07,829,jd1709,XDCE,3844,3830,3867,9012,346818300,172196,172356,4088,3700,3894,3879,0,3850,0,0,0,2017-04-19,32467829,3842,13,0,0,0,0,0,0,0,0,3844,81,0,0,0,0,0,0,0,0
137,2017-04-19,09:01:08,342,jd1709,XDCE,3844,3830,3867,9024,347279540,172194,172356,4088,3700,3894,3879,0,3850,0,0,0,2017-04-19,32468342,3843,8,0,0,0,0,0,0,0,0,3844,105,0,0,0,0,0,0,0,0
138,2017-04-19,09:01:08,853,jd1709,XDCE,3842,3830,3867,9068,348970460,172166,172356,4088,3700,3894,3879,0,3850,0,0,0,2017-04-19,32468853,3842,12,0,0,0,0,0,0,0,0,3843,72,0,0,0,0,0,0,0,0
139,2017-04-19,09:01:09,354,jd1709,XDCE,3842,3830,3867,9128,351275880,172170,172356,4088,3700,3894,3879,0,3850,0,0,0,2017-04-19,32469354,3841,47,0,0,0,0,0,0,0,0,3842,4,0,0,0,0,0,0,0,0
140,2017-04-19,09:01:09,771,jd1709,XDCE,3842,3830,3867,9152,352197840,172186,172356,4088,3700,3894,3879,0,3850,0,0,0,2017-04-19,32469771,3842,62,0,0,0,0,0,0,0,0,3843,68,0,0,0,0,0,0,0,0
141,2017-04-19,09:01:10,300,jd1709,XDCE,3842,3830,3867,9156,352351520,172186,172356,4088,3700,3894,3879,0,3850,0,0,0,2017-04-19,32470300,3842,60,0,0,0,0,0,0,0,0,3843,69,0,0,0,0,0,0,0,0
142,2017-04-19,09:01:10,848,jd1709,XDCE,3842,3830,3867,9192,353734660,172186,172356,4088,3700,3894,3879,0,3850,0,0,0,2017-04-19,32470848,3842,43,0,0,0,0,0,0,0,0,3843,62,0,0,0,0,0,0,0,0
143,2017-04-19,09:01:11,349,jd1709,XDCE,3843,3830,3867,9280,357115760,172246,172356,4088,3700,3894,3879,0,3850,0,0,0,2017-04-19,32471349,3842,22,0,0,0,0,0,0,0,0,3843,55,0,0,0,0,0,0,0,0
144,2017-04-19,09:01:11,814,jd1709,XDCE,3843,3830,3867,9410,362111660,172340,172356,4088,3700,3894,3879,0,3850,0,0,0,2017-04-19,32471814,3843,11,0,0,0,0,0,0,0,0,3844,99,0,0,0,0,0,0,0,0
145,2017-04-19,09:01:12,352,jd1709,XDCE,3844,3830,3867,9600,369415240,172356,172356,4088,3700,3894,3879,0,3850,0,0,0,2017-04-19,32472352,3843,31,0,0,0,0,0,0,0,0,3844,5,0,0,0,0,0,0,0,0
146,2017-04-19,09:01:12,859,jd1709,XDCE,3846,3830,3867,9662,371799100,172330,172356,4088,3700,3894,3879,0,3850,0,0,0,2017-04-19,32472859,3846,29,0,0,0,0,0,0,0,0,3848,7,0,0,0,0,0,0,0,0
147,2017-04-19,09:01:13,352,jd1709,XDCE,3848,3830,3867,9704,373415080,172346,172356,4088,3700,3894,3879,0,3850,0,0,0,2017-04-19,32473352,3847,44,0,0,0,0,0,0,0,0,3849,25,0,0,0,0,0,0,0,0
148,2017-04-19,09:01:13,855,jd1709,XDCE,3849,3830,3867,9766,375801360,172348,172356,4088,3700,3894,3879,0,3850,0,0,0,2017-04-19,32473855,3849,6,0,0,0,0,0,0,0,0,3850,19,0,0,0,0,0,0,0,0
149,2017-04-19,09:01:14,352,jd1709,XDCE,3849,3830,3867,9794,376879060,172352,172356,4088,3700,3894,3879,0,3850,0,0,0,2017-04-19,32474352,3849,37,0,0,0,0,0,0,0,0,3850,19,0,0,0,0,0,0,0,0
150,2017-04-19,09:01:14,856,jd1709,XDCE,3849,3830,3867,9976,383884640,172336,172356,4088,3700,3894,3879,0,3850,0,0,0,2017-04-19,32474856,3848,9,0,0,0,0,0,0,0,0,3851,12,0,0,0,0,0,0,0,0
151,2017-04-19,09:01:15,351,jd1709,XDCE,3849,3830,3867,10014,385346840,172358,172356,4088,3700,3894,3879,0,3850,0,0,0,2017-04-19,32475351,3847,4,0,0,0,0,0,0,0,0,3850,30,0,0,0,0,0,0,0,0
152,2017-04-19,09:01:15,860,jd1709,XDCE,3847,3830,3867,10022,385654640,172360,172356,4088,3700,3894,3879,0,3850,0,0,0,2017-04-19,32475860,3847,1,0,0,0,0,0,0,0,0,3850,31,0,0,0,0,0,0,0,0
153,2017-04-19,09:01:16,351,jd1709,XDCE,3849,3830,3867,10044,386501220,172362,172356,4088,3700,3894,3879,0,3850,0,0,0,2017-04-19,32476351,3846,43,0,0,0,0,0,0,0,0,3848,5,0,0,0,0,0,0,0,0
154,2017-04-19,09:01:16,851,jd1709,XDCE,3846,3830,3867,10104,388808880,172394,172356,4088,3700,3894,3879,0,3850,0,0,0,2017-04-19,32476851,3846,14,0,0,0,0,0,0,0,0,3848,7,0,0,0,0,0,0,0,0
155,2017-04-19,09:01:17,359,jd1709,XDCE,3848,3830,3867,10124,389578160,172384,172356,4088,3700,3894,3879,0,3850,0,0,0,2017-04-19,32477359,3846,2,0,0,0,0,0,0,0,0,3848,31,0,0,0,0,0,0,0,0
156,2017-04-19,09:01:17,852,jd1709,XDCE,3847,3830,3867,10132,389885960,172376,172356,4088,3700,3894,3879,0,3850,0,0,0,2017-04-19,32477852,3846,3,0,0,0,0,0,0,0,0,3847,53,0,0,0,0,0,0,0,0
157,2017-04-19,09:01:18,347,jd1709,XDCE,3847,3830,3867,10152,390655200,172362,172356,4088,3700,3894,3879,0,3850,0,0,0,2017-04-19,32478347,3845,19,0,0,0,0,0,0,0,0,3847,19,0,0,0,0,0,0,0,0
158,2017-04-19,09:01:18,706,jd1709,XDCE,3847,3830,3867,10158,390886020,172358,172356,4088,3700,3894,3879,0,3850,0,0,0,2017-04-19,32478706,3845,22,0,0,0,0,0,0,0,0,3847,38,0,0,0,0,0,0,0,0
159,2017-04-19,09:01:19,348,jd1709,XDCE,3846,3830,3867,10216,393116300,172338,172356,4088,3700,3894,3879,0,3850,0,0,0,2017-04-19,32479348,3845,5,0,0,0,0,0,0,0,0,3847,40,0,0,0,0,0,0,0,0
160,2017-04-19,09:01:19,775,jd1709,XDCE,3847,3830,3867,10224,393423980,172336,172356,4088,3700,3894,3879,0,3850,0,0,0,2017-04-19,32479775,3845,3,0,0,0,0,0,0,0,0,3847,38,0,0,0,0,0,0,0,0
161,2017-04-19,09:01:20,188,jd1709,XDCE,3845,3830,3867,10234,393808600,172332,172356,4088,3700,3894,3879,0,3850,0,0,0,2017-04-19,32480188,3845,1,0,0,0,0,0,0,0,0,3847,34,0,0,0,0,0,0,0,0
162,2017-04-19,09:01:20,851,jd1709,XDCE,3844,3830,3867,10246,394269900,172334,172356,4088,3700,3894,3879,0,3850,0,0,0,2017-04-19,32480851,3844,23,0,0,0,0,0,0,0,0,3847,35,0,0,0,0,0,0,0,0
163,2017-04-19,09:01:21,354,jd1709,XDCE,3845,3830,3867,10286,395807900,172358,172356,4088,3700,3894,3879,0,3850,0,0,0,2017-04-19,32481354,3844,24,0,0,0,0,0,0,0,0,3845,10,0,0,0,0,0,0,0,0
164,2017-04-19,09:01:21,853,jd1709,XDCE,3849,3830,3867,10448,402039880,172276,172356,4088,3700,3894,3879,0,3850,0,0,0,2017-04-19,32481853,3847,5,0,0,0,0,0,0,0,0,3849,64,0,0,0,0,0,0,0,0
165,2017-04-19,09:01:22,329,jd1709,XDCE,3847,3830,3867,10460,402501520,172276,172356,4088,3700,3894,3879,0,3850,0,0,0,2017-04-19,32482329,3844,24,0,0,0,0,0,0,0,0,3847,14,0,0,0,0,0,0,0,0
166,2017-04-19,09:01:22,825,jd1709,XDCE,3847,3830,3867,10468,402809280,172282,172356,4088,3700,3894,3879,0,3850,0,0,0,2017-04-19,32482825,3845,16,0,0,0,0,0,0,0,0,3847,13,0,0,0,0,0,0,0,0
167,2017-04-19,09:01:23,351,jd1709,XDCE,3847,3830,3867,10486,403501660,172280,172356,4088,3700,3894,3879,0,3850,0,0,0,2017-04-19,32483351,3845,29,0,0,0,0,0,0,0,0,3847,6,0,0,0,0,0,0,0,0
168,2017-04-19,09:01:23,829,jd1709,XDCE,3845,3830,3867,10488,403578560,172278,172356,4088,3700,3894,3879,0,3850,0,0,0,2017-04-19,32483829,3845,31,0,0,0,0,0,0,0,0,3847,8,0,0,0,0,0,0,0,0
169,2017-04-19,09:01:24,348,jd1709,XDCE,3845,3830,3867,10512,404501480,172284,172356,4088,3700,3894,3879,0,3850,0,0,0,2017-04-19,32484348,3846,4,0,0,0,0,0,0,0,0,3847,5,0,0,0,0,0,0,0,0
170,2017-04-19,09:01:24,853,jd1709,XDCE,3845,3830,3867,10536,405424280,172286,172356,4088,3700,3894,3879,0,3850,0,0,0,2017-04-19,32484853,3845,10,0,0,0,0,0,0,0,0,3847,20,0,0,0,0,0,0,0,0
171,2017-04-19,09:01:25,352,jd1709,XDCE,3845,3830,3867,10544,405731920,172286,172356,4088,3700,3894,3879,0,3850,0,0,0,2017-04-19,32485352,3845,10,0,0,0,0,0,0,0,0,3847,19,0,0,0,0,0,0,0,0
172,2017-04-19,09:01:25,856,jd1709,XDCE,3846,3830,3867,10618,408578600,172268,172356,4088,3700,3894,3879,0,3850,0,0,0,2017-04-19,32485856,3845,10,0,0,0,0,0,0,0,0,3846,15,0,0,0,0,0,0,0,0
173,2017-04-19,09:01:26,338,jd1709,XDCE,3846,3830,3867,10636,409270780,172270,172356,4088,3700,3894,3879,0,3850,0,0,0,2017-04-19,32486338,3845,5,0,0,0,0,0,0,0,0,3846,12,0,0,0,0,0,0,0,0
174,2017-04-19,09:01:26,826,jd1709,XDCE,3846,3830,3867,10640,409424600,172272,172356,4088,3700,3894,3879,0,3850,0,0,0,2017-04-19,32486826,3845,4,0,0,0,0,0,0,0,0,3846,12,0,0,0,0,0,0,0,0
175,2017-04-19,09:01:27,285,jd1709,XDCE,3845,3830,3867,10664,410347420,172284,172356,4088,3700,3894,3879,0,3850,0,0,0,2017-04-19,32487285,3844,18,0,0,0,0,0,0,0,0,3845,24,0,0,0,0,0,0,0,0
176,2017-04-19,09:01:27,851,jd1709,XDCE,3844,3830,3867,10668,410501180,172288,172356,4088,3700,3894,3879,0,3850,0,0,0,2017-04-19,32487851,3844,11,0,0,0,0,0,0,0,0,3845,30,0,0,0,0,0,0,0,0
177,2017-04-19,09:01:28,341,jd1709,XDCE,3845,3830,3867,10674,410731880,172292,172356,4088,3700,3894,3879,0,3850,0,0,0,2017-04-19,32488341,3844,12,0,0,0,0,0,0,0,0,3845,34,0,0,0,0,0,0,0,0
178,2017-04-19,09:01:28,677,jd1709,XDCE,3845,3830,3867,10684,411116380,172302,172356,4088,3700,3894,3879,0,3850,0,0,0,2017-04-19,32488677,3844,12,0,0,0,0,0,0,0,0,3845,31,0,0,0,0,0,0,0,0
179,2017-04-19,09:01:29,350,jd1709,XDCE,3845,3830,3867,10686,411193280,172302,172356,4088,3700,3894,3879,0,3850,0,0,0,2017-04-19,32489350,3844,13,0,0,0,0,0,0,0,0,3845,11,0,0,0,0,0,0,0,0
180,2017-04-19,09:01:29,851,jd1709,XDCE,3845,3830,3867,10738,413192460,172332,172356,4088,3700,3894,3879,0,3850,0,0,0,2017-04-19,32489851,3844,2,0,0,0,0,0,0,0,0,3845,20,0,0,0,0,0,0,0,0
181,2017-04-19,09:01:30,357,jd1709,XDCE,3845,3830,3867,10750,413653840,172322,172356,4088,3700,3894,3879,0,3850,0,0,0,2017-04-19,32490357,3844,1,0,0,0,0,0,0,0,0,3845,15,0,0,0,0,0,0,0,0
182,2017-04-19,09:01:30,853,jd1709,XDCE,3844,3830,3867,10774,414576260,172340,172356,4088,3700,3894,3879,0,3850,0,0,0,2017-04-19,32490853,3843,25,0,0,0,0,0,0,0,0,3845,1,0,0,0,0,0,0,0,0
183,2017-04-19,09:01:31,352,jd1709,XDCE,3845,3830,3867,10798,415498940,172340,172356,4088,3700,3894,3879,0,3850,0,0,0,2017-04-19,32491352,3843,25,0,0,0,0,0,0,0,0,3845,21,0,0,0,0,0,0,0,0
184,2017-04-19,09:01:31,849,jd1709,XDCE,3843,3830,3867,10804,415729600,172338,172356,4088,3700,3894,3879,0,3850,0,0,0,2017-04-19,32491849,3843,24,0,0,0,0,0,0,0,0,3844,1,0,0,0,0,0,0,0,0
185,2017-04-19,09:01:32,350,jd1709,XDCE,3843,3830,3867,10808,415883320,172338,172356,4088,3700,3894,3879,0,3850,0,0,0,2017-04-19,32492350,3843,27,0,0,0,0,0,0,0,0,3844,31,0,0,0,0,0,0,0,0
186,2017-04-19,09:01:32,847,jd1709,XDCE,3844,3830,3867,10846,417344000,172350,172356,4088,3700,3894,3879,0,3850,0,0,0,2017-04-19,32492847,3843,25,0,0,0,0,0,0,0,0,3844,14,0,0,0,0,0,0,0,0
187,2017-04-19,09:01:33,350,jd1709,XDCE,3844,3830,3867,10916,420034820,172356,172356,4088,3700,3894,3879,0,3850,0,0,0,2017-04-19,32493350,3844,27,0,0,0,0,0,0,0,0,3845,1,0,0,0,0,0,0,0,0
188,2017-04-19,09:01:33,791,jd1709,XDCE,3844,3830,3867,10940,420957380,172348,172356,4088,3700,3894,3879,0,3850,0,0,0,2017-04-19,32493791,3844,15,0,0,0,0,0,0,0,0,3845,1,0,0,0,0,0,0,0,0
189,2017-04-19,09:01:34,350,jd1709,XDCE,3845,3830,3867,10946,421188080,172346,172356,4088,3700,3894,3879,0,3850,0,0,0,2017-04-19,32494350,3844,12,0,0,0,0,0,0,0,0,3845,4,0,0,0,0,0,0,0,0
190,2017-04-19,09:01:34,824,jd1709,XDCE,3845,3830,3867,10956,421572580,172348,172356,4088,3700,3894,3879,0,3850,0,0,0,2017-04-19,32494824,3845,45,0,0,0,0,0,0,0,0,3846,21,0,0,0,0,0,0,0,0
191,2017-04-19,09:01:35,348,jd1709,XDCE,3845,3830,3867,10972,422187780,172362,172356,4088,3700,3894,3879,0,3850,0,0,0,2017-04-19,32495348,3845,83,0,0,0,0,0,0,0,0,3846,16,0,0,0,0,0,0,0,0
192,2017-04-19,09:01:35,858,jd1709,XDCE,3845,3830,3867,10980,422495380,172368,172356,4088,3700,3894,3879,0,3850,0,0,0,2017-04-19,32495858,3845,81,0,0,0,0,0,0,0,0,3846,16,0,0,0,0,0,0,0,0
193,2017-04-19,09:01:36,350,jd1709,XDCE,3845,3830,3867,11020,424033420,172402,172356,4088,3700,3894,3879,0,3850,0,0,0,2017-04-19,32496350,3845,58,0,0,0,0,0,0,0,0,3846,14,0,0,0,0,0,0,0,0
194,2017-04-19,09:01:36,822,jd1709,XDCE,3845,3830,3867,11026,424264140,172406,172356,4088,3700,3894,3879,0,3850,0,0,0,2017-04-19,32496822,3845,56,0,0,0,0,0,0,0,0,3846,13,0,0,0,0,0,0,0,0
195,2017-04-19,09:01:37,350,jd1709,XDCE,3846,3830,3867,11076,426187320,172398,172356,4088,3700,3894,3879,0,3850,0,0,0,2017-04-19,32497350,3846,2,0,0,0,0,0,0,0,0,3847,36,0,0,0,0,0,0,0,0
196,2017-04-19,09:01:37,688,jd1709,XDCE,3846,3830,3867,11080,426341160,172402,172356,4088,3700,3894,3879,0,3850,0,0,0,2017-04-19,32497688,3846,8,0,0,0,0,0,0,0,0,3847,36,0,0,0,0,0,0,0,0
197,2017-04-19,09:01:38,338,jd1709,XDCE,3846,3830,3867,11104,427264400,172422,172356,4088,3700,3894,3879,0,3850,0,0,0,2017-04-19,32498338,3846,8,0,0,0,0,0,0,0,0,3847,26,0,0,0,0,0,0,0,0
198,2017-04-19,09:01:38,843,jd1709,XDCE,3846,3830,3867,11122,427956680,172420,172356,4088,3700,3894,3879,0,3850,0,0,0,2017-04-19,32498843,3846,1,0,0,0,0,0,0,0,0,3847,22,0,0,0,0,0,0,0,0
199,2017-04-19,09:01:39,351,jd1709,XDCE,3846,3830,3867,11132,428341320,172420,172356,4088,3700,3894,3879,0,3850,0,0,0,2017-04-19,32499351,3845,17,0,0,0,0,0,0,0,0,3847,22,0,0,0,0,0,0,0,0
200,2017-04-19,09:01:39,850,jd1709,XDCE,3846,3830,3867,11132,428341320,172420,172356,4088,3700,3894,3879,0,3850,0,0,0,2017-04-19,32499850,3845,23,0,0,0,0,0,0,0,0,3846,1,0,0,0,0,0,0,0,0
201,2017-04-19,09:01:40,333,jd1709,XDCE,3846,3830,3867,11136,428495160,172420,172356,4088,3700,3894,3879,0,3850,0,0,0,2017-04-19,32500333,3845,23,0,0,0,0,0,0,0,0,3847,17,0,0,0,0,0,0,0,0
202,2017-04-19,09:01:40,843,jd1709,XDCE,3846,3830,3867,11140,428648980,172422,172356,4088,3700,3894,3879,0,3850,0,0,0,2017-04-19,32500843,3845,22,0,0,0,0,0,0,0,0,3846,3,0,0,0,0,0,0,0,0
203,2017-04-19,09:01:41,362,jd1709,XDCE,3846,3830,3867,11146,428879740,172422,172356,4088,3700,3894,3879,0,3850,0,0,0,2017-04-19,32501362,3846,38,0,0,0,0,0,0,0,0,3847,27,0,0,0,0,0,0,0,0
204,2017-04-19,09:01:41,859,jd1709,XDCE,3846,3830,3867,11170,429803000,172422,172356,4088,3700,3894,3879,0,3850,0,0,0,2017-04-19,32501859,3846,42,0,0,0,0,0,0,0,0,3847,16,0,0,0,0,0,0,0,0
205,2017-04-19,09:01:42,279,jd1709,XDCE,3847,3830,3867,11178,430110740,172424,172356,4088,3700,3894,3879,0,3850,0,0,0,2017-04-19,32502279,3846,45,0,0,0,0,0,0,0,0,3847,13,0,0,0,0,0,0,0,0
206,2017-04-19,09:01:42,776,jd1709,XDCE,3847,3830,3867,11182,430264600,172424,172356,4088,3700,3894,3879,0,3850,0,0,0,2017-04-19,32502776,3846,44,0,0,0,0,0,0,0,0,3847,12,0,0,0,0,0,0,0,0
207,2017-04-19,09:01:43,313,jd1709,XDCE,3846,3830,3867,11186,430418440,172420,172356,4088,3700,3894,3879,0,3850,0,0,0,2017-04-19,32503313,3846,42,0,0,0,0,0,0,0,0,3847,12,0,0,0,0,0,0,0,0
208,2017-04-19,09:01:43,838,jd1709,XDCE,3846,3830,3867,11192,430649220,172420,172356,4088,3700,3894,3879,0,3850,0,0,0,2017-04-19,32503838,3846,40,0,0,0,0,0,0,0,0,3847,21,0,0,0,0,0,0,0,0
209,2017-04-19,09:01:44,851,jd1709,XDCE,3847,3830,3867,11202,431033900,172410,172356,4088,3700,3894,3879,0,3850,0,0,0,2017-04-19,32504851,3846,40,0,0,0,0,0,0,0,0,3847,17,0,0,0,0,0,0,0,0
210,2017-04-19,09:01:45,351,jd1709,XDCE,3847,3830,3867,11246,432726500,172418,172356,4088,3700,3894,3879,0,3850,0,0,0,2017-04-19,32505351,3846,36,0,0,0,0,0,0,0,0,3848,10,0,0,0,0,0,0,0,0
211,2017-04-19,09:01:45,850,jd1709,XDCE,3847,3830,3867,11246,432726500,172418,172356,4088,3700,3894,3879,0,3850,0,0,0,2017-04-19,32505850,3847,2,0,0,0,0,0,0,0,0,3848,5,0,0,0,0,0,0,0,0
212,2017-04-19,09:01:46,350,jd1709,XDCE,3848,3830,3867,11252,432957340,172420,172356,4088,3700,3894,3879,0,3850,0,0,0,2017-04-19,32506350,3847,6,0,0,0,0,0,0,0,0,3848,4,0,0,0,0,0,0,0,0
213,2017-04-19,09:01:46,850,jd1709,XDCE,3848,3830,3867,11258,433188200,172416,172356,4088,3700,3894,3879,0,3850,0,0,0,2017-04-19,32506850,3847,16,0,0,0,0,0,0,0,0,3848,2,0,0,0,0,0,0,0,0
214,2017-04-19,09:01:47,351,jd1709,XDCE,3848,3830,3867,11282,434111520,172422,172356,4088,3700,3894,3879,0,3850,0,0,0,2017-04-19,32507351,3848,4,0,0,0,0,0,0,0,0,3849,18,0,0,0,0,0,0,0,0
215,2017-04-19,09:01:47,854,jd1709,XDCE,3848,3830,3867,11290,434419360,172420,172356,4088,3700,3894,3879,0,3850,0,0,0,2017-04-19,32507854,3848,5,0,0,0,0,0,0,0,0,3849,18,0,0,0,0,0,0,0,0
216,2017-04-19,09:01:48,291,jd1709,XDCE,3848,3830,3867,11338,436266400,172380,172356,4088,3700,3894,3879,0,3850,0,0,0,2017-04-19,32508291,3848,51,0,0,0,0,0,0,0,0,3849,13,0,0,0,0,0,0,0,0
217,2017-04-19,09:01:48,815,jd1709,XDCE,3848,3830,3867,11368,437420800,172352,172356,4088,3700,3894,3879,0,3850,0,0,0,2017-04-19,32508815,3848,41,0,0,0,0,0,0,0,0,3849,13,0,0,0,0,0,0,0,0
218,2017-04-19,09:01:49,312,jd1709,XDCE,3848,3830,3867,11384,438036540,172344,172356,4088,3700,3894,3879,0,3850,0,0,0,2017-04-19,32509312,3848,37,0,0,0,0,0,0,0,0,3849,10,0,0,0,0,0,0,0,0
219,2017-04-19,09:01:50,226,jd1709,XDCE,3849,3830,3867,11390,438267480,172348,172356,4088,3700,3894,3879,0,3850,0,0,0,2017-04-19,32510226,3848,37,0,0,0,0,0,0,0,0,3849,7,0,0,0,0,0,0,0,0
220,2017-04-19,09:01:50,852,jd1709,XDCE,3847,3830,3867,11560,444807500,172206,172356,4088,3700,3894,3879,0,3850,0,0,0,2017-04-19,32510852,3847,36,0,0,0,0,0,0,0,0,3849,12,0,0,0,0,0,0,0,0
221,2017-04-19,09:01:51,321,jd1709,XDCE,3849,3830,3867,11564,444961460,172206,172356,4088,3700,3894,3879,0,3850,0,0,0,2017-04-19,32511321,3847,36,0,0,0,0,0,0,0,0,3849,15,0,0,0,0,0,0,0,0
222,2017-04-19,09:01:51,844,jd1709,XDCE,3849,3830,3867,11564,444961460,172206,172356,4088,3700,3894,3879,0,3850,0,0,0,2017-04-19,32511844,3847,36,0,0,0,0,0,0,0,0,3848,1,0,0,0,0,0,0,0,0
223,2017-04-19,09:01:52,351,jd1709,XDCE,3849,3830,3867,11570,445192400,172208,172356,4088,3700,3894,3879,0,3850,0,0,0,2017-04-19,32512351,3847,36,0,0,0,0,0,0,0,0,3849,8,0,0,0,0,0,0,0,0
224,2017-04-19,09:01:52,812,jd1709,XDCE,3848,3830,3867,11574,445346320,172204,172356,4088,3700,3894,3879,0,3850,0,0,0,2017-04-19,32512812,3848,11,0,0,0,0,0,0,0,0,3849,8,0,0,0,0,0,0,0,0
225,2017-04-19,09:01:53,278,jd1709,XDCE,3848,3830,3867,11576,445423280,172204,172356,4088,3700,3894,3879,0,3850,0,0,0,2017-04-19,32513278,3848,10,0,0,0,0,0,0,0,0,3849,8,0,0,0,0,0,0,0,0
226,2017-04-19,09:01:53,859,jd1709,XDCE,3849,3830,3867,11586,445808180,172204,172356,4088,3700,3894,3879,0,3850,0,0,0,2017-04-19,32513859,3848,12,0,0,0,0,0,0,0,0,3849,4,0,0,0,0,0,0,0,0
227,2017-04-19,09:01:54,346,jd1709,XDCE,3849,3830,3867,11606,446577800,172192,172356,4088,3700,3894,3879,0,3850,0,0,0,2017-04-19,32514346,3848,3,0,0,0,0,0,0,0,0,3849,7,0,0,0,0,0,0,0,0
228,2017-04-19,09:01:54,753,jd1709,XDCE,3847,3830,3867,11628,447424200,172194,172356,4088,3700,3894,3879,0,3850,0,0,0,2017-04-19,32514753,3847,28,0,0,0,0,0,0,0,0,3849,7,0,0,0,0,0,0,0,0
229,2017-04-19,09:01:55,356,jd1709,XDCE,3848,3830,3867,11650,448270780,172196,172356,4088,3700,3894,3879,0,3850,0,0,0,2017-04-19,32515356,3848,18,0,0,0,0,0,0,0,0,3849,11,0,0,0,0,0,0,0,0
230,2017-04-19,09:01:55,796,jd1709,XDCE,3848,3830,3867,11652,448347740,172196,172356,4088,3700,3894,3879,0,3850,0,0,0,2017-04-19,32515796,3848,18,0,0,0,0,0,0,0,0,3849,16,0,0,0,0,0,0,0,0
231,2017-04-19,09:01:56,352,jd1709,XDCE,3847,3830,3867,11694,449963880,172214,172356,4088,3700,3894,3879,0,3850,0,0,0,2017-04-19,32516352,3847,16,0,0,0,0,0,0,0,0,3849,15,0,0,0,0,0,0,0,0
232,2017-04-19,09:01:56,850,jd1709,XDCE,3848,3830,3867,11756,452348800,172174,172356,4088,3700,3894,3879,0,3850,0,0,0,2017-04-19,32516850,3846,2,0,0,0,0,0,0,0,0,3849,18,0,0,0,0,0,0,0,0
233,2017-04-19,09:01:57,360,jd1709,XDCE,3846,3830,3867,11758,452425720,172174,172356,4088,3700,3894,3879,0,3850,0,0,0,2017-04-19,32517360,3846,1,0,0,0,0,0,0,0,0,3847,2,0,0,0,0,0,0,0,0
234,2017-04-19,09:01:57,859,jd1709,XDCE,3846,3830,3867,11758,452425720,172174,172356,4088,3700,3894,3879,0,3850,0,0,0,2017-04-19,32517859,3846,1,0,0,0,0,0,0,0,0,3847,3,0,0,0,0,0,0,0,0
235,2017-04-19,09:01:58,352,jd1709,XDCE,3849,3830,3867,11784,453426140,172188,172356,4088,3700,3894,3879,0,3850,0,0,0,2017-04-19,32518352,3846,2,0,0,0,0,0,0,0,0,3849,11,0,0,0,0,0,0,0,0
236,2017-04-19,09:01:58,859,jd1709,XDCE,3846,3830,3867,11804,454195360,172190,172356,4088,3700,3894,3879,0,3850,0,0,0,2017-04-19,32518859,3847,1,0,0,0,0,0,0,0,0,3848,2,0,0,0,0,0,0,0,0
237,2017-04-19,09:01:59,351,jd1709,XDCE,3849,3830,3867,11836,455426940,172192,172356,4088,3700,3894,3879,0,3850,0,0,0,2017-04-19,32519351,3847,16,0,0,0,0,0,0,0,0,3850,18,0,0,0,0,0,0,0,0
238,2017-04-19,09:01:59,861,jd1709,XDCE,3850,3830,3867,11962,460275060,172238,172356,4088,3700,3894,3879,0,3850,0,0,0,2017-04-19,32519861,3849,25,0,0,0,0,0,0,0,0,3850,19,0,0,0,0,0,0,0,0
239,2017-04-19,09:02:00,350,jd1709,XDCE,3850,3830,3867,12020,462507880,172264,172356,4088,3700,3894,3879,0,3850,0,0,0,2017-04-19,32520350,3850,14,0,0,0,0,0,0,0,0,3851,25,0,0,0,0,0,0,0,0
240,2017-04-19,09:02:00,851,jd1709,XDCE,3846,3830,3867,12218,470126200,172368,172356,4088,3700,3894,3879,0,3850,0,0,0,2017-04-19,32520851,3846,289,0,0,0,0,0,0,0,0,3849,2,0,0,0,0,0,0,0,0
241,2017-04-19,09:02:01,357,jd1709,XDCE,3847,3830,3867,12264,471895820,172400,172356,4088,3700,3894,3879,0,3850,0,0,0,2017-04-19,32521357,3846,290,0,0,0,0,0,0,0,0,3847,25,0,0,0,0,0,0,0,0
242,2017-04-19,09:02:01,857,jd1709,XDCE,3847,3830,3867,12326,474281060,172404,172356,4088,3700,3894,3879,0,3850,0,0,0,2017-04-19,32521857,3847,45,0,0,0,0,0,0,0,0,3849,1,0,0,0,0,0,0,0,0
243,2017-04-19,09:02:02,351,jd1709,XDCE,3848,3830,3867,12330,474435000,172406,172356,4088,3700,3894,3879,0,3850,0,0,0,2017-04-19,32522351,3847,51,0,0,0,0,0,0,0,0,3851,21,0,0,0,0,0,0,0,0
244,2017-04-19,09:02:02,851,jd1709,XDCE,3850,3830,3867,12332,474512000,172404,172356,4088,3700,3894,3879,0,3850,0,0,0,2017-04-19,32522851,3848,25,0,0,0,0,0,0,0,0,3851,21,0,0,0,0,0,0,0,0
245,2017-04-19,09:02:03,349,jd1709,XDCE,3848,3830,3867,12352,475281600,172394,172356,4088,3700,3894,3879,0,3850,0,0,0,2017-04-19,32523349,3848,18,0,0,0,0,0,0,0,0,3850,1,0,0,0,0,0,0,0,0
246,2017-04-19,09:02:03,801,jd1709,XDCE,3850,3830,3867,12388,476667680,172384,172356,4088,3700,3894,3879,0,3850,0,0,0,2017-04-19,32523801,3848,18,0,0,0,0,0,0,0,0,3850,10,0,0,0,0,0,0,0,0
247,2017-04-19,09:02:04,360,jd1709,XDCE,3849,3830,3867,12392,476821660,172384,172356,4088,3700,3894,3879,0,3850,0,0,0,2017-04-19,32524360,3849,3,0,0,0,0,0,0,0,0,3850,1,0,0,0,0,0,0,0,0
248,2017-04-19,09:02:04,851,jd1709,XDCE,3848,3830,3867,12446,478899740,172364,172356,4088,3700,3894,3879,0,3850,0,0,0,2017-04-19,32524851,3848,13,0,0,0,0,0,0,0,0,3850,7,0,0,0,0,0,0,0,0
249,2017-04-19,09:02:05,352,jd1709,XDCE,3848,3830,3867,12464,479592380,172382,172356,4088,3700,3894,3879,0,3850,0,0,0,2017-04-19,32525352,3848,6,0,0,0,0,0,0,0,0,3850,9,0,0,0,0,0,0,0,0
250,2017-04-19,09:02:05,851,jd1709,XDCE,3848,3830,3867,12466,479669340,172382,172356,4088,3700,3894,3879,0,3850,0,0,0,2017-04-19,32525851,3848,5,0,0,0,0,0,0,0,0,3850,9,0,0,0,0,0,0,0,0
251,2017-04-19,09:02:06,351,jd1709,XDCE,3850,3830,3867,12526,481979580,172374,172356,4088,3700,3894,3879,0,3850,0,0,0,2017-04-19,32526351,3850,4,0,0,0,0,0,0,0,0,3851,8,0,0,0,0,0,0,0,0
252,2017-04-19,09:02:06,816,jd1709,XDCE,3850,3830,3867,12558,483211340,172360,172356,4088,3700,3894,3879,0,3850,0,0,0,2017-04-19,32526816,3848,29,0,0,0,0,0,0,0,0,3851,8,0,0,0,0,0,0,0,0
253,2017-04-19,09:02:07,351,jd1709,XDCE,3851,3830,3867,12576,483904220,172350,172356,4088,3700,3894,3879,0,3850,0,0,0,2017-04-19,32527351,3848,25,0,0,0,0,0,0,0,0,3851,4,0,0,0,0,0,0,0,0
254,2017-04-19,09:02:07,860,jd1709,XDCE,3852,3830,3867,12616,485444520,172340,172356,4088,3700,3894,3879,0,3850,0,0,0,2017-04-19,32527860,3851,5,0,0,0,0,0,0,0,0,3852,59,0,0,0,0,0,0,0,0
255,2017-04-19,09:02:08,353,jd1709,XDCE,3852,3830,3867,12650,486753460,172328,172356,4088,3700,3894,3879,0,3850,0,0,0,2017-04-19,32528353,3849,9,0,0,0,0,0,0,0,0,3852,55,0,0,0,0,0,0,0,0
256,2017-04-19,09:02:08,853,jd1709,XDCE,3850,3830,3867,12680,487908880,172330,172356,4088,3700,3894,3879,0,3850,0,0,0,2017-04-19,32528853,3850,16,0,0,0,0,0,0,0,0,3852,34,0,0,0,0,0,0,0,0
257,2017-04-19,09:02:09,300,jd1709,XDCE,3850,3830,3867,12690,488293880,172330,172356,4088,3700,3894,3879,0,3850,0,0,0,2017-04-19,32529300,3850,41,0,0,0,0,0,0,0,0,3852,34,0,0,0,0,0,0,0,0
258,2017-04-19,09:02:09,843,jd1709,XDCE,3852,3830,3867,12706,488909920,172316,172356,4088,3700,3894,3879,0,3850,0,0,0,2017-04-19,32529843,3850,34,0,0,0,0,0,0,0,0,3852,33,0,0,0,0,0,0,0,0
259,2017-04-19,09:02:10,351,jd1709,XDCE,3852,3830,3867,12710,489063960,172316,172356,4088,3700,3894,3879,0,3850,0,0,0,2017-04-19,32530351,3851,11,0,0,0,0,0,0,0,0,3852,39,0,0,0,0,0,0,0,0
260,2017-04-19,09:02:10,848,jd1709,XDCE,3851,3830,3867,12724,489603100,172318,172356,4088,3700,3894,3879,0,3850,0,0,0,2017-04-19,32530848,3851,4,0,0,0,0,0,0,0,0,3852,41,0,0,0,0,0,0,0,0
261,2017-04-19,09:02:11,351,jd1709,XDCE,3852,3830,3867,12762,491066340,172344,172356,4088,3700,3894,3879,0,3850,0,0,0,2017-04-19,32531351,3850,24,0,0,0,0,0,0,0,0,3852,35,0,0,0,0,0,0,0,0
262,2017-04-19,09:02:11,832,jd1709,XDCE,3850,3830,3867,12768,491297420,172344,172356,4088,3700,3894,3879,0,3850,0,0,0,2017-04-19,32531832,3850,23,0,0,0,0,0,0,0,0,3852,33,0,0,0,0,0,0,0,0
263,2017-04-19,09:02:12,200,jd1709,XDCE,3851,3830,3867,12772,491451440,172344,172356,4088,3700,3894,3879,0,3850,0,0,0,2017-04-19,32532200,3850,22,0,0,0,0,0,0,0,0,3851,2,0,0,0,0,0,0,0,0
264,2017-04-19,09:02:12,851,jd1709,XDCE,3850,3830,3867,12782,491836440,172344,172356,4088,3700,3894,3879,0,3850,0,0,0,2017-04-19,32532851,3850,17,0,0,0,0,0,0,0,0,3851,2,0,0,0,0,0,0,0,0
265,2017-04-19,09:02:13,270,jd1709,XDCE,3850,3830,3867,12782,491836440,172344,172356,4088,3700,3894,3879,0,3850,0,0,0,2017-04-19,32533270,3850,17,0,0,0,0,0,0,0,0,3851,7,0,0,0,0,0,0,0,0
266,2017-04-19,09:02:13,776,jd1709,XDCE,3850,3830,3867,12784,491913440,172346,172356,4088,3700,3894,3879,0,3850,0,0,0,2017-04-19,32533776,3850,16,0,0,0,0,0,0,0,0,3851,22,0,0,0,0,0,0,0,0
267,2017-04-19,09:02:14,356,jd1709,XDCE,3851,3830,3867,12824,493453840,172352,172356,4088,3700,3894,3879,0,3850,0,0,0,2017-04-19,32534356,3850,16,0,0,0,0,0,0,0,0,3851,1,0,0,0,0,0,0,0,0
268,2017-04-19,09:02:14,852,jd1709,XDCE,3851,3830,3867,12826,493530860,172354,172356,4088,3700,3894,3879,0,3850,0,0,0,2017-04-19,32534852,3850,17,0,0,0,0,0,0,0,0,3851,1,0,0,0,0,0,0,0,0
269,2017-04-19,09:02:15,323,jd1709,XDCE,3851,3830,3867,12826,493530860,172354,172356,4088,3700,3894,3879,0,3850,0,0,0,2017-04-19,32535323,3850,22,0,0,0,0,0,0,0,0,3851,2,0,0,0,0,0,0,0,0
270,2017-04-19,09:02:15,684,jd1709,XDCE,3851,3830,3867,12838,493993040,172346,172356,4088,3700,3894,3879,0,3850,0,0,0,2017-04-19,32535684,3850,22,0,0,0,0,0,0,0,0,3852,32,0,0,0,0,0,0,0,0
271,2017-04-19,09:02:16,339,jd1709,XDCE,3850,3830,3867,12866,495071460,172332,172356,4088,3700,3894,3879,0,3850,0,0,0,2017-04-19,32536339,3850,19,0,0,0,0,0,0,0,0,3852,22,0,0,0,0,0,0,0,0
272,2017-04-19,09:02:16,776,jd1709,XDCE,3850,3830,3867,12906,496611460,172328,172356,4088,3700,3894,3879,0,3850,0,0,0,2017-04-19,32536776,3849,7,0,0,0,0,0,0,0,0,3850,71,0,0,0,0,0,0,0,0
273,2017-04-19,09:02:17,335,jd1709,XDCE,3850,3830,3867,12920,497150460,172322,172356,4088,3700,3894,3879,0,3850,0,0,0,2017-04-19,32537335,3849,7,0,0,0,0,0,0,0,0,3850,65,0,0,0,0,0,0,0,0
274,2017-04-19,09:02:17,762,jd1709,XDCE,3850,3830,3867,12920,497150460,172322,172356,4088,3700,3894,3879,0,3850,0,0,0,2017-04-19,32537762,3849,6,0,0,0,0,0,0,0,0,3850,65,0,0,0,0,0,0,0,0
275,2017-04-19,09:02:18,205,jd1709,XDCE,3850,3830,3867,12920,497150460,172322,172356,4088,3700,3894,3879,0,3850,0,0,0,2017-04-19,32538205,3849,6,0,0,0,0,0,0,0,0,3850,66,0,0,0,0,0,0,0,0
276,2017-04-19,09:02:18,839,jd1709,XDCE,3850,3830,3867,12922,497227460,172320,172356,4088,3700,3894,3879,0,3850,0,0,0,2017-04-19,32538839,3849,6,0,0,0,0,0,0,0,0,3850,70,0,0,0,0,0,0,0,0
277,2017-04-19,09:02:19,359,jd1709,XDCE,3850,3830,3867,12926,497381460,172320,172356,4088,3700,3894,3879,0,3850,0,0,0,2017-04-19,32539359,3849,6,0,0,0,0,0,0,0,0,3850,79,0,0,0,0,0,0,0,0
278,2017-04-19,09:02:19,852,jd1709,XDCE,3848,3830,3867,12964,498843860,172294,172356,4088,3700,3894,3879,0,3850,0,0,0,2017-04-19,32539852,3848,18,0,0,0,0,0,0,0,0,3850,60,0,0,0,0,0,0,0,0
279,2017-04-19,09:02:20,345,jd1709,XDCE,3848,3830,3867,12982,499536500,172290,172356,4088,3700,3894,3879,0,3850,0,0,0,2017-04-19,32540345,3848,9,0,0,0,0,0,0,0,0,3849,15,0,0,0,0,0,0,0,0
280,2017-04-19,09:02:20,783,jd1709,XDCE,3849,3830,3867,13002,500306300,172290,172356,4088,3700,3894,3879,0,3850,0,0,0,2017-04-19,32540783,3848,10,0,0,0,0,0,0,0,0,3849,5,0,0,0,0,0,0,0,0
281,2017-04-19,09:02:21,292,jd1709,XDCE,3849,3830,3867,13006,500460260,172288,172356,4088,3700,3894,3879,0,3850,0,0,0,2017-04-19,32541292,3848,11,0,0,0,0,0,0,0,0,3849,3,0,0,0,0,0,0,0,0
282,2017-04-19,09:02:21,853,jd1709,XDCE,3848,3830,3867,13024,501152900,172274,172356,4088,3700,3894,3879,0,3850,0,0,0,2017-04-19,32541853,3848,7,0,0,0,0,0,0,0,0,3849,9,0,0,0,0,0,0,0,0
283,2017-04-19,09:02:22,187,jd1709,XDCE,3849,3830,3867,13046,501999440,172264,172356,4088,3700,3894,3879,0,3850,0,0,0,2017-04-19,32542187,3847,58,0,0,0,0,0,0,0,0,3849,7,0,0,0,0,0,0,0,0
284,2017-04-19,09:02:22,788,jd1709,XDCE,3849,3830,3867,13048,502076420,172266,172356,4088,3700,3894,3879,0,3850,0,0,0,2017-04-19,32542788,3847,58,0,0,0,0,0,0,0,0,3849,7,0,0,0,0,0,0,0,0
285,2017-04-19,09:02:23,335,jd1709,XDCE,3849,3830,3867,13068,502845860,172258,172356,4088,3700,3894,3879,0,3850,0,0,0,2017-04-19,32543335,3847,48,0,0,0,0,0,0,0,0,3849,6,0,0,0,0,0,0,0,0
286,2017-04-19,09:02:23,784,jd1709,XDCE,3849,3830,3867,13068,502845860,172258,172356,4088,3700,3894,3879,0,3850,0,0,0,2017-04-19,32543784,3847,47,0,0,0,0,0,0,0,0,3849,6,0,0,0,0,0,0,0,0
287,2017-04-19,09:02:24,98,jd1709,XDCE,3849,3830,3867,13068,502845860,172258,172356,4088,3700,3894,3879,0,3850,0,0,0,2017-04-19,32544098,3847,47,0,0,0,0,0,0,0,0,3849,11,0,0,0,0,0,0,0,0
288,2017-04-19,09:02:24,803,jd1709,XDCE,3849,3830,3867,13068,502845860,172258,172356,4088,3700,3894,3879,0,3850,0,0,0,2017-04-19,32544803,3848,2,0,0,0,0,0,0,0,0,3849,11,0,0,0,0,0,0,0,0
289,2017-04-19,09:02:25,351,jd1709,XDCE,3848,3830,3867,13074,503076760,172262,172356,4088,3700,3894,3879,0,3850,0,0,0,2017-04-19,32545351,3848,2,0,0,0,0,0,0,0,0,3849,10,0,0,0,0,0,0,0,0
290,2017-04-19,09:02:25,850,jd1709,XDCE,3848,3830,3867,13076,503153720,172262,172356,4088,3700,3894,3879,0,3850,0,0,0,2017-04-19,32545850,3848,1,0,0,0,0,0,0,0,0,3849,15,0,0,0,0,0,0,0,0
291,2017-04-19,09:02:26,344,jd1709,XDCE,3849,3830,3867,13092,503769560,172266,172356,4088,3700,3894,3879,0,3850,0,0,0,2017-04-19,32546344,3848,2,0,0,0,0,0,0,0,0,3849,12,0,0,0,0,0,0,0,0
292,2017-04-19,09:02:26,760,jd1709,XDCE,3848,3830,3867,13100,504077400,172270,172356,4088,3700,3894,3879,0,3850,0,0,0,2017-04-19,32546760,3847,44,0,0,0,0,0,0,0,0,3848,1,0,0,0,0,0,0,0,0
293,2017-04-19,09:02:27,292,jd1709,XDCE,3848,3830,3867,13112,504539160,172280,172356,4088,3700,3894,3879,0,3850,0,0,0,2017-04-19,32547292,3847,43,0,0,0,0,0,0,0,0,3848,15,0,0,0,0,0,0,0,0
294,2017-04-19,09:02:27,862,jd1709,XDCE,3848,3830,3867,13114,504616120,172282,172356,4088,3700,3894,3879,0,3850,0,0,0,2017-04-19,32547862,3847,43,0,0,0,0,0,0,0,0,3848,15,0,0,0,0,0,0,0,0
295,2017-04-19,09:02:28,842,jd1709,XDCE,3848,3830,3867,13124,505000920,172282,172356,4088,3700,3894,3879,0,3850,0,0,0,2017-04-19,32548842,3847,43,0,0,0,0,0,0,0,0,3848,10,0,0,0,0,0,0,0,0
296,2017-04-19,09:02:29,174,jd1709,XDCE,3848,3830,3867,13124,505000920,172282,172356,4088,3700,3894,3879,0,3850,0,0,0,2017-04-19,32549174,3847,42,0,0,0,0,0,0,0,0,3848,10,0,0,0,0,0,0,0,0
297,2017-04-19,09:02:29,770,jd1709,XDCE,3848,3830,3867,13126,505077880,172284,172356,4088,3700,3894,3879,0,3850,0,0,0,2017-04-19,32549770,3847,42,0,0,0,0,0,0,0,0,3848,9,0,0,0,0,0,0,0,0
298,2017-04-19,09:02:30,352,jd1709,XDCE,3847,3830,3867,13140,505616560,172296,172356,4088,3700,3894,3879,0,3850,0,0,0,2017-04-19,32550352,3847,41,0,0,0,0,0,0,0,0,3848,6,0,0,0,0,0,0,0,0
299,2017-04-19,09:02:30,797,jd1709,XDCE,3848,3830,3867,13152,506078280,172306,172356,4088,3700,3894,3879,0,3850,0,0,0,2017-04-19,32550797,3847,39,0,0,0,0,0,0,0,0,3848,2,0,0,0,0,0,0,0,0
300,2017-04-19,09:02:31,350,jd1709,XDCE,3848,3830,3867,13164,506540040,172318,172356,4088,3700,3894,3879,0,3850,0,0,0,2017-04-19,32551350,3848,10,0,0,0,0,0,0,0,0,3849,16,0,0,0,0,0,0,0,0
301,2017-04-19,09:02:31,795,jd1709,XDCE,3848,3830,3867,13176,507001800,172326,172356,4088,3700,3894,3879,0,3850,0,0,0,2017-04-19,32551795,3848,5,0,0,0,0,0,0,0,0,3849,15,0,0,0,0,0,0,0,0
302,2017-04-19,09:02:32,299,jd1709,XDCE,3848,3830,3867,13178,507078760,172328,172356,4088,3700,3894,3879,0,3850,0,0,0,2017-04-19,32552299,3848,27,0,0,0,0,0,0,0,0,3849,15,0,0,0,0,0,0,0,0
303,2017-04-19,09:02:32,782,jd1709,XDCE,3848,3830,3867,13182,507232700,172330,172356,4088,3700,3894,3879,0,3850,0,0,0,2017-04-19,32552782,3848,26,0,0,0,0,0,0,0,0,3849,16,0,0,0,0,0,0,0,0
304,2017-04-19,09:02:33,339,jd1709,XDCE,3848,3830,3867,13218,508617980,172364,172356,4088,3700,3894,3879,0,3850,0,0,0,2017-04-19,32553339,3848,9,0,0,0,0,0,0,0,0,3849,16,0,0,0,0,0,0,0,0
305,2017-04-19,09:02:33,855,jd1709,XDCE,3848,3830,3867,13226,508925840,172372,172356,4088,3700,3894,3879,0,3850,0,0,0,2017-04-19,32553855,3848,7,0,0,0,0,0,0,0,0,3849,20,0,0,0,0,0,0,0,0
306,2017-04-19,09:02:34,296,jd1709,XDCE,3848,3830,3867,13236,509310640,172378,172356,4088,3700,3894,3879,0,3850,0,0,0,2017-04-19,32554296,3848,2,0,0,0,0,0,0,0,0,3849,20,0,0,0,0,0,0,0,0
307,2017-04-19,09:02:34,847,jd1709,XDCE,3848,3830,3867,13254,510003400,172376,172356,4088,3700,3894,3879,0,3850,0,0,0,2017-04-19,32554847,3847,60,0,0,0,0,0,0,0,0,3849,14,0,0,0,0,0,0,0,0
308,2017-04-19,09:02:35,193,jd1709,XDCE,3848,3830,3867,13254,510003400,172376,172356,4088,3700,3894,3879,0,3850,0,0,0,2017-04-19,32555193,3848,2,0,0,0,0,0,0,0,0,3849,14,0,0,0,0,0,0,0,0
309,2017-04-19,09:02:35,826,jd1709,XDCE,3848,3830,3867,13254,510003400,172376,172356,4088,3700,3894,3879,0,3850,0,0,0,2017-04-19,32555826,3848,3,0,0,0,0,0,0,0,0,3849,14,0,0,0,0,0,0,0,0
310,2017-04-19,09:02:36,861,jd1709,XDCE,3848,3830,3867,13268,510542220,172386,172356,4088,3700,3894,3879,0,3850,0,0,0,2017-04-19,32556861,3848,3,0,0,0,0,0,0,0,0,3849,12,0,0,0,0,0,0,0,0
311,2017-04-19,09:02:37,234,jd1709,XDCE,3848,3830,3867,13268,510542220,172386,172356,4088,3700,3894,3879,0,3850,0,0,0,2017-04-19,32557234,3848,57,0,0,0,0,0,0,0,0,3849,14,0,0,0,0,0,0,0,0
312,2017-04-19,09:02:37,828,jd1709,XDCE,3848,3830,3867,13284,511157920,172384,172356,4088,3700,3894,3879,0,3850,0,0,0,2017-04-19,32557828,3848,50,0,0,0,0,0,0,0,0,3849,12,0,0,0,0,0,0,0,0
313,2017-04-19,09:02:38,318,jd1709,XDCE,3848,3830,3867,13288,511311840,172384,172356,4088,3700,3894,3879,0,3850,0,0,0,2017-04-19,32558318,3848,50,0,0,0,0,0,0,0,0,3849,11,0,0,0,0,0,0,0,0
314,2017-04-19,09:02:38,849,jd1709,XDCE,3848,3830,3867,13294,511542720,172384,172356,4088,3700,3894,3879,0,3850,0,0,0,2017-04-19,32558849,3848,44,0,0,0,0,0,0,0,0,3849,9,0,0,0,0,0,0,0,0
315,2017-04-19,09:02:39,345,jd1709,XDCE,3848,3830,3867,13320,512543200,172384,172356,4088,3700,3894,3879,0,3850,0,0,0,2017-04-19,32559345,3848,31,0,0,0,0,0,0,0,0,3849,10,0,0,0,0,0,0,0,0
316,2017-04-19,09:02:39,844,jd1709,XDCE,3848,3830,3867,13324,512697140,172380,172356,4088,3700,3894,3879,0,3850,0,0,0,2017-04-19,32559844,3848,31,0,0,0,0,0,0,0,0,3849,9,0,0,0,0,0,0,0,0
317,2017-04-19,09:02:40,327,jd1709,XDCE,3848,3830,3867,13328,512851060,172380,172356,4088,3700,3894,3879,0,3850,0,0,0,2017-04-19,32560327,3848,29,0,0,0,0,0,0,0,0,3849,15,0,0,0,0,0,0,0,0
318,2017-04-19,09:02:41,306,jd1709,XDCE,3848,3830,3867,13338,513235900,172382,172356,4088,3700,3894,3879,0,3850,0,0,0,2017-04-19,32561306,3848,26,0,0,0,0,0,0,0,0,3849,13,0,0,0,0,0,0,0,0
319,2017-04-19,09:02:41,816,jd1709,XDCE,3849,3830,3867,13348,513620740,172378,172356,4088,3700,3894,3879,0,3850,0,0,0,2017-04-19,32561816,3848,26,0,0,0,0,0,0,0,0,3849,9,0,0,0,0,0,0,0,0
320,2017-04-19,09:02:42,71,jd1709,XDCE,3849,3830,3867,13350,513697720,172376,172356,4088,3700,3894,3879,0,3850,0,0,0,2017-04-19,32562071,3848,26,0,0,0,0,0,0,0,0,3849,8,0,0,0,0,0,0,0,0
321,2017-04-19,09:02:42,777,jd1709,XDCE,3848,3830,3867,13354,513851640,172374,172356,4088,3700,3894,3879,0,3850,0,0,0,2017-04-19,32562777,3848,26,0,0,0,0,0,0,0,0,3849,8,0,0,0,0,0,0,0,0
322,2017-04-19,09:02:43,849,jd1709,XDCE,3848,3830,3867,13356,513928600,172374,172356,4088,3700,3894,3879,0,3850,0,0,0,2017-04-19,32563849,3848,46,0,0,0,0,0,0,0,0,3849,3,0,0,0,0,0,0,0,0
323,2017-04-19,09:02:44,271,jd1709,XDCE,3848,3830,3867,13356,513928600,172374,172356,4088,3700,3894,3879,0,3850,0,0,0,2017-04-19,32564271,3848,50,0,0,0,0,0,0,0,0,3849,3,0,0,0,0,0,0,0,0
324,2017-04-19,09:02:45,349,jd1709,XDCE,3849,3830,3867,13370,514467400,172372,172356,4088,3700,3894,3879,0,3850,0,0,0,2017-04-19,32565349,3848,43,0,0,0,0,0,0,0,0,3850,109,0,0,0,0,0,0,0,0
325,2017-04-19,09:02:45,853,jd1709,XDCE,3848,3830,3867,13388,515160040,172354,172356,4088,3700,3894,3879,0,3850,0,0,0,2017-04-19,32565853,3848,36,0,0,0,0,0,0,0,0,3849,7,0,0,0,0,0,0,0,0
326,2017-04-19,09:02:46,344,jd1709,XDCE,3849,3830,3867,13394,515390940,172354,172356,4088,3700,3894,3879,0,3850,0,0,0,2017-04-19,32566344,3848,34,0,0,0,0,0,0,0,0,3849,9,0,0,0,0,0,0,0,0
327,2017-04-19,09:02:46,828,jd1709,XDCE,3848,3830,3867,13396,515467900,172352,172356,4088,3700,3894,3879,0,3850,0,0,0,2017-04-19,32566828,3848,33,0,0,0,0,0,0,0,0,3849,10,0,0,0,0,0,0,0,0
328,2017-04-19,09:02:47,351,jd1709,XDCE,3848,3830,3867,13396,515467900,172352,172356,4088,3700,3894,3879,0,3850,0,0,0,2017-04-19,32567351,3848,33,0,0,0,0,0,0,0,0,3849,9,0,0,0,0,0,0,0,0
329,2017-04-19,09:02:47,851,jd1709,XDCE,3848,3830,3867,13398,515544860,172352,172356,4088,3700,3894,3879,0,3850,0,0,0,2017-04-19,32567851,3848,32,0,0,0,0,0,0,0,0,3849,8,0,0,0,0,0,0,0,0
330,2017-04-19,09:02:48,172,jd1709,XDCE,3849,3830,3867,13410,516006740,172354,172356,4088,3700,3894,3879,0,3850,0,0,0,2017-04-19,32568172,3848,33,0,0,0,0,0,0,0,0,3850,91,0,0,0,0,0,0,0,0
331,2017-04-19,09:02:48,856,jd1709,XDCE,3849,3830,3867,13440,517161520,172342,172356,4088,3700,3894,3879,0,3850,0,0,0,2017-04-19,32568856,3848,30,0,0,0,0,0,0,0,0,3849,11,0,0,0,0,0,0,0,0
332,2017-04-19,09:02:49,324,jd1709,XDCE,3849,3830,3867,13464,518085280,172328,172356,4088,3700,3894,3879,0,3850,0,0,0,2017-04-19,32569324,3849,4,0,0,0,0,0,0,0,0,3850,90,0,0,0,0,0,0,0,0
333,2017-04-19,09:02:49,715,jd1709,XDCE,3850,3830,3867,13466,518162280,172330,172356,4088,3700,3894,3879,0,3850,0,0,0,2017-04-19,32569715,3849,4,0,0,0,0,0,0,0,0,3850,89,0,0,0,0,0,0,0,0
334,2017-04-19,09:02:50,236,jd1709,XDCE,3850,3830,3867,13470,518316280,172332,172356,4088,3700,3894,3879,0,3850,0,0,0,2017-04-19,32570236,3849,4,0,0,0,0,0,0,0,0,3850,87,0,0,0,0,0,0,0,0
335,2017-04-19,09:02:50,850,jd1709,XDCE,3849,3830,3867,13472,518393260,172332,172356,4088,3700,3894,3879,0,3850,0,0,0,2017-04-19,32570850,3849,3,0,0,0,0,0,0,0,0,3850,87,0,0,0,0,0,0,0,0
336,2017-04-19,09:02:51,296,jd1709,XDCE,3849,3830,3867,13478,518624200,172336,172356,4088,3700,3894,3879,0,3850,0,0,0,2017-04-19,32571296,3849,21,0,0,0,0,0,0,0,0,3850,86,0,0,0,0,0,0,0,0
337,2017-04-19,09:02:51,664,jd1709,XDCE,3849,3830,3867,13482,518778160,172336,172356,4088,3700,3894,3879,0,3850,0,0,0,2017-04-19,32571664,3849,20,0,0,0,0,0,0,0,0,3850,85,0,0,0,0,0,0,0,0
338,2017-04-19,09:02:52,211,jd1709,XDCE,3849,3830,3867,13524,520394740,172336,172356,4088,3700,3894,3879,0,3850,0,0,0,2017-04-19,32572211,3848,33,0,0,0,0,0,0,0,0,3849,20,0,0,0,0,0,0,0,0
339,2017-04-19,09:02:52,851,jd1709,XDCE,3849,3830,3867,13528,520548700,172336,172356,4088,3700,3894,3879,0,3850,0,0,0,2017-04-19,32572851,3848,33,0,0,0,0,0,0,0,0,3849,19,0,0,0,0,0,0,0,0
340,2017-04-19,09:02:53,332,jd1709,XDCE,3849,3830,3867,13530,520625680,172336,172356,4088,3700,3894,3879,0,3850,0,0,0,2017-04-19,32573332,3848,34,0,0,0,0,0,0,0,0,3849,18,0,0,0,0,0,0,0,0
341,2017-04-19,09:02:53,836,jd1709,XDCE,3849,3830,3867,13542,521087560,172336,172356,4088,3700,3894,3879,0,3850,0,0,0,2017-04-19,32573836,3848,38,0,0,0,0,0,0,0,0,3849,12,0,0,0,0,0,0,0,0
342,2017-04-19,09:02:54,329,jd1709,XDCE,3848,3830,3867,13548,521318460,172330,172356,4088,3700,3894,3879,0,3850,0,0,0,2017-04-19,32574329,3848,36,0,0,0,0,0,0,0,0,3849,11,0,0,0,0,0,0,0,0
343,2017-04-19,09:02:55,830,jd1709,XDCE,3849,3830,3867,13566,522011260,172314,172356,4088,3700,3894,3879,0,3850,0,0,0,2017-04-19,32575830,3848,36,0,0,0,0,0,0,0,0,3849,3,0,0,0,0,0,0,0,0
344,2017-04-19,09:02:56,325,jd1709,XDCE,3849,3830,3867,13568,522088240,172312,172356,4088,3700,3894,3879,0,3850,0,0,0,2017-04-19,32576325,3848,37,0,0,0,0,0,0,0,0,3849,2,0,0,0,0,0,0,0,0
345,2017-04-19,09:02:56,856,jd1709,XDCE,3849,3830,3867,13594,523088760,172332,172356,4088,3700,3894,3879,0,3850,0,0,0,2017-04-19,32576856,3849,22,0,0,0,0,0,0,0,0,3850,92,0,0,0,0,0,0,0,0
346,2017-04-19,09:02:57,360,jd1709,XDCE,3850,3830,3867,13610,523704740,172326,172356,4088,3700,3894,3879,0,3850,0,0,0,2017-04-19,32577360,3849,22,0,0,0,0,0,0,0,0,3850,81,0,0,0,0,0,0,0,0
347,2017-04-19,09:02:57,842,jd1709,XDCE,3850,3830,3867,13610,523704740,172326,172356,4088,3700,3894,3879,0,3850,0,0,0,2017-04-19,32577842,3849,22,0,0,0,0,0,0,0,0,3850,84,0,0,0,0,0,0,0,0
348,2017-04-19,09:02:58,230,jd1709,XDCE,3849,3830,3867,13622,524166720,172318,172356,4088,3700,3894,3879,0,3850,0,0,0,2017-04-19,32578230,3849,26,0,0,0,0,0,0,0,0,3850,107,0,0,0,0,0,0,0,0
349,2017-04-19,09:02:58,752,jd1709,XDCE,3849,3830,3867,13636,524705580,172304,172356,4088,3700,3894,3879,0,3850,0,0,0,2017-04-19,32578752,3849,19,0,0,0,0,0,0,0,0,3850,109,0,0,0,0,0,0,0,0
350,2017-04-19,09:02:59,355,jd1709,XDCE,3849,3830,3867,13656,525475380,172296,172356,4088,3700,3894,3879,0,3850,0,0,0,2017-04-19,32579355,3848,128,0,0,0,0,0,0,0,0,3850,115,0,0,0,0,0,0,0,0
351,2017-04-19,09:02:59,858,jd1709,XDCE,3849,3830,3867,13656,525475380,172296,172356,4088,3700,3894,3879,0,3850,0,0,0,2017-04-19,32579858,3848,128,0,0,0,0,0,0,0,0,3849,12,0,0,0,0,0,0,0,0
352,2017-04-19,09:03:00,351,jd1709,XDCE,3849,3830,3867,13668,525937260,172296,172356,4088,3700,3894,3879,0,3850,0,0,0,2017-04-19,32580351,3848,128,0,0,0,0,0,0,0,0,3849,7,0,0,0,0,0,0,0,0
353,2017-04-19,09:03:00,850,jd1709,XDCE,3849,3830,3867,13700,527169100,172288,172356,4088,3700,3894,3879,0,3850,0,0,0,2017-04-19,32580850,3848,124,0,0,0,0,0,0,0,0,3850,123,0,0,0,0,0,0,0,0
354,2017-04-19,09:03:01,214,jd1709,XDCE,3849,3830,3867,13704,527323040,172290,172356,4088,3700,3894,3879,0,3850,0,0,0,2017-04-19,32581214,3848,123,0,0,0,0,0,0,0,0,3849,8,0,0,0,0,0,0,0,0
355,2017-04-19,09:03:01,834,jd1709,XDCE,3848,3830,3867,13710,527553920,172290,172356,4088,3700,3894,3879,0,3850,0,0,0,2017-04-19,32581834,3848,120,0,0,0,0,0,0,0,0,3849,8,0,0,0,0,0,0,0,0
356,2017-04-19,09:03:02,350,jd1709,XDCE,3849,3830,3867,13728,528246720,172296,172356,4088,3700,3894,3879,0,3850,0,0,0,2017-04-19,32582350,3848,119,0,0,0,0,0,0,0,0,3849,55,0,0,0,0,0,0,0,0
357,2017-04-19,09:03:02,856,jd1709,XDCE,3848,3830,3867,13764,529632000,172316,172356,4088,3700,3894,3879,0,3850,0,0,0,2017-04-19,32582856,3848,101,0,0,0,0,0,0,0,0,3849,56,0,0,0,0,0,0,0,0
358,2017-04-19,09:03:03,351,jd1709,XDCE,3848,3830,3867,13970,537558920,172332,172356,4088,3700,3894,3879,0,3850,0,0,0,2017-04-19,32583351,3847,35,0,0,0,0,0,0,0,0,3848,25,0,0,0,0,0,0,0,0
359,2017-04-19,09:03:03,760,jd1709,XDCE,3847,3830,3867,14040,540251820,172350,172356,4088,3700,3894,3879,0,3850,0,0,0,2017-04-19,32583760,3846,300,0,0,0,0,0,0,0,0,3847,36,0,0,0,0,0,0,0,0
360,2017-04-19,09:03:04,346,jd1709,XDCE,3847,3830,3867,14050,540636520,172358,172356,4088,3700,3894,3879,0,3850,0,0,0,2017-04-19,32584346,3846,300,0,0,0,0,0,0,0,0,3847,41,0,0,0,0,0,0,0,0
361,2017-04-19,09:03:04,750,jd1709,XDCE,3847,3830,3867,14060,541021220,172368,172356,4088,3700,3894,3879,0,3850,0,0,0,2017-04-19,32584750,3846,300,0,0,0,0,0,0,0,0,3847,36,0,0,0,0,0,0,0,0
362,2017-04-19,09:03:05,306,jd1709,XDCE,3847,3830,3867,14060,541021220,172368,172356,4088,3700,3894,3879,0,3850,0,0,0,2017-04-19,32585306,3846,300,0,0,0,0,0,0,0,0,3847,38,0,0,0,0,0,0,0,0
363,2017-04-19,09:03:05,732,jd1709,XDCE,3847,3830,3867,14204,546559820,172240,172356,4088,3700,3894,3879,0,3850,0,0,0,2017-04-19,32585732,3846,247,0,0,0,0,0,0,0,0,3847,20,0,0,0,0,0,0,0,0
364,2017-04-19,09:03:06,358,jd1709,XDCE,3846,3830,3867,14230,547559840,172214,172356,4088,3700,3894,3879,0,3850,0,0,0,2017-04-19,32586358,3846,237,0,0,0,0,0,0,0,0,3847,15,0,0,0,0,0,0,0,0
365,2017-04-19,09:03:06,854,jd1709,XDCE,3846,3830,3867,14402,554174960,172114,172356,4088,3700,3894,3879,0,3850,0,0,0,2017-04-19,32586854,3846,150,0,0,0,0,0,0,0,0,3847,17,0,0,0,0,0,0,0,0
366,2017-04-19,09:03:07,353,jd1709,XDCE,3846,3830,3867,14570,560636280,172108,172356,4088,3700,3894,3879,0,3850,0,0,0,2017-04-19,32587353,3846,68,0,0,0,0,0,0,0,0,3847,30,0,0,0,0,0,0,0,0
367,2017-04-19,09:03:07,856,jd1709,XDCE,3846,3830,3867,14720,566405400,171992,172356,4088,3700,3894,3879,0,3850,0,0,0,2017-04-19,32587856,3845,32,0,0,0,0,0,0,0,0,3846,17,0,0,0,0,0,0,0,0
368,2017-04-19,09:03:08,356,jd1709,XDCE,3845,3830,3867,14740,567174440,171998,172356,4088,3700,3894,3879,0,3850,0,0,0,2017-04-19,32588356,3845,17,0,0,0,0,0,0,0,0,3846,86,0,0,0,0,0,0,0,0
369,2017-04-19,09:03:08,762,jd1709,XDCE,3845,3830,3867,14768,568251200,171994,172356,4088,3700,3894,3879,0,3850,0,0,0,2017-04-19,32588762,3845,12,0,0,0,0,0,0,0,0,3846,78,0,0,0,0,0,0,0,0
370,2017-04-19,09:03:09,351,jd1709,XDCE,3845,3830,3867,14778,568635700,171996,172356,4088,3700,3894,3879,0,3850,0,0,0,2017-04-19,32589351,3845,7,0,0,0,0,0,0,0,0,3846,78,0,0,0,0,0,0,0,0
371,2017-04-19,09:03:09,847,jd1709,XDCE,3844,3830,3867,14834,570788860,171978,172356,4088,3700,3894,3879,0,3850,0,0,0,2017-04-19,32589847,3844,43,0,0,0,0,0,0,0,0,3846,72,0,0,0,0,0,0,0,0
372,2017-04-19,09:03:10,350,jd1709,XDCE,3844,3830,3867,14920,574094700,172012,172356,4088,3700,3894,3879,0,3850,0,0,0,2017-04-19,32590350,3843,14,0,0,0,0,0,0,0,0,3844,3,0,0,0,0,0,0,0,0
373,2017-04-19,09:03:10,853,jd1709,XDCE,3843,3830,3867,14948,575171180,172020,172356,4088,3700,3894,3879,0,3850,0,0,0,2017-04-19,32590853,3844,1,0,0,0,0,0,0,0,0,3845,19,0,0,0,0,0,0,0,0
374,2017-04-19,09:03:11,350,jd1709,XDCE,3843,3830,3867,14958,575555560,172026,172356,4088,3700,3894,3879,0,3850,0,0,0,2017-04-19,32591350,3843,11,0,0,0,0,0,0,0,0,3845,19,0,0,0,0,0,0,0,0
375,2017-04-19,09:03:11,852,jd1709,XDCE,3843,3830,3867,14984,576555060,172026,172356,4088,3700,3894,3879,0,3850,0,0,0,2017-04-19,32591852,3843,6,0,0,0,0,0,0,0,0,3845,13,0,0,0,0,0,0,0,0
376,2017-04-19,09:03:12,349,jd1709,XDCE,3845,3830,3867,15002,577247160,172026,172356,4088,3700,3894,3879,0,3850,0,0,0,2017-04-19,32592349,3843,18,0,0,0,0,0,0,0,0,3845,5,0,0,0,0,0,0,0,0
377,2017-04-19,09:03:12,853,jd1709,XDCE,3844,3830,3867,15010,577554660,172024,172356,4088,3700,3894,3879,0,3850,0,0,0,2017-04-19,32592853,3844,28,0,0,0,0,0,0,0,0,3845,4,0,0,0,0,0,0,0,0
378,2017-04-19,09:03:13,243,jd1709,XDCE,3845,3830,3867,15038,578631080,172012,172356,4088,3700,3894,3879,0,3850,0,0,0,2017-04-19,32593243,3844,21,0,0,0,0,0,0,0,0,3846,29,0,0,0,0,0,0,0,0
379,2017-04-19,09:03:14,349,jd1709,XDCE,3845,3830,3867,15038,578631080,172012,172356,4088,3700,3894,3879,0,3850,0,0,0,2017-04-19,32594349,3845,6,0,0,0,0,0,0,0,0,3846,29,0,0,0,0,0,0,0,0
380,2017-04-19,09:03:14,814,jd1709,XDCE,3845,3830,3867,15048,579015600,172008,172356,4088,3700,3894,3879,0,3850,0,0,0,2017-04-19,32594814,3845,2,0,0,0,0,0,0,0,0,3846,27,0,0,0,0,0,0,0,0
381,2017-04-19,09:03:15,351,jd1709,XDCE,3846,3830,3867,15136,582400020,172032,172356,4088,3700,3894,3879,0,3850,0,0,0,2017-04-19,32595351,3845,3,0,0,0,0,0,0,0,0,3846,5,0,0,0,0,0,0,0,0
382,2017-04-19,09:03:15,833,jd1709,XDCE,3844,3830,3867,15152,583015140,172042,172356,4088,3700,3894,3879,0,3850,0,0,0,2017-04-19,32595833,3845,2,0,0,0,0,0,0,0,0,3846,5,0,0,0,0,0,0,0,0
383,2017-04-19,09:03:16,346,jd1709,XDCE,3844,3830,3867,15180,584091560,172042,172356,4088,3700,3894,3879,0,3850,0,0,0,2017-04-19,32596346,3844,5,0,0,0,0,0,0,0,0,3846,7,0,0,0,0,0,0,0,0
384,2017-04-19,09:03:16,850,jd1709,XDCE,3846,3830,3867,15182,584168480,172042,172356,4088,3700,3894,3879,0,3850,0,0,0,2017-04-19,32596850,3844,11,0,0,0,0,0,0,0,0,3846,6,0,0,0,0,0,0,0,0
385,2017-04-19,09:03:17,348,jd1709,XDCE,3846,3830,3867,15184,584245400,172042,172356,4088,3700,3894,3879,0,3850,0,0,0,2017-04-19,32597348,3845,4,0,0,0,0,0,0,0,0,3846,5,0,0,0,0,0,0,0,0
386,2017-04-19,09:03:17,861,jd1709,XDCE,3846,3830,3867,15204,585014580,172030,172356,4088,3700,3894,3879,0,3850,0,0,0,2017-04-19,32597861,3846,10,0,0,0,0,0,0,0,0,3847,15,0,0,0,0,0,0,0,0
387,2017-04-19,09:03:18,350,jd1709,XDCE,3846,3830,3867,15224,585783780,172030,172356,4088,3700,3894,3879,0,3850,0,0,0,2017-04-19,32598350,3845,5,0,0,0,0,0,0,0,0,3847,15,0,0,0,0,0,0,0,0
388,2017-04-19,09:03:18,859,jd1709,XDCE,3845,3830,3867,15226,585860680,172030,172356,4088,3700,3894,3879,0,3850,0,0,0,2017-04-19,32598859,3845,4,0,0,0,0,0,0,0,0,3847,16,0,0,0,0,0,0,0,0
389,2017-04-19,09:03:19,195,jd1709,XDCE,3845,3830,3867,15242,586475880,172014,172356,4088,3700,3894,3879,0,3850,0,0,0,2017-04-19,32599195,3846,12,0,0,0,0,0,0,0,0,3847,11,0,0,0,0,0,0,0,0
390,2017-04-19,09:03:19,771,jd1709,XDCE,3846,3830,3867,15246,586629720,172012,172356,4088,3700,3894,3879,0,3850,0,0,0,2017-04-19,32599771,3846,10,0,0,0,0,0,0,0,0,3847,11,0,0,0,0,0,0,0,0
391,2017-04-19,09:03:20,299,jd1709,XDCE,3847,3830,3867,15250,586783580,172010,172356,4088,3700,3894,3879,0,3850,0,0,0,2017-04-19,32600299,3846,9,0,0,0,0,0,0,0,0,3847,65,0,0,0,0,0,0,0,0
392,2017-04-19,09:03:20,846,jd1709,XDCE,3846,3830,3867,15266,587399080,172004,172356,4088,3700,3894,3879,0,3850,0,0,0,2017-04-19,32600846,3846,9,0,0,0,0,0,0,0,0,3847,58,0,0,0,0,0,0,0,0
393,2017-04-19,09:03:21,273,jd1709,XDCE,3847,3830,3867,15328,589783200,172010,172356,4088,3700,3894,3879,0,3850,0,0,0,2017-04-19,32601273,3845,17,0,0,0,0,0,0,0,0,3846,6,0,0,0,0,0,0,0,0
394,2017-04-19,09:03:21,846,jd1709,XDCE,3845,3830,3867,15346,590475300,172010,172356,4088,3700,3894,3879,0,3850,0,0,0,2017-04-19,32601846,3845,7,0,0,0,0,0,0,0,0,3846,11,0,0,0,0,0,0,0,0
395,2017-04-19,09:03:22,350,jd1709,XDCE,3846,3830,3867,15348,590552220,172008,172356,4088,3700,3894,3879,0,3850,0,0,0,2017-04-19,32602350,3845,8,0,0,0,0,0,0,0,0,3846,12,0,0,0,0,0,0,0,0
396,2017-04-19,09:03:22,828,jd1709,XDCE,3845,3830,3867,15358,590936740,172008,172356,4088,3700,3894,3879,0,3850,0,0,0,2017-04-19,32602828,3845,5,0,0,0,0,0,0,0,0,3846,11,0,0,0,0,0,0,0,0
397,2017-04-19,09:03:23,353,jd1709,XDCE,3845,3830,3867,15364,591167480,172008,172356,4088,3700,3894,3879,0,3850,0,0,0,2017-04-19,32603353,3845,9,0,0,0,0,0,0,0,0,3846,10,0,0,0,0,0,0,0,0
398,2017-04-19,09:03:23,816,jd1709,XDCE,3845,3830,3867,15366,591244380,172008,172356,4088,3700,3894,3879,0,3850,0,0,0,2017-04-19,32603816,3845,9,0,0,0,0,0,0,0,0,3846,23,0,0,0,0,0,0,0,0
399,2017-04-19,09:03:24,346,jd1709,XDCE,3845,3830,3867,15416,593167360,172046,172356,4088,3700,3894,3879,0,3850,0,0,0,2017-04-19,32604346,3845,11,0,0,0,0,0,0,0,0,3846,1,0,0,0,0,0,0,0,0
400,2017-04-19,09:03:24,852,jd1709,XDCE,3845,3830,3867,15450,594474700,172048,172356,4088,3700,3894,3879,0,3850,0,0,0,2017-04-19,32604852,3845,21,0,0,0,0,0,0,0,0,3847,57,0,0,0,0,0,0,0,0
401,2017-04-19,09:03:25,358,jd1709,XDCE,3845,3830,3867,15476,595474400,172048,172356,4088,3700,3894,3879,0,3850,0,0,0,2017-04-19,32605358,3846,1,0,0,0,0,0,0,0,0,3847,58,0,0,0,0,0,0,0,0
402,2017-04-19,09:03:25,850,jd1709,XDCE,3847,3830,3867,15508,596704960,172058,172356,4088,3700,3894,3879,0,3850,0,0,0,2017-04-19,32605850,3844,28,0,0,0,0,0,0,0,0,3847,56,0,0,0,0,0,0,0,0
403,2017-04-19,09:03:26,347,jd1709,XDCE,3846,3830,3867,15510,596781880,172058,172356,4088,3700,3894,3879,0,3850,0,0,0,2017-04-19,32606347,3845,4,0,0,0,0,0,0,0,0,3847,56,0,0,0,0,0,0,0,0
404,2017-04-19,09:03:26,842,jd1709,XDCE,3845,3830,3867,15534,597704680,172060,172356,4088,3700,3894,3879,0,3850,0,0,0,2017-04-19,32606842,3845,14,0,0,0,0,0,0,0,0,3847,60,0,0,0,0,0,0,0,0
405,2017-04-19,09:03:27,230,jd1709,XDCE,3845,3830,3867,15556,598550600,172044,172356,4088,3700,3894,3879,0,3850,0,0,0,2017-04-19,32607230,3845,4,0,0,0,0,0,0,0,0,3847,60,0,0,0,0,0,0,0,0
406,2017-04-19,09:03:27,850,jd1709,XDCE,3844,3830,3867,15576,599319480,172054,172356,4088,3700,3894,3879,0,3850,0,0,0,2017-04-19,32607850,3844,22,0,0,0,0,0,0,0,0,3847,60,0,0,0,0,0,0,0,0
407,2017-04-19,09:03:28,349,jd1709,XDCE,3846,3830,3867,15582,599550200,172060,172356,4088,3700,3894,3879,0,3850,0,0,0,2017-04-19,32608349,3845,1,0,0,0,0,0,0,0,0,3846,16,0,0,0,0,0,0,0,0
408,2017-04-19,09:03:28,849,jd1709,XDCE,3845,3830,3867,15584,599627100,172060,172356,4088,3700,3894,3879,0,3850,0,0,0,2017-04-19,32608849,3844,25,0,0,0,0,0,0,0,0,3845,1,0,0,0,0,0,0,0,0
409,2017-04-19,09:03:29,226,jd1709,XDCE,3845,3830,3867,15586,599704000,172060,172356,4088,3700,3894,3879,0,3850,0,0,0,2017-04-19,32609226,3845,3,0,0,0,0,0,0,0,0,3846,16,0,0,0,0,0,0,0,0
410,2017-04-19,09:03:29,718,jd1709,XDCE,3846,3830,3867,15598,600165420,172064,172356,4088,3700,3894,3879,0,3850,0,0,0,2017-04-19,32609718,3845,3,0,0,0,0,0,0,0,0,3846,15,0,0,0,0,0,0,0,0
411,2017-04-19,09:03:30,350,jd1709,XDCE,3846,3830,3867,15598,600165420,172064,172356,4088,3700,3894,3879,0,3850,0,0,0,2017-04-19,32610350,3845,13,0,0,0,0,0,0,0,0,3846,16,0,0,0,0,0,0,0,0
412,2017-04-19,09:03:31,281,jd1709,XDCE,3846,3830,3867,15602,600319240,172062,172356,4088,3700,3894,3879,0,3850,0,0,0,2017-04-19,32611281,3845,12,0,0,0,0,0,0,0,0,3846,15,0,0,0,0,0,0,0,0
413,2017-04-19,09:03:31,715,jd1709,XDCE,3845,3830,3867,15614,600780640,172070,172356,4088,3700,3894,3879,0,3850,0,0,0,2017-04-19,32611715,3845,6,0,0,0,0,0,0,0,0,3846,15,0,0,0,0,0,0,0,0
414,2017-04-19,09:03:32,846,jd1709,XDCE,3846,3830,3867,15646,602011360,172072,172356,4088,3700,3894,3879,0,3850,0,0,0,2017-04-19,32612846,3845,12,0,0,0,0,0,0,0,0,3846,3,0,0,0,0,0,0,0,0
415,2017-04-19,09:03:33,350,jd1709,XDCE,3844,3830,3867,15690,603702980,172102,172356,4088,3700,3894,3879,0,3850,0,0,0,2017-04-19,32613350,3844,18,0,0,0,0,0,0,0,0,3846,5,0,0,0,0,0,0,0,0
416,2017-04-19,09:03:33,748,jd1709,XDCE,3845,3830,3867,15696,603933680,172108,172356,4088,3700,3894,3879,0,3850,0,0,0,2017-04-19,32613748,3844,18,0,0,0,0,0,0,0,0,3845,7,0,0,0,0,0,0,0,0
417,2017-04-19,09:03:34,213,jd1709,XDCE,3845,3830,3867,15710,604471980,172108,172356,4088,3700,3894,3879,0,3850,0,0,0,2017-04-19,32614213,3845,5,0,0,0,0,0,0,0,0,3846,6,0,0,0,0,0,0,0,0
418,2017-04-19,09:03:34,782,jd1709,XDCE,3845,3830,3867,15716,604702700,172112,172356,4088,3700,3894,3879,0,3850,0,0,0,2017-04-19,32614782,3845,4,0,0,0,0,0,0,0,0,3846,3,0,0,0,0,0,0,0,0
419,2017-04-19,09:03:35,274,jd1709,XDCE,3845,3830,3867,15718,604779600,172114,172356,4088,3700,3894,3879,0,3850,0,0,0,2017-04-19,32615274,3845,3,0,0,0,0,0,0,0,0,3846,5,0,0,0,0,0,0,0,0
420,2017-04-19,09:03:35,846,jd1709,XDCE,3846,3830,3867,15728,605164120,172116,172356,4088,3700,3894,3879,0,3850,0,0,0,2017-04-19,32615846,3845,2,0,0,0,0,0,0,0,0,3846,6,0,0,0,0,0,0,0,0
421,2017-04-19,09:03:36,818,jd1709,XDCE,3845,3830,3867,15732,605317920,172116,172356,4088,3700,3894,3879,0,3850,0,0,0,2017-04-19,32616818,3844,20,0,0,0,0,0,0,0,0,3846,6,0,0,0,0,0,0,0,0
422,2017-04-19,09:03:37,346,jd1709,XDCE,3846,3830,3867,15734,605394840,172114,172356,4088,3700,3894,3879,0,3850,0,0,0,2017-04-19,32617346,3845,2,0,0,0,0,0,0,0,0,3846,5,0,0,0,0,0,0,0,0
423,2017-04-19,09:03:37,837,jd1709,XDCE,3845,3830,3867,15744,605779360,172118,172356,4088,3700,3894,3879,0,3850,0,0,0,2017-04-19,32617837,3845,5,0,0,0,0,0,0,0,0,3846,6,0,0,0,0,0,0,0,0
424,2017-04-19,09:03:38,341,jd1709,XDCE,3845,3830,3867,15762,606471460,172134,172356,4088,3700,3894,3879,0,3850,0,0,0,2017-04-19,32618341,3844,21,0,0,0,0,0,0,0,0,3845,32,0,0,0,0,0,0,0,0
425,2017-04-19,09:03:38,809,jd1709,XDCE,3845,3830,3867,15766,606625260,172136,172356,4088,3700,3894,3879,0,3850,0,0,0,2017-04-19,32618809,3844,21,0,0,0,0,0,0,0,0,3845,30,0,0,0,0,0,0,0,0
426,2017-04-19,09:03:39,854,jd1709,XDCE,3845,3830,3867,15830,609086060,172138,172356,4088,3700,3894,3879,0,3850,0,0,0,2017-04-19,32619854,3845,10,0,0,0,0,0,0,0,0,3846,7,0,0,0,0,0,0,0,0
427,2017-04-19,09:03:40,351,jd1709,XDCE,3845,3830,3867,15862,610316460,172150,172356,4088,3700,3894,3879,0,3850,0,0,0,2017-04-19,32620351,3844,25,0,0,0,0,0,0,0,0,3846,7,0,0,0,0,0,0,0,0
428,2017-04-19,09:03:40,740,jd1709,XDCE,3845,3830,3867,15862,610316460,172150,172356,4088,3700,3894,3879,0,3850,0,0,0,2017-04-19,32620740,3844,30,0,0,0,0,0,0,0,0,3846,8,0,0,0,0,0,0,0,0
429,2017-04-19,09:03:41,352,jd1709,XDCE,3845,3830,3867,15878,610931560,172152,172356,4088,3700,3894,3879,0,3850,0,0,0,2017-04-19,32621352,3844,25,0,0,0,0,0,0,0,0,3846,8,0,0,0,0,0,0,0,0
430,2017-04-19,09:03:41,851,jd1709,XDCE,3845,3830,3867,15902,611854360,172152,172356,4088,3700,3894,3879,0,3850,0,0,0,2017-04-19,32621851,3845,12,0,0,0,0,0,0,0,0,3846,8,0,0,0,0,0,0,0,0
431,2017-04-19,09:03:42,350,jd1709,XDCE,3846,3830,3867,15980,614854240,172130,172356,4088,3700,3894,3879,0,3850,0,0,0,2017-04-19,32622350,3844,25,0,0,0,0,0,0,0,0,3846,25,0,0,0,0,0,0,0,0
432,2017-04-19,09:03:42,516,jd1709,XDCE,3846,3830,3867,15980,614854240,172130,172356,4088,3700,3894,3879,0,3850,0,0,0,2017-04-19,32622516,3844,52,0,0,0,0,0,0,0,0,3846,25,0,0,0,0,0,0,0,0
433,2017-04-19,09:03:43,327,jd1709,XDCE,3844,3830,3867,15982,614931120,172130,172356,4088,3700,3894,3879,0,3850,0,0,0,2017-04-19,32623327,3844,54,0,0,0,0,0,0,0,0,3846,25,0,0,0,0,0,0,0,0
434,2017-04-19,09:03:44,359,jd1709,XDCE,3844,3830,3867,16000,615623040,172130,172356,4088,3700,3894,3879,0,3850,0,0,0,2017-04-19,32624359,3845,10,0,0,0,0,0,0,0,0,3847,67,0,0,0,0,0,0,0,0
435,2017-04-19,09:03:44,697,jd1709,XDCE,3845,3830,3867,16006,615853780,172124,172356,4088,3700,3894,3879,0,3850,0,0,0,2017-04-19,32624697,3845,13,0,0,0,0,0,0,0,0,3846,28,0,0,0,0,0,0,0,0
436,2017-04-19,09:03:45,185,jd1709,XDCE,3845,3830,3867,16006,615853780,172124,172356,4088,3700,3894,3879,0,3850,0,0,0,2017-04-19,32625185,3845,13,0,0,0,0,0,0,0,0,3846,31,0,0,0,0,0,0,0,0
437,2017-04-19,09:03:45,497,jd1709,XDCE,3845,3830,3867,16012,616084480,172118,172356,4088,3700,3894,3879,0,3850,0,0,0,2017-04-19,32625497,3845,10,0,0,0,0,0,0,0,0,3846,31,0,0,0,0,0,0,0,0
438,2017-04-19,09:03:46,349,jd1709,XDCE,3845,3830,3867,16016,616238280,172118,172356,4088,3700,3894,3879,0,3850,0,0,0,2017-04-19,32626349,3845,8,0,0,0,0,0,0,0,0,3846,53,0,0,0,0,0,0,0,0
439,2017-04-19,09:03:46,860,jd1709,XDCE,3845,3830,3867,16016,616238280,172118,172356,4088,3700,3894,3879,0,3850,0,0,0,2017-04-19,32626860,3845,9,0,0,0,0,0,0,0,0,3846,26,0,0,0,0,0,0,0,0
440,2017-04-19,09:03:47,284,jd1709,XDCE,3845,3830,3867,16034,616930380,172102,172356,4088,3700,3894,3879,0,3850,0,0,0,2017-04-19,32627284,3844,48,0,0,0,0,0,0,0,0,3845,11,0,0,0,0,0,0,0,0
441,2017-04-19,09:03:47,824,jd1709,XDCE,3845,3830,3867,16034,616930380,172102,172356,4088,3700,3894,3879,0,3850,0,0,0,2017-04-19,32627824,3844,47,0,0,0,0,0,0,0,0,3845,11,0,0,0,0,0,0,0,0
442,2017-04-19,09:03:48,276,jd1709,XDCE,3845,3830,3867,16038,617084180,172100,172356,4088,3700,3894,3879,0,3850,0,0,0,2017-04-19,32628276,3844,47,0,0,0,0,0,0,0,0,3845,21,0,0,0,0,0,0,0,0
443,2017-04-19,09:03:48,804,jd1709,XDCE,3844,3830,3867,16048,617468580,172106,172356,4088,3700,3894,3879,0,3850,0,0,0,2017-04-19,32628804,3844,42,0,0,0,0,0,0,0,0,3845,22,0,0,0,0,0,0,0,0
444,2017-04-19,09:03:49,350,jd1709,XDCE,3844,3830,3867,16052,617622360,172108,172356,4088,3700,3894,3879,0,3850,0,0,0,2017-04-19,32629350,3844,41,0,0,0,0,0,0,0,0,3845,13,0,0,0,0,0,0,0,0
445,2017-04-19,09:03:49,763,jd1709,XDCE,3845,3830,3867,16058,617853020,172114,172356,4088,3700,3894,3879,0,3850,0,0,0,2017-04-19,32629763,3844,39,0,0,0,0,0,0,0,0,3845,12,0,0,0,0,0,0,0,0
446,2017-04-19,09:03:50,340,jd1709,XDCE,3845,3830,3867,16074,618468200,172128,172356,4088,3700,3894,3879,0,3850,0,0,0,2017-04-19,32630340,3844,38,0,0,0,0,0,0,0,0,3845,5,0,0,0,0,0,0,0,0
447,2017-04-19,09:03:50,820,jd1709,XDCE,3845,3830,3867,16080,618698880,172128,172356,4088,3700,3894,3879,0,3850,0,0,0,2017-04-19,32630820,3844,37,0,0,0,0,0,0,0,0,3845,4,0,0,0,0,0,0,0,0
448,2017-04-19,09:03:51,270,jd1709,XDCE,3844,3830,3867,16082,618775760,172128,172356,4088,3700,3894,3879,0,3850,0,0,0,2017-04-19,32631270,3844,36,0,0,0,0,0,0,0,0,3845,4,0,0,0,0,0,0,0,0
449,2017-04-19,09:03:51,778,jd1709,XDCE,3844,3830,3867,16134,620774960,172146,172356,4088,3700,3894,3879,0,3850,0,0,0,2017-04-19,32631778,3844,26,0,0,0,0,0,0,0,0,3845,7,0,0,0,0,0,0,0,0
450,2017-04-19,09:03:52,1,jd1709,XDCE,3845,3830,3867,16138,620928740,172148,172356,4088,3700,3894,3879,0,3850,0,0,0,2017-04-19,32632001,3844,25,0,0,0,0,0,0,0,0,3845,6,0,0,0,0,0,0,0,0
451,2017-04-19,09:03:52,831,jd1709,XDCE,3845,3830,3867,16138,620928740,172148,172356,4088,3700,3894,3879,0,3850,0,0,0,2017-04-19,32632831,3844,30,0,0,0,0,0,0,0,0,3845,6,0,0,0,0,0,0,0,0
452,2017-04-19,09:03:53,199,jd1709,XDCE,3845,3830,3867,16144,621159440,172148,172356,4088,3700,3894,3879,0,3850,0,0,0,2017-04-19,32633199,3844,30,0,0,0,0,0,0,0,0,3845,3,0,0,0,0,0,0,0,0
453,2017-04-19,09:03:53,603,jd1709,XDCE,3844,3830,3867,16148,621313220,172150,172356,4088,3700,3894,3879,0,3850,0,0,0,2017-04-19,32633603,3844,29,0,0,0,0,0,0,0,0,3845,2,0,0,0,0,0,0,0,0
454,2017-04-19,09:03:54,299,jd1709,XDCE,3844,3830,3867,16158,621697620,172160,172356,4088,3700,3894,3879,0,3850,0,0,0,2017-04-19,32634299,3844,24,0,0,0,0,0,0,0,0,3845,2,0,0,0,0,0,0,0,0
455,2017-04-19,09:03:54,779,jd1709,XDCE,3845,3830,3867,16160,621774520,172162,172356,4088,3700,3894,3879,0,3850,0,0,0,2017-04-19,32634779,3844,25,0,0,0,0,0,0,0,0,3845,1,0,0,0,0,0,0,0,0
456,2017-04-19,09:03:55,361,jd1709,XDCE,3844,3830,3867,16164,621928300,172164,172356,4088,3700,3894,3879,0,3850,0,0,0,2017-04-19,32635361,3844,27,0,0,0,0,0,0,0,0,3845,2,0,0,0,0,0,0,0,0
457,2017-04-19,09:03:55,810,jd1709,XDCE,3844,3830,3867,16164,621928300,172164,172356,4088,3700,3894,3879,0,3850,0,0,0,2017-04-19,32635810,3844,27,0,0,0,0,0,0,0,0,3845,3,0,0,0,0,0,0,0,0
458,2017-04-19,09:03:56,288,jd1709,XDCE,3844,3830,3867,16164,621928300,172164,172356,4088,3700,3894,3879,0,3850,0,0,0,2017-04-19,32636288,3844,27,0,0,0,0,0,0,0,0,3845,5,0,0,0,0,0,0,0,0
459,2017-04-19,09:03:56,711,jd1709,XDCE,3844,3830,3867,16204,623465900,172202,172356,4088,3700,3894,3879,0,3850,0,0,0,2017-04-19,32636711,3844,8,0,0,0,0,0,0,0,0,3845,13,0,0,0,0,0,0,0,0
460,2017-04-19,09:03:57,350,jd1709,XDCE,3844,3830,3867,16220,624080940,172196,172356,4088,3700,3894,3879,0,3850,0,0,0,2017-04-19,32637350,3843,38,0,0,0,0,0,0,0,0,3844,11,0,0,0,0,0,0,0,0
461,2017-04-19,09:03:57,662,jd1709,XDCE,3843,3830,3867,16232,624542100,172184,172356,4088,3700,3894,3879,0,3850,0,0,0,2017-04-19,32637662,3843,31,0,0,0,0,0,0,0,0,3844,16,0,0,0,0,0,0,0,0
462,2017-04-19,09:03:58,181,jd1709,XDCE,3844,3830,3867,16236,624695860,172184,172356,4088,3700,3894,3879,0,3850,0,0,0,2017-04-19,32638181,3843,31,0,0,0,0,0,0,0,0,3844,14,0,0,0,0,0,0,0,0
463,2017-04-19,09:03:58,851,jd1709,XDCE,3844,3830,3867,16264,625772180,172202,172356,4088,3700,3894,3879,0,3850,0,0,0,2017-04-19,32638851,3844,6,0,0,0,0,0,0,0,0,3845,15,0,0,0,0,0,0,0,0
464,2017-04-19,09:03:59,241,jd1709,XDCE,3844,3830,3867,16268,625925940,172202,172356,4088,3700,3894,3879,0,3850,0,0,0,2017-04-19,32639241,3844,5,0,0,0,0,0,0,0,0,3845,16,0,0,0,0,0,0,0,0
465,2017-04-19,09:03:59,841,jd1709,XDCE,3843,3830,3867,16310,627540100,172240,172356,4088,3700,3894,3879,0,3850,0,0,0,2017-04-19,32639841,3843,15,0,0,0,0,0,0,0,0,3845,17,0,0,0,0,0,0,0,0
466,2017-04-19,09:04:00,359,jd1709,XDCE,3844,3830,3867,16334,628462480,172252,172356,4088,3700,3894,3879,0,3850,0,0,0,2017-04-19,32640359,3843,5,0,0,0,0,0,0,0,0,3844,32,0,0,0,0,0,0,0,0
467,2017-04-19,09:04:00,854,jd1709,XDCE,3838,3830,3867,16798,646275020,172518,172356,4088,3700,3894,3879,0,3850,0,0,0,2017-04-19,32640854,3838,1,0,0,0,0,0,0,0,0,3839,32,0,0,0,0,0,0,0,0
468,2017-04-19,09:04:01,352,jd1709,XDCE,3831,3821,3867,17560,675449400,172910,172356,4088,3700,3894,3879,0,3850,0,0,0,2017-04-19,32641352,3823,2,0,0,0,0,0,0,0,0,3831,2,0,0,0,0,0,0,0,0
469,2017-04-19,09:04:01,860,jd1709,XDCE,3826,3818,3867,18264,702365640,173136,172356,4088,3700,3894,3879,0,3850,0,0,0,2017-04-19,32641860,3819,2,0,0,0,0,0,0,0,0,3826,3,0,0,0,0,0,0,0,0
470,2017-04-19,09:04:02,361,jd1709,XDCE,3817,3816,3867,18874,725661480,172996,172356,4088,3700,3894,3879,0,3850,0,0,0,2017-04-19,32642361,3817,46,0,0,0,0,0,0,0,0,3823,9,0,0,0,0,0,0,0,0
471,2017-04-19,09:04:02,861,jd1709,XDCE,3819,3814,3867,19404,745899320,173146,172356,4088,3700,3894,3879,0,3850,0,0,0,2017-04-19,32642861,3819,16,0,0,0,0,0,0,0,0,3823,7,0,0,0,0,0,0,0,0
472,2017-04-19,09:04:03,361,jd1709,XDCE,3819,3814,3867,19658,755599600,173252,172356,4088,3700,3894,3879,0,3850,0,0,0,2017-04-19,32643361,3816,4,0,0,0,0,0,0,0,0,3819,7,0,0,0,0,0,0,0,0
473,2017-04-19,09:04:03,857,jd1709,XDCE,3817,3814,3867,19712,757660880,173238,172356,4088,3700,3894,3879,0,3850,0,0,0,2017-04-19,32643857,3817,11,0,0,0,0,0,0,0,0,3818,21,0,0,0,0,0,0,0,0
474,2017-04-19,09:04:04,351,jd1709,XDCE,3816,3814,3867,19782,760332780,173212,172356,4088,3700,3894,3879,0,3850,0,0,0,2017-04-19,32644351,3815,3,0,0,0,0,0,0,0,0,3816,4,0,0,0,0,0,0,0,0
475,2017-04-19,09:04:04,851,jd1709,XDCE,3814,3814,3867,19820,761782580,173210,172356,4088,3700,3894,3879,0,3850,0,0,0,2017-04-19,32644851,3813,78,0,0,0,0,0,0,0,0,3814,1,0,0,0,0,0,0,0,0
476,2017-04-19,09:04:05,357,jd1709,XDCE,3814,3813,3867,19970,767502880,173256,172356,4088,3700,3894,3879,0,3850,0,0,0,2017-04-19,32645357,3813,44,0,0,0,0,0,0,0,0,3814,21,0,0,0,0,0,0,0,0
477,2017-04-19,09:04:05,852,jd1709,XDCE,3813,3813,3867,20068,771239720,173318,172356,4088,3700,3894,3879,0,3850,0,0,0,2017-04-19,32645852,3812,8,0,0,0,0,0,0,0,0,3813,5,0,0,0,0,0,0,0,0
478,2017-04-19,09:04:06,356,jd1709,XDCE,3814,3811,3867,20218,776958560,173260,172356,4088,3700,3894,3879,0,3850,0,0,0,2017-04-19,32646356,3813,40,0,0,0,0,0,0,0,0,3814,8,0,0,0,0,0,0,0,0
479,2017-04-19,09:04:06,852,jd1709,XDCE,3814,3811,3867,20368,782677360,173256,172356,4088,3700,3894,3879,0,3850,0,0,0,2017-04-19,32646852,3813,6,0,0,0,0,0,0,0,0,3814,34,0,0,0,0,0,0,0,0
480,2017-04-19,09:04:07,353,jd1709,XDCE,3815,3811,3867,20674,794348680,173248,172356,4088,3700,3894,3879,0,3850,0,0,0,2017-04-19,32647353,3813,13,0,0,0,0,0,0,0,0,3815,161,0,0,0,0,0,0,0,0
481,2017-04-19,09:04:07,856,jd1709,XDCE,3815,3811,3867,20752,797324300,173242,172356,4088,3700,3894,3879,0,3850,0,0,0,2017-04-19,32647856,3814,28,0,0,0,0,0,0,0,0,3815,128,0,0,0,0,0,0,0,0
482,2017-04-19,09:04:08,360,jd1709,XDCE,3815,3811,3867,21032,808006060,173074,172356,4088,3700,3894,3879,0,3850,0,0,0,2017-04-19,32648360,3815,27,0,0,0,0,0,0,0,0,3816,10,0,0,0,0,0,0,0,0
483,2017-04-19,09:04:08,857,jd1709,XDCE,3817,3811,3867,21070,809456280,173074,172356,4088,3700,3894,3879,0,3850,0,0,0,2017-04-19,32648857,3818,45,0,0,0,0,0,0,0,0,3819,6,0,0,0,0,0,0,0,0
484,2017-04-19,09:04:09,353,jd1709,XDCE,3823,3811,3867,21174,813431860,173054,172356,4088,3700,3894,3879,0,3850,0,0,0,2017-04-19,32649353,3823,3,0,0,0,0,0,0,0,0,3826,5,0,0,0,0,0,0,0,0
485,2017-04-19,09:04:09,852,jd1709,XDCE,3823,3811,3867,21204,814578720,173038,172356,4088,3700,3894,3879,0,3850,0,0,0,2017-04-19,32649852,3822,7,0,0,0,0,0,0,0,0,3823,9,0,0,0,0,0,0,0,0
486,2017-04-19,09:04:10,355,jd1709,XDCE,3821,3811,3867,21226,815419560,173020,172356,4088,3700,3894,3879,0,3850,0,0,0,2017-04-19,32650355,3820,2,0,0,0,0,0,0,0,0,3821,1,0,0,0,0,0,0,0,0
487,2017-04-19,09:04:10,851,jd1709,XDCE,3821,3811,3867,21260,816718460,173034,172356,4088,3700,3894,3879,0,3850,0,0,0,2017-04-19,32650851,3819,45,0,0,0,0,0,0,0,0,3820,7,0,0,0,0,0,0,0,0
488,2017-04-19,09:04:11,355,jd1709,XDCE,3819,3811,3867,21358,820461120,173118,172356,4088,3700,3894,3879,0,3850,0,0,0,2017-04-19,32651355,3819,1,0,0,0,0,0,0,0,0,3820,9,0,0,0,0,0,0,0,0
489,2017-04-19,09:04:11,851,jd1709,XDCE,3819,3811,3867,21380,821301400,173118,172356,4088,3700,3894,3879,0,3850,0,0,0,2017-04-19,32651851,3818,42,0,0,0,0,0,0,0,0,3820,11,0,0,0,0,0,0,0,0
490,2017-04-19,09:04:12,348,jd1709,XDCE,3820,3811,3867,21390,821683380,173122,172356,4088,3700,3894,3879,0,3850,0,0,0,2017-04-19,32652348,3819,6,0,0,0,0,0,0,0,0,3820,7,0,0,0,0,0,0,0,0
491,2017-04-19,09:04:12,763,jd1709,XDCE,3820,3811,3867,21396,821912580,173128,172356,4088,3700,3894,3879,0,3850,0,0,0,2017-04-19,32652763,3819,7,0,0,0,0,0,0,0,0,3820,44,0,0,0,0,0,0,0,0
492,2017-04-19,09:04:13,350,jd1709,XDCE,3820,3811,3867,21400,822065380,173130,172356,4088,3700,3894,3879,0,3850,0,0,0,2017-04-19,32653350,3819,8,0,0,0,0,0,0,0,0,3820,57,0,0,0,0,0,0,0,0
493,2017-04-19,09:04:13,823,jd1709,XDCE,3820,3811,3867,21468,824662940,173136,172356,4088,3700,3894,3879,0,3850,0,0,0,2017-04-19,32653823,3819,7,0,0,0,0,0,0,0,0,3820,38,0,0,0,0,0,0,0,0
494,2017-04-19,09:04:14,358,jd1709,XDCE,3820,3811,3867,21572,828635520,173132,172356,4088,3700,3894,3879,0,3850,0,0,0,2017-04-19,32654358,3819,10,0,0,0,0,0,0,0,0,3820,4,0,0,0,0,0,0,0,0
495,2017-04-19,09:04:14,860,jd1709,XDCE,3820,3811,3867,21624,830621880,173118,172356,4088,3700,3894,3879,0,3850,0,0,0,2017-04-19,32654860,3820,28,0,0,0,0,0,0,0,0,3822,7,0,0,0,0,0,0,0,0
496,2017-04-19,09:04:15,214,jd1709,XDCE,3822,3811,3867,21634,831004080,173118,172356,4088,3700,3894,3879,0,3850,0,0,0,2017-04-19,32655214,3821,1,0,0,0,0,0,0,0,0,3822,6,0,0,0,0,0,0,0,0
497,2017-04-19,09:04:15,854,jd1709,XDCE,3820,3811,3867,21660,831997520,173112,172356,4088,3700,3894,3879,0,3850,0,0,0,2017-04-19,32655854,3820,27,0,0,0,0,0,0,0,0,3822,6,0,0,0,0,0,0,0,0
498,2017-04-19,09:04:16,349,jd1709,XDCE,3822,3811,3867,21670,832379560,173118,172356,4088,3700,3894,3879,0,3850,0,0,0,2017-04-19,32656349,3820,24,0,0,0,0,0,0,0,0,3822,2,0,0,0,0,0,0,0,0
499,2017-04-19,09:04:16,839,jd1709,XDCE,3822,3811,3867,21684,832914600,173126,172356,4088,3700,3894,3879,0,3850,0,0,0,2017-04-19,32656839,3822,12,0,0,0,0,0,0,0,0,3823,21,0,0,0,0,0,0,0,0
500,2017-04-19,09:04:17,351,jd1709,XDCE,3822,3811,3867,21718,834214020,173128,172356,4088,3700,3894,3879,0,3850,0,0,0,2017-04-19,32657351,3820,28,0,0,0,0,0,0,0,0,3822,7,0,0,0,0,0,0,0,0
501,2017-04-19,09:04:17,822,jd1709,XDCE,3822,3811,3867,21726,834519780,173128,172356,4088,3700,3894,3879,0,3850,0,0,0,2017-04-19,32657822,3820,30,0,0,0,0,0,0,0,0,3822,31,0,0,0,0,0,0,0,0
502,2017-04-19,09:04:18,359,jd1709,XDCE,3822,3811,3867,21748,835360620,173134,172356,4088,3700,3894,3879,0,3850,0,0,0,2017-04-19,32658359,3820,30,0,0,0,0,0,0,0,0,3822,20,0,0,0,0,0,0,0,0
503,2017-04-19,09:04:18,811,jd1709,XDCE,3820,3811,3867,21816,837958220,173108,172356,4088,3700,3894,3879,0,3850,0,0,0,2017-04-19,32658811,3819,37,0,0,0,0,0,0,0,0,3820,8,0,0,0,0,0,0,0,0
504,2017-04-19,09:04:19,350,jd1709,XDCE,3820,3811,3867,21852,839333220,173084,172356,4088,3700,3894,3879,0,3850,0,0,0,2017-04-19,32659350,3820,2,0,0,0,0,0,0,0,0,3821,1,0,0,0,0,0,0,0,0
505,2017-04-19,09:04:19,859,jd1709,XDCE,3819,3811,3867,21872,840097100,173086,172356,4088,3700,3894,3879,0,3850,0,0,0,2017-04-19,32659859,3819,27,0,0,0,0,0,0,0,0,3820,1,0,0,0,0,0,0,0,0
506,2017-04-19,09:04:20,353,jd1709,XDCE,3822,3811,3867,21890,840784940,173084,172356,4088,3700,3894,3879,0,3850,0,0,0,2017-04-19,32660353,3819,25,0,0,0,0,0,0,0,0,3822,27,0,0,0,0,0,0,0,0
507,2017-04-19,09:04:20,804,jd1709,XDCE,3819,3811,3867,21896,841014080,173084,172356,4088,3700,3894,3879,0,3850,0,0,0,2017-04-19,32660804,3819,23,0,0,0,0,0,0,0,0,3820,20,0,0,0,0,0,0,0,0
508,2017-04-19,09:04:21,327,jd1709,XDCE,3820,3811,3867,21900,841166880,173086,172356,4088,3700,3894,3879,0,3850,0,0,0,2017-04-19,32661327,3819,23,0,0,0,0,0,0,0,0,3820,20,0,0,0,0,0,0,0,0
509,2017-04-19,09:04:21,777,jd1709,XDCE,3820,3811,3867,21950,843076700,173104,172356,4088,3700,3894,3879,0,3850,0,0,0,2017-04-19,32661777,3819,17,0,0,0,0,0,0,0,0,3820,10,0,0,0,0,0,0,0,0
510,2017-04-19,09:04:22,350,jd1709,XDCE,3820,3811,3867,21986,844451800,173118,172356,4088,3700,3894,3879,0,3850,0,0,0,2017-04-19,32662350,3820,2,0,0,0,0,0,0,0,0,3821,18,0,0,0,0,0,0,0,0
511,2017-04-19,09:04:22,852,jd1709,XDCE,3821,3811,3867,21998,844910320,173116,172356,4088,3700,3894,3879,0,3850,0,0,0,2017-04-19,32662852,3820,4,0,0,0,0,0,0,0,0,3821,12,0,0,0,0,0,0,0,0
512,2017-04-19,09:04:23,321,jd1709,XDCE,3819,3811,3867,22010,845368720,173116,172356,4088,3700,3894,3879,0,3850,0,0,0,2017-04-19,32663321,3819,18,0,0,0,0,0,0,0,0,3820,1,0,0,0,0,0,0,0,0
513,2017-04-19,09:04:23,860,jd1709,XDCE,3820,3811,3867,22130,849951980,173104,172356,4088,3700,3894,3879,0,3850,0,0,0,2017-04-19,32663860,3819,5,0,0,0,0,0,0,0,0,3820,24,0,0,0,0,0,0,0,0
514,2017-04-19,09:04:24,351,jd1709,XDCE,3820,3811,3867,22168,851403480,173098,172356,4088,3700,3894,3879,0,3850,0,0,0,2017-04-19,32664351,3818,15,0,0,0,0,0,0,0,0,3820,18,0,0,0,0,0,0,0,0
515,2017-04-19,09:04:24,832,jd1709,XDCE,3820,3811,3867,22174,851632680,173100,172356,4088,3700,3894,3879,0,3850,0,0,0,2017-04-19,32664832,3818,10,0,0,0,0,0,0,0,0,3819,34,0,0,0,0,0,0,0,0
516,2017-04-19,09:04:25,174,jd1709,XDCE,3818,3811,3867,22220,853389320,173130,172356,4088,3700,3894,3879,0,3850,0,0,0,2017-04-19,32665174,3818,1,0,0,0,0,0,0,0,0,3819,22,0,0,0,0,0,0,0,0
517,2017-04-19,09:04:25,776,jd1709,XDCE,3818,3811,3867,22260,854916660,173166,172356,4088,3700,3894,3879,0,3850,0,0,0,2017-04-19,32665776,3817,13,0,0,0,0,0,0,0,0,3819,30,0,0,0,0,0,0,0,0
518,2017-04-19,09:04:26,351,jd1709,XDCE,3817,3811,3867,22332,857665980,173204,172356,4088,3700,3894,3879,0,3850,0,0,0,2017-04-19,32666351,3817,3,0,0,0,0,0,0,0,0,3820,49,0,0,0,0,0,0,0,0
519,2017-04-19,09:04:26,859,jd1709,XDCE,3819,3811,3867,22344,858124240,173212,172356,4088,3700,3894,3879,0,3850,0,0,0,2017-04-19,32666859,3817,2,0,0,0,0,0,0,0,0,3819,3,0,0,0,0,0,0,0,0
520,2017-04-19,09:04:27,353,jd1709,XDCE,3818,3811,3867,22356,858582420,173212,172356,4088,3700,3894,3879,0,3850,0,0,0,2017-04-19,32667353,3817,1,0,0,0,0,0,0,0,0,3818,1,0,0,0,0,0,0,0,0
521,2017-04-19,09:04:27,851,jd1709,XDCE,3818,3811,3867,22378,859422500,173214,172356,4088,3700,3894,3879,0,3850,0,0,0,2017-04-19,32667851,3817,6,0,0,0,0,0,0,0,0,3819,12,0,0,0,0,0,0,0,0
522,2017-04-19,09:04:28,354,jd1709,XDCE,3817,3811,3867,22390,859880540,173204,172356,4088,3700,3894,3879,0,3850,0,0,0,2017-04-19,32668354,3816,19,0,0,0,0,0,0,0,0,3817,4,0,0,0,0,0,0,0,0
523,2017-04-19,09:04:28,756,jd1709,XDCE,3819,3811,3867,22404,860415040,173202,172356,4088,3700,3894,3879,0,3850,0,0,0,2017-04-19,32668756,3816,24,0,0,0,0,0,0,0,0,3817,16,0,0,0,0,0,0,0,0
524,2017-04-19,09:04:29,335,jd1709,XDCE,3819,3811,3867,22412,860720560,173200,172356,4088,3700,3894,3879,0,3850,0,0,0,2017-04-19,32669335,3816,24,0,0,0,0,0,0,0,0,3817,14,0,0,0,0,0,0,0,0
525,2017-04-19,09:04:29,848,jd1709,XDCE,3816,3811,3867,22440,861789100,173216,172356,4088,3700,3894,3879,0,3850,0,0,0,2017-04-19,32669848,3816,13,0,0,0,0,0,0,0,0,3817,14,0,0,0,0,0,0,0,0
526,2017-04-19,09:04:30,333,jd1709,XDCE,3816,3811,3867,22486,863544560,173230,172356,4088,3700,3894,3879,0,3850,0,0,0,2017-04-19,32670333,3815,36,0,0,0,0,0,0,0,0,3817,32,0,0,0,0,0,0,0,0
527,2017-04-19,09:04:30,852,jd1709,XDCE,3815,3811,3867,22534,865376560,173196,172356,4088,3700,3894,3879,0,3850,0,0,0,2017-04-19,32670852,3815,34,0,0,0,0,0,0,0,0,3816,114,0,0,0,0,0,0,0,0
528,2017-04-19,09:04:31,351,jd1709,XDCE,3815,3811,3867,22588,867436720,173172,172356,4088,3700,3894,3879,0,3850,0,0,0,2017-04-19,32671351,3815,15,0,0,0,0,0,0,0,0,3816,113,0,0,0,0,0,0,0,0
529,2017-04-19,09:04:31,850,jd1709,XDCE,3814,3811,3867,22658,870106860,173158,172356,4088,3700,3894,3879,0,3850,0,0,0,2017-04-19,32671850,3813,10,0,0,0,0,0,0,0,0,3814,1,0,0,0,0,0,0,0,0
530,2017-04-19,09:04:32,355,jd1709,XDCE,3815,3811,3867,22686,871174560,173166,172356,4088,3700,3894,3879,0,3850,0,0,0,2017-04-19,32672355,3812,14,0,0,0,0,0,0,0,0,3815,6,0,0,0,0,0,0,0,0
531,2017-04-19,09:04:32,834,jd1709,XDCE,3813,3811,3867,22696,871555980,173170,172356,4088,3700,3894,3879,0,3850,0,0,0,2017-04-19,32672834,3812,14,0,0,0,0,0,0,0,0,3813,1,0,0,0,0,0,0,0,0
532,2017-04-19,09:04:33,319,jd1709,XDCE,3815,3811,3867,22722,872547560,173190,172356,4088,3700,3894,3879,0,3850,0,0,0,2017-04-19,32673319,3813,1,0,0,0,0,0,0,0,0,3815,3,0,0,0,0,0,0,0,0
533,2017-04-19,09:04:33,850,jd1709,XDCE,3812,3811,3867,22766,874224920,173182,172356,4088,3700,3894,3879,0,3850,0,0,0,2017-04-19,32673850,3811,97,0,0,0,0,0,0,0,0,3813,2,0,0,0,0,0,0,0,0
534,2017-04-19,09:04:34,336,jd1709,XDCE,3811,3811,3867,22832,876740760,173220,172356,4088,3700,3894,3879,0,3850,0,0,0,2017-04-19,32674336,3811,79,0,0,0,0,0,0,0,0,3812,2,0,0,0,0,0,0,0,0
535,2017-04-19,09:04:34,850,jd1709,XDCE,3811,3811,3867,22910,879713520,173284,172356,4088,3700,3894,3879,0,3850,0,0,0,2017-04-19,32674850,3811,49,0,0,0,0,0,0,0,0,3813,41,0,0,0,0,0,0,0,0
536,2017-04-19,09:04:35,358,jd1709,XDCE,3812,3811,3867,22952,881314580,173318,172356,4088,3700,3894,3879,0,3850,0,0,0,2017-04-19,32675358,3811,47,0,0,0,0,0,0,0,0,3812,3,0,0,0,0,0,0,0,0
537,2017-04-19,09:04:35,812,jd1709,XDCE,3811,3811,3867,22976,882229280,173330,172356,4088,3700,3894,3879,0,3850,0,0,0,2017-04-19,32675812,3811,38,0,0,0,0,0,0,0,0,3812,12,0,0,0,0,0,0,0,0
