,dataDate,dataTime,dataMillisec,instrumentID,exchangeCD,lastPrice,lowPrice,highPrice,volume,value,openInterest,preOpenInterest,upperLimitPrice,lowerLimitPrice,preSettlementPrice,prevClosePrice,settlementPrice,openPrice,closePrice,preDelta,currDelta,clearingDay,milliSecOffset,bidPrice1,bidVolume1,bidPrice2,bidVolume2,bidPrice3,bidVolume3,bidPrice4,bidVolume4,bidPrice5,bidVolume5,askPrice1,askVolume1,askPrice2,askVolume2,askPrice3,askVolume3,askPrice4,askVolume4,askPrice5,askVolume5
0,2017-04-19,08:59:00,311,l1709,XDCE,8780,8780,8780,1670,73313000,407986,407630,9240,8360,8800,8820,0,8780,0,0,0,2017-04-19,32340311,8780,246,0,0,0,0,0,0,0,0,8785,5,0,0,0,0,0,0,0,0
1,2017-04-19,09:00:00,578,l1709,XDCE,8780,8780,8790,2128,93426550,408032,407630,9240,8360,8800,8820,0,8780,0,0,0,2017-04-19,32400578,8780,143,0,0,0,0,0,0,0,0,8785,35,0,0,0,0,0,0,0,0
2,2017-04-19,09:00:01,78,l1709,XDCE,8780,8775,8790,2742,120378450,408322,407630,9240,8360,8800,8820,0,8780,0,0,0,2017-04-19,32401078,8775,29,0,0,0,0,0,0,0,0,8780,365,0,0,0,0,0,0,0,0
3,2017-04-19,09:00:01,575,l1709,XDCE,8775,8770,8790,3288,144341350,408782,407630,9240,8360,8800,8820,0,8780,0,0,0,2017-04-19,32401575,8775,63,0,0,0,0,0,0,0,0,8780,265,0,0,0,0,0,0,0,0
4,2017-04-19,09:00:02,74,l1709,XDCE,8775,8770,8790,3460,151891150,408828,407630,9240,8360,8800,8820,0,8780,0,0,0,2017-04-19,32402074,8775,68,0,0,0,0,0,0,0,0,8780,191,0,0,0,0,0,0,0,0
5,2017-04-19,09:00:02,578,l1709,XDCE,8775,8770,8790,3624,159087400,408820,407630,9240,8360,8800,8820,0,8780,0,0,0,2017-04-19,32402578,8775,14,0,0,0,0,0,0,0,0,8780,183,0,0,0,0,0,0,0,0
6,2017-04-19,09:00:03,75,l1709,XDCE,8775,8770,8790,3792,166456200,408872,407630,9240,8360,8800,8820,0,8780,0,0,0,2017-04-19,32403075,8770,121,0,0,0,0,0,0,0,0,8775,1,0,0,0,0,0,0,0,0
7,2017-04-19,09:00:03,579,l1709,XDCE,8765,8765,8790,4074,178822450,408958,407630,9240,8360,8800,8820,0,8780,0,0,0,2017-04-19,32403579,8765,116,0,0,0,0,0,0,0,0,8770,155,0,0,0,0,0,0,0,0
8,2017-04-19,09:00:04,68,l1709,XDCE,8765,8765,8790,4582,201096800,409148,407630,9240,8360,8800,8820,0,8780,0,0,0,2017-04-19,32404068,8770,5,0,0,0,0,0,0,0,0,8775,32,0,0,0,0,0,0,0,0
9,2017-04-19,09:00:04,572,l1709,XDCE,8770,8765,8790,4684,205568650,409146,407630,9240,8360,8800,8820,0,8780,0,0,0,2017-04-19,32404572,8765,36,0,0,0,0,0,0,0,0,8770,15,0,0,0,0,0,0,0,0
10,2017-04-19,09:00:05,55,l1709,XDCE,8765,8765,8790,4870,213723400,409228,407630,9240,8360,8800,8820,0,8780,0,0,0,2017-04-19,32405055,8765,55,0,0,0,0,0,0,0,0,8770,35,0,0,0,0,0,0,0,0
11,2017-04-19,09:00:05,577,l1709,XDCE,8765,8765,8790,4982,218632700,409188,407630,9240,8360,8800,8820,0,8780,0,0,0,2017-04-19,32405577,8765,56,0,0,0,0,0,0,0,0,8770,99,0,0,0,0,0,0,0,0
12,2017-04-19,09:00:06,58,l1709,XDCE,8765,8765,8790,5040,221174550,409208,407630,9240,8360,8800,8820,0,8780,0,0,0,2017-04-19,32406058,8765,31,0,0,0,0,0,0,0,0,8770,106,0,0,0,0,0,0,0,0
13,2017-04-19,09:00:06,579,l1709,XDCE,8770,8765,8790,5112,224330400,409260,407630,9240,8360,8800,8820,0,8780,0,0,0,2017-04-19,32406579,8765,5,0,0,0,0,0,0,0,0,8770,103,0,0,0,0,0,0,0,0
14,2017-04-19,09:00:07,77,l1709,XDCE,8765,8765,8790,5182,227399350,409268,407630,9240,8360,8800,8820,0,8780,0,0,0,2017-04-19,32407077,8765,18,0,0,0,0,0,0,0,0,8770,89,0,0,0,0,0,0,0,0
15,2017-04-19,09:00:07,574,l1709,XDCE,8765,8765,8790,5278,231608150,409310,407630,9240,8360,8800,8820,0,8780,0,0,0,2017-04-19,32407574,8760,249,0,0,0,0,0,0,0,0,8765,3,0,0,0,0,0,0,0,0
16,2017-04-19,09:00:08,48,l1709,XDCE,8765,8765,8790,5396,236779550,409344,407630,9240,8360,8800,8820,0,8780,0,0,0,2017-04-19,32408048,8765,42,0,0,0,0,0,0,0,0,8770,64,0,0,0,0,0,0,0,0
17,2017-04-19,09:00:08,551,l1709,XDCE,8765,8765,8790,5418,237743900,409350,407630,9240,8360,8800,8820,0,8780,0,0,0,2017-04-19,32408551,8765,165,0,0,0,0,0,0,0,0,8770,55,0,0,0,0,0,0,0,0
18,2017-04-19,09:00:09,69,l1709,XDCE,8770,8765,8790,5604,245900000,409290,407630,9240,8360,8800,8820,0,8780,0,0,0,2017-04-19,32409069,8770,27,0,0,0,0,0,0,0,0,8775,65,0,0,0,0,0,0,0,0
19,2017-04-19,09:00:09,569,l1709,XDCE,8770,8765,8790,5816,255197700,409286,407630,9240,8360,8800,8820,0,8780,0,0,0,2017-04-19,32409569,8770,57,0,0,0,0,0,0,0,0,8775,47,0,0,0,0,0,0,0,0
20,2017-04-19,09:00:10,79,l1709,XDCE,8770,8765,8790,5828,255723900,409298,407630,9240,8360,8800,8820,0,8780,0,0,0,2017-04-19,32410079,8770,76,0,0,0,0,0,0,0,0,8775,103,0,0,0,0,0,0,0,0
21,2017-04-19,09:00:10,576,l1709,XDCE,8765,8765,8790,6058,265807650,409412,407630,9240,8360,8800,8820,0,8780,0,0,0,2017-04-19,32410576,8765,179,0,0,0,0,0,0,0,0,8770,27,0,0,0,0,0,0,0,0
22,2017-04-19,09:00:11,49,l1709,XDCE,8770,8765,8790,6136,269228450,409456,407630,9240,8360,8800,8820,0,8780,0,0,0,2017-04-19,32411049,8770,25,0,0,0,0,0,0,0,0,8775,106,0,0,0,0,0,0,0,0
23,2017-04-19,09:00:11,570,l1709,XDCE,8770,8765,8790,6144,269579300,409464,407630,9240,8360,8800,8820,0,8780,0,0,0,2017-04-19,32411570,8770,65,0,0,0,0,0,0,0,0,8775,109,0,0,0,0,0,0,0,0
24,2017-04-19,09:00:12,36,l1709,XDCE,8770,8765,8790,6154,270017900,409472,407630,9240,8360,8800,8820,0,8780,0,0,0,2017-04-19,32412036,8770,71,0,0,0,0,0,0,0,0,8775,103,0,0,0,0,0,0,0,0
25,2017-04-19,09:00:12,572,l1709,XDCE,8770,8765,8790,6160,270281050,409476,407630,9240,8360,8800,8820,0,8780,0,0,0,2017-04-19,32412572,8770,120,0,0,0,0,0,0,0,0,8775,103,0,0,0,0,0,0,0,0
26,2017-04-19,09:00:13,6,l1709,XDCE,8770,8765,8790,6182,271245800,409480,407630,9240,8360,8800,8820,0,8780,0,0,0,2017-04-19,32413006,8770,168,0,0,0,0,0,0,0,0,8775,103,0,0,0,0,0,0,0,0
27,2017-04-19,09:00:13,577,l1709,XDCE,8775,8765,8790,6440,282564150,409542,407630,9240,8360,8800,8820,0,8780,0,0,0,2017-04-19,32413577,8770,145,0,0,0,0,0,0,0,0,8775,3,0,0,0,0,0,0,0,0
28,2017-04-19,09:00:14,54,l1709,XDCE,8775,8765,8790,6456,283266150,409552,407630,9240,8360,8800,8820,0,8780,0,0,0,2017-04-19,32414054,8775,74,0,0,0,0,0,0,0,0,8780,322,0,0,0,0,0,0,0,0
29,2017-04-19,09:00:14,567,l1709,XDCE,8775,8765,8790,6632,290988200,409624,407630,9240,8360,8800,8820,0,8780,0,0,0,2017-04-19,32414567,8770,353,0,0,0,0,0,0,0,0,8775,119,0,0,0,0,0,0,0,0
30,2017-04-19,09:00:15,57,l1709,XDCE,8770,8765,8790,6982,306339200,409832,407630,9240,8360,8800,8820,0,8780,0,0,0,2017-04-19,32415057,8770,251,0,0,0,0,0,0,0,0,8775,59,0,0,0,0,0,0,0,0
31,2017-04-19,09:00:15,578,l1709,XDCE,8775,8765,8790,7008,307479450,409848,407630,9240,8360,8800,8820,0,8780,0,0,0,2017-04-19,32415578,8770,264,0,0,0,0,0,0,0,0,8775,68,0,0,0,0,0,0,0,0
32,2017-04-19,09:00:16,10,l1709,XDCE,8770,8765,8790,7014,307742650,409848,407630,9240,8360,8800,8820,0,8780,0,0,0,2017-04-19,32416010,8770,268,0,0,0,0,0,0,0,0,8775,100,0,0,0,0,0,0,0,0
33,2017-04-19,09:00:16,545,l1709,XDCE,8770,8765,8790,7088,310987600,409804,407630,9240,8360,8800,8820,0,8780,0,0,0,2017-04-19,32416545,8770,232,0,0,0,0,0,0,0,0,8775,115,0,0,0,0,0,0,0,0
34,2017-04-19,09:00:17,40,l1709,XDCE,8770,8765,8790,7596,333263450,410182,407630,9240,8360,8800,8820,0,8780,0,0,0,2017-04-19,32417040,8765,227,0,0,0,0,0,0,0,0,8770,3,0,0,0,0,0,0,0,0
35,2017-04-19,09:00:17,575,l1709,XDCE,8770,8765,8790,7612,333965200,410192,407630,9240,8360,8800,8820,0,8780,0,0,0,2017-04-19,32417575,8765,228,0,0,0,0,0,0,0,0,8770,1,0,0,0,0,0,0,0,0
36,2017-04-19,09:00:18,63,l1709,XDCE,8765,8765,8790,7628,334666750,410198,407630,9240,8360,8800,8820,0,8780,0,0,0,2017-04-19,32418063,8765,226,0,0,0,0,0,0,0,0,8770,13,0,0,0,0,0,0,0,0
37,2017-04-19,09:00:18,578,l1709,XDCE,8770,8765,8790,7678,336859300,410230,407630,9240,8360,8800,8820,0,8780,0,0,0,2017-04-19,32418578,8770,14,0,0,0,0,0,0,0,0,8775,145,0,0,0,0,0,0,0,0
38,2017-04-19,09:00:19,70,l1709,XDCE,8770,8765,8790,7726,338964050,410268,407630,9240,8360,8800,8820,0,8780,0,0,0,2017-04-19,32419070,8765,224,0,0,0,0,0,0,0,0,8770,200,0,0,0,0,0,0,0,0
39,2017-04-19,09:00:19,571,l1709,XDCE,8770,8765,8790,7796,342032350,410302,407630,9240,8360,8800,8820,0,8780,0,0,0,2017-04-19,32419571,8765,204,0,0,0,0,0,0,0,0,8770,212,0,0,0,0,0,0,0,0
40,2017-04-19,09:00:20,65,l1709,XDCE,8765,8765,8790,8030,352293200,410334,407630,9240,8360,8800,8820,0,8780,0,0,0,2017-04-19,32420065,8765,201,0,0,0,0,0,0,0,0,8770,96,0,0,0,0,0,0,0,0
41,2017-04-19,09:00:20,535,l1709,XDCE,8770,8765,8790,8054,353345100,410340,407630,9240,8360,8800,8820,0,8780,0,0,0,2017-04-19,32420535,8765,191,0,0,0,0,0,0,0,0,8770,100,0,0,0,0,0,0,0,0
42,2017-04-19,09:00:21,76,l1709,XDCE,8765,8765,8790,8066,353871050,410352,407630,9240,8360,8800,8820,0,8780,0,0,0,2017-04-19,32421076,8765,187,0,0,0,0,0,0,0,0,8770,102,0,0,0,0,0,0,0,0
43,2017-04-19,09:00:21,573,l1709,XDCE,8765,8765,8790,8614,377891100,410740,407630,9240,8360,8800,8820,0,8780,0,0,0,2017-04-19,32421573,8760,520,0,0,0,0,0,0,0,0,8765,212,0,0,0,0,0,0,0,0
44,2017-04-19,09:00:22,70,l1709,XDCE,8765,8765,8790,8652,379556450,410744,407630,9240,8360,8800,8820,0,8780,0,0,0,2017-04-19,32422070,8760,566,0,0,0,0,0,0,0,0,8765,195,0,0,0,0,0,0,0,0
45,2017-04-19,09:00:22,550,l1709,XDCE,8765,8760,8790,8734,383149500,410778,407630,9240,8360,8800,8820,0,8780,0,0,0,2017-04-19,32422550,8760,557,0,0,0,0,0,0,0,0,8765,179,0,0,0,0,0,0,0,0
46,2017-04-19,09:00:23,9,l1709,XDCE,8760,8760,8790,8852,388320750,410780,407630,9240,8360,8800,8820,0,8780,0,0,0,2017-04-19,32423009,8760,539,0,0,0,0,0,0,0,0,8765,125,0,0,0,0,0,0,0,0
47,2017-04-19,09:00:23,570,l1709,XDCE,8760,8760,8790,8928,391649900,410766,407630,9240,8360,8800,8820,0,8780,0,0,0,2017-04-19,32423570,8760,522,0,0,0,0,0,0,0,0,8765,126,0,0,0,0,0,0,0,0
48,2017-04-19,09:00:24,60,l1709,XDCE,8760,8760,8790,8938,392087950,410768,407630,9240,8360,8800,8820,0,8780,0,0,0,2017-04-19,32424060,8760,517,0,0,0,0,0,0,0,0,8765,127,0,0,0,0,0,0,0,0
49,2017-04-19,09:00:24,567,l1709,XDCE,8765,8760,8790,9282,407164950,410734,407630,9240,8360,8800,8820,0,8780,0,0,0,2017-04-19,32424567,8765,116,0,0,0,0,0,0,0,0,8770,25,0,0,0,0,0,0,0,0
50,2017-04-19,09:00:25,78,l1709,XDCE,8765,8760,8790,9400,412339850,410702,407630,9240,8360,8800,8820,0,8780,0,0,0,2017-04-19,32425078,8765,169,0,0,0,0,0,0,0,0,8770,4,0,0,0,0,0,0,0,0
51,2017-04-19,09:00:25,548,l1709,XDCE,8765,8760,8790,9400,412339850,410702,407630,9240,8360,8800,8820,0,8780,0,0,0,2017-04-19,32425548,8765,165,0,0,0,0,0,0,0,0,8770,4,0,0,0,0,0,0,0,0
52,2017-04-19,09:00:26,77,l1709,XDCE,8765,8760,8790,9448,414443550,410706,407630,9240,8360,8800,8820,0,8780,0,0,0,2017-04-19,32426077,8765,145,0,0,0,0,0,0,0,0,8770,127,0,0,0,0,0,0,0,0
53,2017-04-19,09:00:26,469,l1709,XDCE,8765,8760,8790,9466,415232400,410702,407630,9240,8360,8800,8820,0,8780,0,0,0,2017-04-19,32426469,8765,176,0,0,0,0,0,0,0,0,8770,134,0,0,0,0,0,0,0,0
54,2017-04-19,09:00:27,38,l1709,XDCE,8770,8760,8790,9500,416723100,410726,407630,9240,8360,8800,8820,0,8780,0,0,0,2017-04-19,32427038,8765,181,0,0,0,0,0,0,0,0,8770,137,0,0,0,0,0,0,0,0
55,2017-04-19,09:00:27,567,l1709,XDCE,8765,8760,8790,9870,432938400,411010,407630,9240,8360,8800,8820,0,8780,0,0,0,2017-04-19,32427567,8760,509,0,0,0,0,0,0,0,0,8765,266,0,0,0,0,0,0,0,0
56,2017-04-19,09:00:28,31,l1709,XDCE,8760,8760,8790,9884,433551900,411022,407630,9240,8360,8800,8820,0,8780,0,0,0,2017-04-19,32428031,8760,503,0,0,0,0,0,0,0,0,8765,469,0,0,0,0,0,0,0,0
57,2017-04-19,09:00:28,577,l1709,XDCE,8765,8760,8790,9898,434165450,411028,407630,9240,8360,8800,8820,0,8780,0,0,0,2017-04-19,32428577,8760,489,0,0,0,0,0,0,0,0,8765,458,0,0,0,0,0,0,0,0
58,2017-04-19,09:00:29,28,l1709,XDCE,8760,8760,8790,9924,435304750,411048,407630,9240,8360,8800,8820,0,8780,0,0,0,2017-04-19,32429028,8760,484,0,0,0,0,0,0,0,0,8765,449,0,0,0,0,0,0,0,0
59,2017-04-19,09:00:29,574,l1709,XDCE,8760,8760,8790,9936,435830400,411056,407630,9240,8360,8800,8820,0,8780,0,0,0,2017-04-19,32429574,8760,479,0,0,0,0,0,0,0,0,8765,447,0,0,0,0,0,0,0,0
60,2017-04-19,09:00:30,79,l1709,XDCE,8765,8760,8790,9970,437320450,411080,407630,9240,8360,8800,8820,0,8780,0,0,0,2017-04-19,32430079,8760,464,0,0,0,0,0,0,0,0,8765,435,0,0,0,0,0,0,0,0
61,2017-04-19,09:00:30,559,l1709,XDCE,8765,8760,8790,9976,437583300,411084,407630,9240,8360,8800,8820,0,8780,0,0,0,2017-04-19,32430559,8760,450,0,0,0,0,0,0,0,0,8765,435,0,0,0,0,0,0,0,0
62,2017-04-19,09:00:30,995,l1709,XDCE,8765,8760,8790,10000,438635050,411092,407630,9240,8360,8800,8820,0,8780,0,0,0,2017-04-19,32430995,8760,460,0,0,0,0,0,0,0,0,8765,421,0,0,0,0,0,0,0,0
63,2017-04-19,09:00:31,558,l1709,XDCE,8760,8760,8790,10222,448358650,411086,407630,9240,8360,8800,8820,0,8780,0,0,0,2017-04-19,32431558,8760,363,0,0,0,0,0,0,0,0,8765,426,0,0,0,0,0,0,0,0
64,2017-04-19,09:00:32,22,l1709,XDCE,8765,8760,8790,10270,450461250,411056,407630,9240,8360,8800,8820,0,8780,0,0,0,2017-04-19,32432022,8760,361,0,0,0,0,0,0,0,0,8765,430,0,0,0,0,0,0,0,0
65,2017-04-19,09:00:32,573,l1709,XDCE,8765,8760,8790,10968,481033800,411554,407630,9240,8360,8800,8820,0,8780,0,0,0,2017-04-19,32432573,8760,8,0,0,0,0,0,0,0,0,8765,439,0,0,0,0,0,0,0,0
66,2017-04-19,09:00:33,77,l1709,XDCE,8760,8760,8790,10998,482347800,411570,407630,9240,8360,8800,8820,0,8780,0,0,0,2017-04-19,32433077,8755,225,0,0,0,0,0,0,0,0,8760,179,0,0,0,0,0,0,0,0
67,2017-04-19,09:00:33,564,l1709,XDCE,8760,8755,8790,11402,500033000,411902,407630,9240,8360,8800,8820,0,8780,0,0,0,2017-04-19,32433564,8750,550,0,0,0,0,0,0,0,0,8760,294,0,0,0,0,0,0,0,0
68,2017-04-19,09:00:34,46,l1709,XDCE,8755,8755,8790,11562,507038400,411892,407630,9240,8360,8800,8820,0,8780,0,0,0,2017-04-19,32434046,8750,578,0,0,0,0,0,0,0,0,8755,1,0,0,0,0,0,0,0,0
69,2017-04-19,09:00:34,521,l1709,XDCE,8755,8755,8790,11888,521317050,412064,407630,9240,8360,8800,8820,0,8780,0,0,0,2017-04-19,32434521,8755,61,0,0,0,0,0,0,0,0,8760,66,0,0,0,0,0,0,0,0
70,2017-04-19,09:00:35,79,l1709,XDCE,8755,8755,8790,12250,537167900,412204,407630,9240,8360,8800,8820,0,8780,0,0,0,2017-04-19,32435079,8755,40,0,0,0,0,0,0,0,0,8760,2,0,0,0,0,0,0,0,0
71,2017-04-19,09:00:35,568,l1709,XDCE,8755,8755,8790,12262,537693200,412212,407630,9240,8360,8800,8820,0,8780,0,0,0,2017-04-19,32435568,8755,114,0,0,0,0,0,0,0,0,8760,63,0,0,0,0,0,0,0,0
72,2017-04-19,09:00:36,67,l1709,XDCE,8750,8750,8790,12900,565616200,412590,407630,9240,8360,8800,8820,0,8780,0,0,0,2017-04-19,32436067,8750,438,0,0,0,0,0,0,0,0,8755,23,0,0,0,0,0,0,0,0
73,2017-04-19,09:00:36,529,l1709,XDCE,8750,8750,8790,13678,599654600,412294,407630,9240,8360,8800,8820,0,8780,0,0,0,2017-04-19,32436529,8750,59,0,0,0,0,0,0,0,0,8755,74,0,0,0,0,0,0,0,0
74,2017-04-19,09:00:37,77,l1709,XDCE,8755,8750,8790,13706,600879850,412290,407630,9240,8360,8800,8820,0,8780,0,0,0,2017-04-19,32437077,8750,45,0,0,0,0,0,0,0,0,8755,60,0,0,0,0,0,0,0,0
75,2017-04-19,09:00:37,511,l1709,XDCE,8750,8750,8790,13732,602017650,412300,407630,9240,8360,8800,8820,0,8780,0,0,0,2017-04-19,32437511,8750,213,0,0,0,0,0,0,0,0,8755,71,0,0,0,0,0,0,0,0
76,2017-04-19,09:00:38,74,l1709,XDCE,8750,8750,8790,13914,609980950,412228,407630,9240,8360,8800,8820,0,8780,0,0,0,2017-04-19,32438074,8750,152,0,0,0,0,0,0,0,0,8755,50,0,0,0,0,0,0,0,0
77,2017-04-19,09:00:38,549,l1709,XDCE,8755,8750,8790,13936,610943750,412218,407630,9240,8360,8800,8820,0,8780,0,0,0,2017-04-19,32438549,8750,183,0,0,0,0,0,0,0,0,8755,66,0,0,0,0,0,0,0,0
78,2017-04-19,09:00:39,63,l1709,XDCE,8755,8750,8790,14144,620044000,412018,407630,9240,8360,8800,8820,0,8780,0,0,0,2017-04-19,32439063,8750,76,0,0,0,0,0,0,0,0,8755,67,0,0,0,0,0,0,0,0
79,2017-04-19,09:00:39,578,l1709,XDCE,8750,8750,8790,14174,621357050,412014,407630,9240,8360,8800,8820,0,8780,0,0,0,2017-04-19,32439578,8750,79,0,0,0,0,0,0,0,0,8755,76,0,0,0,0,0,0,0,0
80,2017-04-19,09:00:40,20,l1709,XDCE,8750,8750,8790,14178,621532050,412014,407630,9240,8360,8800,8820,0,8780,0,0,0,2017-04-19,32440020,8750,98,0,0,0,0,0,0,0,0,8755,77,0,0,0,0,0,0,0,0
81,2017-04-19,09:00:40,578,l1709,XDCE,8750,8750,8790,14204,622669550,412000,407630,9240,8360,8800,8820,0,8780,0,0,0,2017-04-19,32440578,8750,100,0,0,0,0,0,0,0,0,8755,78,0,0,0,0,0,0,0,0
82,2017-04-19,09:00:41,4,l1709,XDCE,8755,8750,8790,14332,628272250,412066,407630,9240,8360,8800,8820,0,8780,0,0,0,2017-04-19,32441004,8750,78,0,0,0,0,0,0,0,0,8755,49,0,0,0,0,0,0,0,0
83,2017-04-19,09:00:41,571,l1709,XDCE,8750,8750,8790,14486,635009800,412156,407630,9240,8360,8800,8820,0,8780,0,0,0,2017-04-19,32441571,8745,755,0,0,0,0,0,0,0,0,8750,34,0,0,0,0,0,0,0,0
84,2017-04-19,09:00:42,59,l1709,XDCE,8745,8740,8790,16592,727082350,412506,407630,9240,8360,8800,8820,0,8780,0,0,0,2017-04-19,32442059,8740,5,0,0,0,0,0,0,0,0,8745,455,0,0,0,0,0,0,0,0
85,2017-04-19,09:00:42,571,l1709,XDCE,8740,8740,8790,16848,738272600,412406,407630,9240,8360,8800,8820,0,8780,0,0,0,2017-04-19,32442571,8740,3,0,0,0,0,0,0,0,0,8745,288,0,0,0,0,0,0,0,0
86,2017-04-19,09:00:43,62,l1709,XDCE,8740,8735,8790,16964,743341200,412416,407630,9240,8360,8800,8820,0,8780,0,0,0,2017-04-19,32443062,8735,181,0,0,0,0,0,0,0,0,8740,5,0,0,0,0,0,0,0,0
87,2017-04-19,09:00:43,570,l1709,XDCE,8735,8735,8790,17452,764658600,412568,407630,9240,8360,8800,8820,0,8780,0,0,0,2017-04-19,32443570,8735,30,0,0,0,0,0,0,0,0,8740,23,0,0,0,0,0,0,0,0
88,2017-04-19,09:00:44,61,l1709,XDCE,8735,8735,8790,17504,766929800,412586,407630,9240,8360,8800,8820,0,8780,0,0,0,2017-04-19,32444061,8735,33,0,0,0,0,0,0,0,0,8740,103,0,0,0,0,0,0,0,0
89,2017-04-19,09:00:44,567,l1709,XDCE,8740,8730,8790,17772,778634300,412468,407630,9240,8360,8800,8820,0,8780,0,0,0,2017-04-19,32444567,8735,50,0,0,0,0,0,0,0,0,8740,104,0,0,0,0,0,0,0,0
90,2017-04-19,09:00:45,61,l1709,XDCE,8740,8730,8790,17854,782216300,412500,407630,9240,8360,8800,8820,0,8780,0,0,0,2017-04-19,32445061,8735,162,0,0,0,0,0,0,0,0,8740,80,0,0,0,0,0,0,0,0
91,2017-04-19,09:00:45,547,l1709,XDCE,8740,8730,8790,17900,784225400,412540,407630,9240,8360,8800,8820,0,8780,0,0,0,2017-04-19,32445547,8735,173,0,0,0,0,0,0,0,0,8740,137,0,0,0,0,0,0,0,0
92,2017-04-19,09:00:46,33,l1709,XDCE,8740,8730,8790,17928,785448950,412558,407630,9240,8360,8800,8820,0,8780,0,0,0,2017-04-19,32446033,8735,186,0,0,0,0,0,0,0,0,8740,140,0,0,0,0,0,0,0,0
93,2017-04-19,09:00:46,531,l1709,XDCE,8740,8730,8790,17940,785973350,412566,407630,9240,8360,8800,8820,0,8780,0,0,0,2017-04-19,32446531,8735,186,0,0,0,0,0,0,0,0,8740,134,0,0,0,0,0,0,0,0
94,2017-04-19,09:00:47,55,l1709,XDCE,8735,8730,8790,18508,810781550,413062,407630,9240,8360,8800,8820,0,8780,0,0,0,2017-04-19,32447055,8730,264,0,0,0,0,0,0,0,0,8735,557,0,0,0,0,0,0,0,0
95,2017-04-19,09:00:47,575,l1709,XDCE,8735,8730,8790,18912,828416850,413232,407630,9240,8360,8800,8820,0,8780,0,0,0,2017-04-19,32447575,8730,87,0,0,0,0,0,0,0,0,8735,635,0,0,0,0,0,0,0,0
96,2017-04-19,09:00:48,63,l1709,XDCE,8735,8730,8790,19090,836187450,413238,407630,9240,8360,8800,8820,0,8780,0,0,0,2017-04-19,32448063,8730,27,0,0,0,0,0,0,0,0,8735,609,0,0,0,0,0,0,0,0
97,2017-04-19,09:00:48,564,l1709,XDCE,8730,8725,8790,19408,850072350,413410,407630,9240,8360,8800,8820,0,8780,0,0,0,2017-04-19,32448564,8730,18,0,0,0,0,0,0,0,0,8735,535,0,0,0,0,0,0,0,0
98,2017-04-19,09:00:49,57,l1709,XDCE,8735,8725,8790,19766,865703350,413482,407630,9240,8360,8800,8820,0,8780,0,0,0,2017-04-19,32449057,8730,17,0,0,0,0,0,0,0,0,8735,441,0,0,0,0,0,0,0,0
99,2017-04-19,09:00:49,570,l1709,XDCE,8730,8725,8790,20056,878367700,413670,407630,9240,8360,8800,8820,0,8780,0,0,0,2017-04-19,32449570,8730,4,0,0,0,0,0,0,0,0,8735,317,0,0,0,0,0,0,0,0
100,2017-04-19,09:00:50,74,l1709,XDCE,8730,8725,8790,20090,879852200,413680,407630,9240,8360,8800,8820,0,8780,0,0,0,2017-04-19,32450074,8730,116,0,0,0,0,0,0,0,0,8735,311,0,0,0,0,0,0,0,0
101,2017-04-19,09:00:50,565,l1709,XDCE,8730,8725,8790,20254,887010800,413714,407630,9240,8360,8800,8820,0,8780,0,0,0,2017-04-19,32450565,8730,38,0,0,0,0,0,0,0,0,8735,311,0,0,0,0,0,0,0,0
102,2017-04-19,09:00:51,44,l1709,XDCE,8730,8725,8790,20378,892423600,413822,407630,9240,8360,8800,8820,0,8780,0,0,0,2017-04-19,32451044,8725,217,0,0,0,0,0,0,0,0,8730,16,0,0,0,0,0,0,0,0
103,2017-04-19,09:00:51,550,l1709,XDCE,8730,8725,8790,20464,896177500,413800,407630,9240,8360,8800,8820,0,8780,0,0,0,2017-04-19,32451550,8725,241,0,0,0,0,0,0,0,0,8730,79,0,0,0,0,0,0,0,0
104,2017-04-19,09:00:52,59,l1709,XDCE,8730,8725,8790,20652,904383650,413734,407630,9240,8360,8800,8820,0,8780,0,0,0,2017-04-19,32452059,8730,34,0,0,0,0,0,0,0,0,8735,246,0,0,0,0,0,0,0,0
105,2017-04-19,09:00:52,435,l1709,XDCE,8730,8725,8790,20670,905169450,413738,407630,9240,8360,8800,8820,0,8780,0,0,0,2017-04-19,32452435,8730,42,0,0,0,0,0,0,0,0,8735,238,0,0,0,0,0,0,0,0
106,2017-04-19,09:00:53,76,l1709,XDCE,8735,8725,8790,20676,905431500,413738,407630,9240,8360,8800,8820,0,8780,0,0,0,2017-04-19,32453076,8730,83,0,0,0,0,0,0,0,0,8735,235,0,0,0,0,0,0,0,0
107,2017-04-19,09:00:53,564,l1709,XDCE,8730,8725,8790,20688,905955400,413730,407630,9240,8360,8800,8820,0,8780,0,0,0,2017-04-19,32453564,8730,104,0,0,0,0,0,0,0,0,8735,233,0,0,0,0,0,0,0,0
108,2017-04-19,09:00:54,69,l1709,XDCE,8735,8725,8790,20694,906217450,413730,407630,9240,8360,8800,8820,0,8780,0,0,0,2017-04-19,32454069,8730,107,0,0,0,0,0,0,0,0,8735,230,0,0,0,0,0,0,0,0
109,2017-04-19,09:00:54,537,l1709,XDCE,8730,8725,8790,20722,907439900,413740,407630,9240,8360,8800,8820,0,8780,0,0,0,2017-04-19,32454537,8730,108,0,0,0,0,0,0,0,0,8735,1023,0,0,0,0,0,0,0,0
110,2017-04-19,09:00:55,30,l1709,XDCE,8735,8725,8790,20920,916083100,413748,407630,9240,8360,8800,8820,0,8780,0,0,0,2017-04-19,32455030,8730,33,0,0,0,0,0,0,0,0,8735,1024,0,0,0,0,0,0,0,0
111,2017-04-19,09:00:55,575,l1709,XDCE,8730,8725,8790,21074,922805400,413740,407630,9240,8360,8800,8820,0,8780,0,0,0,2017-04-19,32455575,8730,87,0,0,0,0,0,0,0,0,8735,1025,0,0,0,0,0,0,0,0
112,2017-04-19,09:00:56,80,l1709,XDCE,8735,8725,8790,21186,927696800,413750,407630,9240,8360,8800,8820,0,8780,0,0,0,2017-04-19,32456080,8730,108,0,0,0,0,0,0,0,0,8735,963,0,0,0,0,0,0,0,0
113,2017-04-19,09:00:56,562,l1709,XDCE,8730,8725,8790,21394,936776200,413948,407630,9240,8360,8800,8820,0,8780,0,0,0,2017-04-19,32456562,8730,37,0,0,0,0,0,0,0,0,8735,959,0,0,0,0,0,0,0,0
114,2017-04-19,09:00:57,51,l1709,XDCE,8735,8725,8790,21498,941317350,413932,407630,9240,8360,8800,8820,0,8780,0,0,0,2017-04-19,32457051,8730,125,0,0,0,0,0,0,0,0,8735,928,0,0,0,0,0,0,0,0
115,2017-04-19,09:00:57,570,l1709,XDCE,8730,8725,8790,21538,943063700,413940,407630,9240,8360,8800,8820,0,8780,0,0,0,2017-04-19,32457570,8730,118,0,0,0,0,0,0,0,0,8735,929,0,0,0,0,0,0,0,0
116,2017-04-19,09:00:58,71,l1709,XDCE,8735,8725,8790,22070,966298600,414152,407630,9240,8360,8800,8820,0,8780,0,0,0,2017-04-19,32458071,8730,172,0,0,0,0,0,0,0,0,8735,668,0,0,0,0,0,0,0,0
117,2017-04-19,09:00:58,560,l1709,XDCE,8735,8725,8790,22248,974072550,414318,407630,9240,8360,8800,8820,0,8780,0,0,0,2017-04-19,32458560,8730,231,0,0,0,0,0,0,0,0,8735,583,0,0,0,0,0,0,0,0
118,2017-04-19,09:00:59,62,l1709,XDCE,8735,8725,8790,22332,977741200,414380,407630,9240,8360,8800,8820,0,8780,0,0,0,2017-04-19,32459062,8730,271,0,0,0,0,0,0,0,0,8735,538,0,0,0,0,0,0,0,0
119,2017-04-19,09:00:59,566,l1709,XDCE,8735,8725,8790,22614,990057550,414518,407630,9240,8360,8800,8820,0,8780,0,0,0,2017-04-19,32459566,8730,291,0,0,0,0,0,0,0,0,8735,397,0,0,0,0,0,0,0,0
120,2017-04-19,09:01:00,52,l1709,XDCE,8735,8725,8790,23398,1024298700,415108,407630,9240,8360,8800,8820,0,8780,0,0,0,2017-04-19,32460052,8730,296,0,0,0,0,0,0,0,0,8735,6,0,0,0,0,0,0,0,0
121,2017-04-19,09:01:00,577,l1709,XDCE,8735,8725,8790,23624,1034172800,415040,407630,9240,8360,8800,8820,0,8780,0,0,0,2017-04-19,32460577,8735,159,0,0,0,0,0,0,0,0,8740,10,0,0,0,0,0,0,0,0
122,2017-04-19,09:01:01,49,l1709,XDCE,8740,8725,8790,23694,1037231800,414992,407630,9240,8360,8800,8820,0,8780,0,0,0,2017-04-19,32461049,8735,202,0,0,0,0,0,0,0,0,8740,2,0,0,0,0,0,0,0,0
123,2017-04-19,09:01:01,563,l1709,XDCE,8735,8725,8790,23720,1038367800,414986,407630,9240,8360,8800,8820,0,8780,0,0,0,2017-04-19,32461563,8735,191,0,0,0,0,0,0,0,0,8740,41,0,0,0,0,0,0,0,0
124,2017-04-19,09:01:02,39,l1709,XDCE,8740,8725,8790,23754,1039853600,414984,407630,9240,8360,8800,8820,0,8780,0,0,0,2017-04-19,32462039,8735,205,0,0,0,0,0,0,0,0,8740,105,0,0,0,0,0,0,0,0
125,2017-04-19,09:01:02,566,l1709,XDCE,8730,8725,8790,24188,1058808450,414886,407630,9240,8360,8800,8820,0,8780,0,0,0,2017-04-19,32462566,8730,356,0,0,0,0,0,0,0,0,8735,39,0,0,0,0,0,0,0,0
126,2017-04-19,09:01:03,80,l1709,XDCE,8735,8725,8790,24354,1066056050,415002,407630,9240,8360,8800,8820,0,8780,0,0,0,2017-04-19,32463080,8730,292,0,0,0,0,0,0,0,0,8735,28,0,0,0,0,0,0,0,0
127,2017-04-19,09:01:03,568,l1709,XDCE,8730,8725,8790,24506,1072694450,414964,407630,9240,8360,8800,8820,0,8780,0,0,0,2017-04-19,32463568,8730,301,0,0,0,0,0,0,0,0,8735,86,0,0,0,0,0,0,0,0
128,2017-04-19,09:01:04,53,l1709,XDCE,8735,8725,8790,24512,1072956500,414960,407630,9240,8360,8800,8820,0,8780,0,0,0,2017-04-19,32464053,8730,293,0,0,0,0,0,0,0,0,8735,112,0,0,0,0,0,0,0,0
129,2017-04-19,09:01:04,568,l1709,XDCE,8735,8725,8790,24588,1076275700,414960,407630,9240,8360,8800,8820,0,8780,0,0,0,2017-04-19,32464568,8730,236,0,0,0,0,0,0,0,0,8735,78,0,0,0,0,0,0,0,0
130,2017-04-19,09:01:05,49,l1709,XDCE,8735,8725,8790,24598,1076712350,414960,407630,9240,8360,8800,8820,0,8780,0,0,0,2017-04-19,32465049,8730,242,0,0,0,0,0,0,0,0,8735,96,0,0,0,0,0,0,0,0
131,2017-04-19,09:01:05,579,l1709,XDCE,8735,8725,8790,24644,1078721000,414964,407630,9240,8360,8800,8820,0,8780,0,0,0,2017-04-19,32465579,8730,259,0,0,0,0,0,0,0,0,8735,87,0,0,0,0,0,0,0,0
132,2017-04-19,09:01:06,5,l1709,XDCE,8735,8725,8790,24774,1084398750,414930,407630,9240,8360,8800,8820,0,8780,0,0,0,2017-04-19,32466005,8730,264,0,0,0,0,0,0,0,0,8735,7,0,0,0,0,0,0,0,0
133,2017-04-19,09:01:06,539,l1709,XDCE,8735,8725,8790,24824,1086582500,414882,407630,9240,8360,8800,8820,0,8780,0,0,0,2017-04-19,32466539,8735,85,0,0,0,0,0,0,0,0,8740,131,0,0,0,0,0,0,0,0
134,2017-04-19,09:01:07,47,l1709,XDCE,8740,8725,8790,24876,1088853850,414866,407630,9240,8360,8800,8820,0,8780,0,0,0,2017-04-19,32467047,8735,89,0,0,0,0,0,0,0,0,8740,126,0,0,0,0,0,0,0,0
135,2017-04-19,09:01:07,562,l1709,XDCE,8735,8725,8790,24892,1089552850,414858,407630,9240,8360,8800,8820,0,8780,0,0,0,2017-04-19,32467562,8735,106,0,0,0,0,0,0,0,0,8740,122,0,0,0,0,0,0,0,0
136,2017-04-19,09:01:08,68,l1709,XDCE,8740,8725,8790,24906,1090164650,414858,407630,9240,8360,8800,8820,0,8780,0,0,0,2017-04-19,32468068,8735,130,0,0,0,0,0,0,0,0,8740,96,0,0,0,0,0,0,0,0
137,2017-04-19,09:01:08,570,l1709,XDCE,8735,8725,8790,24914,1090514050,414858,407630,9240,8360,8800,8820,0,8780,0,0,0,2017-04-19,32468570,8735,194,0,0,0,0,0,0,0,0,8740,96,0,0,0,0,0,0,0,0
138,2017-04-19,09:01:09,40,l1709,XDCE,8735,8725,8790,24954,1092261650,414862,407630,9240,8360,8800,8820,0,8780,0,0,0,2017-04-19,32469040,8735,193,0,0,0,0,0,0,0,0,8740,91,0,0,0,0,0,0,0,0
139,2017-04-19,09:01:09,580,l1709,XDCE,8740,8725,8790,24966,1092786050,414856,407630,9240,8360,8800,8820,0,8780,0,0,0,2017-04-19,32469580,8735,200,0,0,0,0,0,0,0,0,8740,90,0,0,0,0,0,0,0,0
140,2017-04-19,09:01:10,60,l1709,XDCE,8740,8725,8790,24996,1094096800,414862,407630,9240,8360,8800,8820,0,8780,0,0,0,2017-04-19,32470060,8735,195,0,0,0,0,0,0,0,0,8740,80,0,0,0,0,0,0,0,0
141,2017-04-19,09:01:10,454,l1709,XDCE,8735,8725,8790,25010,1094708300,414860,407630,9240,8360,8800,8820,0,8780,0,0,0,2017-04-19,32470454,8735,192,0,0,0,0,0,0,0,0,8740,94,0,0,0,0,0,0,0,0
142,2017-04-19,09:01:11,74,l1709,XDCE,8740,8725,8790,25018,1095057900,414856,407630,9240,8360,8800,8820,0,8780,0,0,0,2017-04-19,32471074,8735,200,0,0,0,0,0,0,0,0,8740,105,0,0,0,0,0,0,0,0
143,2017-04-19,09:01:11,552,l1709,XDCE,8740,8725,8790,25078,1097679900,414846,407630,9240,8360,8800,8820,0,8780,0,0,0,2017-04-19,32471552,8735,214,0,0,0,0,0,0,0,0,8740,66,0,0,0,0,0,0,0,0
144,2017-04-19,09:01:12,71,l1709,XDCE,8740,8725,8790,25112,1099165650,414842,407630,9240,8360,8800,8820,0,8780,0,0,0,2017-04-19,32472071,8735,208,0,0,0,0,0,0,0,0,8740,29,0,0,0,0,0,0,0,0
145,2017-04-19,09:01:12,469,l1709,XDCE,8745,8725,8790,25206,1103273800,414846,407630,9240,8360,8800,8820,0,8780,0,0,0,2017-04-19,32472469,8740,79,0,0,0,0,0,0,0,0,8745,116,0,0,0,0,0,0,0,0
146,2017-04-19,09:01:13,79,l1709,XDCE,8740,8725,8790,25224,1104060400,414862,407630,9240,8360,8800,8820,0,8780,0,0,0,2017-04-19,32473079,8740,128,0,0,0,0,0,0,0,0,8745,120,0,0,0,0,0,0,0,0
147,2017-04-19,09:01:13,567,l1709,XDCE,8745,8725,8790,25226,1104147850,414864,407630,9240,8360,8800,8820,0,8780,0,0,0,2017-04-19,32473567,8740,141,0,0,0,0,0,0,0,0,8745,128,0,0,0,0,0,0,0,0
148,2017-04-19,09:01:14,18,l1709,XDCE,8745,8725,8790,25226,1104147850,414864,407630,9240,8360,8800,8820,0,8780,0,0,0,2017-04-19,32474018,8740,142,0,0,0,0,0,0,0,0,8745,128,0,0,0,0,0,0,0,0
149,2017-04-19,09:01:14,526,l1709,XDCE,8745,8725,8790,25454,1114117100,414898,407630,9240,8360,8800,8820,0,8780,0,0,0,2017-04-19,32474526,8740,119,0,0,0,0,0,0,0,0,8745,35,0,0,0,0,0,0,0,0
150,2017-04-19,09:01:15,48,l1709,XDCE,8745,8725,8790,25466,1114641700,414906,407630,9240,8360,8800,8820,0,8780,0,0,0,2017-04-19,32475048,8740,151,0,0,0,0,0,0,0,0,8745,32,0,0,0,0,0,0,0,0
151,2017-04-19,09:01:15,524,l1709,XDCE,8745,8725,8790,25496,1115953450,414920,407630,9240,8360,8800,8820,0,8780,0,0,0,2017-04-19,32475524,8745,89,0,0,0,0,0,0,0,0,8750,180,0,0,0,0,0,0,0,0
152,2017-04-19,09:01:16,69,l1709,XDCE,8745,8725,8790,25702,1124960800,414848,407630,9240,8360,8800,8820,0,8780,0,0,0,2017-04-19,32476069,8740,165,0,0,0,0,0,0,0,0,8745,205,0,0,0,0,0,0,0,0
153,2017-04-19,09:01:16,561,l1709,XDCE,8745,8725,8790,25716,1125572950,414848,407630,9240,8360,8800,8820,0,8780,0,0,0,2017-04-19,32476561,8740,164,0,0,0,0,0,0,0,0,8745,201,0,0,0,0,0,0,0,0
154,2017-04-19,09:01:17,79,l1709,XDCE,8745,8725,8790,25732,1126272500,414846,407630,9240,8360,8800,8820,0,8780,0,0,0,2017-04-19,32477079,8740,163,0,0,0,0,0,0,0,0,8745,194,0,0,0,0,0,0,0,0
155,2017-04-19,09:01:17,424,l1709,XDCE,8745,8725,8790,25762,1127584250,414836,407630,9240,8360,8800,8820,0,8780,0,0,0,2017-04-19,32477424,8740,165,0,0,0,0,0,0,0,0,8745,181,0,0,0,0,0,0,0,0
156,2017-04-19,09:01:18,58,l1709,XDCE,8745,8725,8790,26088,1141838600,414810,407630,9240,8360,8800,8820,0,8780,0,0,0,2017-04-19,32478058,8740,152,0,0,0,0,0,0,0,0,8745,18,0,0,0,0,0,0,0,0
157,2017-04-19,09:01:18,575,l1709,XDCE,8745,8725,8790,26128,1143587600,414780,407630,9240,8360,8800,8820,0,8780,0,0,0,2017-04-19,32478575,8745,48,0,0,0,0,0,0,0,0,8750,181,0,0,0,0,0,0,0,0
158,2017-04-19,09:01:19,66,l1709,XDCE,8750,8725,8790,26246,1148747500,414788,407630,9240,8360,8800,8820,0,8780,0,0,0,2017-04-19,32479066,8745,42,0,0,0,0,0,0,0,0,8750,168,0,0,0,0,0,0,0,0
159,2017-04-19,09:01:19,554,l1709,XDCE,8745,8725,8790,26580,1163351650,414890,407630,9240,8360,8800,8820,0,8780,0,0,0,2017-04-19,32479554,8740,165,0,0,0,0,0,0,0,0,8745,135,0,0,0,0,0,0,0,0
160,2017-04-19,09:01:19,992,l1709,XDCE,8745,8725,8790,26608,1164575950,414862,407630,9240,8360,8800,8820,0,8780,0,0,0,2017-04-19,32479992,8740,170,0,0,0,0,0,0,0,0,8745,122,0,0,0,0,0,0,0,0
161,2017-04-19,09:01:20,513,l1709,XDCE,8740,8725,8790,26614,1164838200,414866,407630,9240,8360,8800,8820,0,8780,0,0,0,2017-04-19,32480513,8740,177,0,0,0,0,0,0,0,0,8745,131,0,0,0,0,0,0,0,0
162,2017-04-19,09:01:21,24,l1709,XDCE,8745,8725,8790,26620,1165100550,414866,407630,9240,8360,8800,8820,0,8780,0,0,0,2017-04-19,32481024,8740,183,0,0,0,0,0,0,0,0,8745,144,0,0,0,0,0,0,0,0
163,2017-04-19,09:01:21,580,l1709,XDCE,8745,8725,8790,26730,1169910150,414840,407630,9240,8360,8800,8820,0,8780,0,0,0,2017-04-19,32481580,8740,190,0,0,0,0,0,0,0,0,8745,105,0,0,0,0,0,0,0,0
164,2017-04-19,09:01:22,76,l1709,XDCE,8745,8725,8790,26736,1170172500,414838,407630,9240,8360,8800,8820,0,8780,0,0,0,2017-04-19,32482076,8740,207,0,0,0,0,0,0,0,0,8745,103,0,0,0,0,0,0,0,0
165,2017-04-19,09:01:22,532,l1709,XDCE,8745,8725,8790,26792,1172621100,414838,407630,9240,8360,8800,8820,0,8780,0,0,0,2017-04-19,32482532,8740,218,0,0,0,0,0,0,0,0,8745,75,0,0,0,0,0,0,0,0
166,2017-04-19,09:01:23,75,l1709,XDCE,8745,8725,8790,26836,1174544450,414838,407630,9240,8360,8800,8820,0,8780,0,0,0,2017-04-19,32483075,8740,206,0,0,0,0,0,0,0,0,8745,74,0,0,0,0,0,0,0,0
167,2017-04-19,09:01:23,563,l1709,XDCE,8745,8725,8790,26876,1176293400,414838,407630,9240,8360,8800,8820,0,8780,0,0,0,2017-04-19,32483563,8740,212,0,0,0,0,0,0,0,0,8745,74,0,0,0,0,0,0,0,0
168,2017-04-19,09:01:24,80,l1709,XDCE,8745,8725,8790,26984,1181015700,414884,407630,9240,8360,8800,8820,0,8780,0,0,0,2017-04-19,32484080,8740,202,0,0,0,0,0,0,0,0,8745,23,0,0,0,0,0,0,0,0
169,2017-04-19,09:01:24,553,l1709,XDCE,8740,8725,8790,26996,1181540250,414888,407630,9240,8360,8800,8820,0,8780,0,0,0,2017-04-19,32484553,8740,196,0,0,0,0,0,0,0,0,8745,28,0,0,0,0,0,0,0,0
170,2017-04-19,09:01:25,49,l1709,XDCE,8740,8725,8790,27136,1187661550,414920,407630,9240,8360,8800,8820,0,8780,0,0,0,2017-04-19,32485049,8740,196,0,0,0,0,0,0,0,0,8745,29,0,0,0,0,0,0,0,0
171,2017-04-19,09:01:25,574,l1709,XDCE,8745,8725,8790,27170,1189147800,414936,407630,9240,8360,8800,8820,0,8780,0,0,0,2017-04-19,32485574,8740,191,0,0,0,0,0,0,0,0,8745,40,0,0,0,0,0,0,0,0
172,2017-04-19,09:01:26,79,l1709,XDCE,8745,8725,8790,27174,1189322700,414936,407630,9240,8360,8800,8820,0,8780,0,0,0,2017-04-19,32486079,8740,193,0,0,0,0,0,0,0,0,8745,65,0,0,0,0,0,0,0,0
173,2017-04-19,09:01:26,563,l1709,XDCE,8745,8725,8790,27176,1189410150,414936,407630,9240,8360,8800,8820,0,8780,0,0,0,2017-04-19,32486563,8740,203,0,0,0,0,0,0,0,0,8745,68,0,0,0,0,0,0,0,0
174,2017-04-19,09:01:26,987,l1709,XDCE,8745,8725,8790,27186,1189847400,414936,407630,9240,8360,8800,8820,0,8780,0,0,0,2017-04-19,32486987,8740,204,0,0,0,0,0,0,0,0,8745,67,0,0,0,0,0,0,0,0
175,2017-04-19,09:01:27,574,l1709,XDCE,8745,8725,8790,27188,1189934850,414936,407630,9240,8360,8800,8820,0,8780,0,0,0,2017-04-19,32487574,8740,206,0,0,0,0,0,0,0,0,8745,67,0,0,0,0,0,0,0,0
176,2017-04-19,09:01:28,5,l1709,XDCE,8745,8725,8790,27188,1189934850,414936,407630,9240,8360,8800,8820,0,8780,0,0,0,2017-04-19,32488005,8740,214,0,0,0,0,0,0,0,0,8745,89,0,0,0,0,0,0,0,0
177,2017-04-19,09:01:28,567,l1709,XDCE,8745,8725,8790,27222,1191421500,414944,407630,9240,8360,8800,8820,0,8780,0,0,0,2017-04-19,32488567,8740,216,0,0,0,0,0,0,0,0,8745,72,0,0,0,0,0,0,0,0
178,2017-04-19,09:01:29,80,l1709,XDCE,8740,8725,8790,27230,1191771250,414946,407630,9240,8360,8800,8820,0,8780,0,0,0,2017-04-19,32489080,8740,214,0,0,0,0,0,0,0,0,8745,95,0,0,0,0,0,0,0,0
179,2017-04-19,09:01:29,545,l1709,XDCE,8745,8725,8790,27242,1192295950,414934,407630,9240,8360,8800,8820,0,8780,0,0,0,2017-04-19,32489545,8740,211,0,0,0,0,0,0,0,0,8745,93,0,0,0,0,0,0,0,0
180,2017-04-19,09:01:30,64,l1709,XDCE,8745,8725,8790,27466,1202090350,414990,407630,9240,8360,8800,8820,0,8780,0,0,0,2017-04-19,32490064,8740,200,0,0,0,0,0,0,0,0,8745,17,0,0,0,0,0,0,0,0
181,2017-04-19,09:01:30,540,l1709,XDCE,8745,8725,8790,27564,1206375300,414940,407630,9240,8360,8800,8820,0,8780,0,0,0,2017-04-19,32490540,8740,205,0,0,0,0,0,0,0,0,8745,22,0,0,0,0,0,0,0,0
182,2017-04-19,09:01:31,71,l1709,XDCE,8740,8725,8790,27582,1207161950,414938,407630,9240,8360,8800,8820,0,8780,0,0,0,2017-04-19,32491071,8740,196,0,0,0,0,0,0,0,0,8745,21,0,0,0,0,0,0,0,0
183,2017-04-19,09:01:31,546,l1709,XDCE,8745,8725,8790,27590,1207511750,414938,407630,9240,8360,8800,8820,0,8780,0,0,0,2017-04-19,32491546,8740,197,0,0,0,0,0,0,0,0,8745,42,0,0,0,0,0,0,0,0
184,2017-04-19,09:01:32,56,l1709,XDCE,8745,8725,8790,27682,1211534450,414966,407630,9240,8360,8800,8820,0,8780,0,0,0,2017-04-19,32492056,8745,157,0,0,0,0,0,0,0,0,8750,325,0,0,0,0,0,0,0,0
185,2017-04-19,09:01:32,540,l1709,XDCE,8745,8725,8790,27694,1212059150,414970,407630,9240,8360,8800,8820,0,8780,0,0,0,2017-04-19,32492540,8745,169,0,0,0,0,0,0,0,0,8750,324,0,0,0,0,0,0,0,0
186,2017-04-19,09:01:33,6,l1709,XDCE,8745,8725,8790,27696,1212146600,414972,407630,9240,8360,8800,8820,0,8780,0,0,0,2017-04-19,32493006,8745,194,0,0,0,0,0,0,0,0,8750,314,0,0,0,0,0,0,0,0
187,2017-04-19,09:01:33,529,l1709,XDCE,8745,8725,8790,27704,1212496400,414976,407630,9240,8360,8800,8820,0,8780,0,0,0,2017-04-19,32493529,8745,191,0,0,0,0,0,0,0,0,8750,314,0,0,0,0,0,0,0,0
188,2017-04-19,09:01:34,33,l1709,XDCE,8750,8725,8790,27732,1213721400,415004,407630,9240,8360,8800,8820,0,8780,0,0,0,2017-04-19,32494033,8745,193,0,0,0,0,0,0,0,0,8750,300,0,0,0,0,0,0,0,0
189,2017-04-19,09:01:34,503,l1709,XDCE,8750,8725,8790,27734,1213808900,415006,407630,9240,8360,8800,8820,0,8780,0,0,0,2017-04-19,32494503,8745,193,0,0,0,0,0,0,0,0,8750,299,0,0,0,0,0,0,0,0
190,2017-04-19,09:01:35,45,l1709,XDCE,8750,8725,8790,27736,1213896400,415006,407630,9240,8360,8800,8820,0,8780,0,0,0,2017-04-19,32495045,8745,209,0,0,0,0,0,0,0,0,8750,298,0,0,0,0,0,0,0,0
191,2017-04-19,09:01:35,574,l1709,XDCE,8745,8725,8790,27740,1214071300,415008,407630,9240,8360,8800,8820,0,8780,0,0,0,2017-04-19,32495574,8745,198,0,0,0,0,0,0,0,0,8750,298,0,0,0,0,0,0,0,0
192,2017-04-19,09:01:36,51,l1709,XDCE,8745,8725,8790,27776,1215646000,415022,407630,9240,8360,8800,8820,0,8780,0,0,0,2017-04-19,32496051,8745,200,0,0,0,0,0,0,0,0,8750,287,0,0,0,0,0,0,0,0
193,2017-04-19,09:01:36,466,l1709,XDCE,8750,8725,8790,27778,1215733500,415022,407630,9240,8360,8800,8820,0,8780,0,0,0,2017-04-19,32496466,8745,201,0,0,0,0,0,0,0,0,8750,291,0,0,0,0,0,0,0,0
194,2017-04-19,09:01:37,9,l1709,XDCE,8745,8725,8790,27780,1215820950,415024,407630,9240,8360,8800,8820,0,8780,0,0,0,2017-04-19,32497009,8745,203,0,0,0,0,0,0,0,0,8750,290,0,0,0,0,0,0,0,0
195,2017-04-19,09:01:37,478,l1709,XDCE,8745,8725,8790,27810,1217133400,415020,407630,9240,8360,8800,8820,0,8780,0,0,0,2017-04-19,32497478,8745,207,0,0,0,0,0,0,0,0,8750,265,0,0,0,0,0,0,0,0
196,2017-04-19,09:01:38,50,l1709,XDCE,8750,8725,8790,27812,1217220900,415020,407630,9240,8360,8800,8820,0,8780,0,0,0,2017-04-19,32498050,8745,207,0,0,0,0,0,0,0,0,8750,265,0,0,0,0,0,0,0,0
197,2017-04-19,09:01:38,577,l1709,XDCE,8750,8725,8790,27840,1218445850,415026,407630,9240,8360,8800,8820,0,8780,0,0,0,2017-04-19,32498577,8745,209,0,0,0,0,0,0,0,0,8750,252,0,0,0,0,0,0,0,0
198,2017-04-19,09:01:39,56,l1709,XDCE,8745,8725,8790,27846,1218708300,415026,407630,9240,8360,8800,8820,0,8780,0,0,0,2017-04-19,32499056,8745,208,0,0,0,0,0,0,0,0,8750,251,0,0,0,0,0,0,0,0
199,2017-04-19,09:01:39,498,l1709,XDCE,8750,8725,8790,27850,1218883300,415026,407630,9240,8360,8800,8820,0,8780,0,0,0,2017-04-19,32499498,8745,219,0,0,0,0,0,0,0,0,8750,249,0,0,0,0,0,0,0,0
200,2017-04-19,09:01:40,66,l1709,XDCE,8745,8725,8790,28236,1235761750,415382,407630,9240,8360,8800,8820,0,8780,0,0,0,2017-04-19,32500066,8745,38,0,0,0,0,0,0,0,0,8750,238,0,0,0,0,0,0,0,0
201,2017-04-19,09:01:40,576,l1709,XDCE,8745,8725,8790,28334,1240046800,415434,407630,9240,8360,8800,8820,0,8780,0,0,0,2017-04-19,32500576,8740,383,0,0,0,0,0,0,0,0,8745,33,0,0,0,0,0,0,0,0
202,2017-04-19,09:01:41,9,l1709,XDCE,8745,8725,8790,28408,1243282500,415432,407630,9240,8360,8800,8820,0,8780,0,0,0,2017-04-19,32501009,8745,27,0,0,0,0,0,0,0,0,8750,241,0,0,0,0,0,0,0,0
203,2017-04-19,09:01:41,558,l1709,XDCE,8745,8725,8790,28428,1244157050,415430,407630,9240,8360,8800,8820,0,8780,0,0,0,2017-04-19,32501558,8745,27,0,0,0,0,0,0,0,0,8750,240,0,0,0,0,0,0,0,0
204,2017-04-19,09:01:42,55,l1709,XDCE,8745,8725,8790,28446,1244944100,415422,407630,9240,8360,8800,8820,0,8780,0,0,0,2017-04-19,32502055,8745,39,0,0,0,0,0,0,0,0,8750,240,0,0,0,0,0,0,0,0
205,2017-04-19,09:01:42,558,l1709,XDCE,8745,8725,8790,28468,1245906050,415404,407630,9240,8360,8800,8820,0,8780,0,0,0,2017-04-19,32502558,8745,29,0,0,0,0,0,0,0,0,8750,240,0,0,0,0,0,0,0,0
206,2017-04-19,09:01:43,63,l1709,XDCE,8750,8725,8790,28482,1246518550,415404,407630,9240,8360,8800,8820,0,8780,0,0,0,2017-04-19,32503063,8745,113,0,0,0,0,0,0,0,0,8750,243,0,0,0,0,0,0,0,0
207,2017-04-19,09:01:43,576,l1709,XDCE,8745,8725,8790,28484,1246606000,415404,407630,9240,8360,8800,8820,0,8780,0,0,0,2017-04-19,32503576,8745,162,0,0,0,0,0,0,0,0,8750,233,0,0,0,0,0,0,0,0
208,2017-04-19,09:01:44,80,l1709,XDCE,8750,8725,8790,28488,1246780950,415406,407630,9240,8360,8800,8820,0,8780,0,0,0,2017-04-19,32504080,8745,162,0,0,0,0,0,0,0,0,8750,232,0,0,0,0,0,0,0,0
209,2017-04-19,09:01:44,463,l1709,XDCE,8750,8725,8790,28488,1246780950,415406,407630,9240,8360,8800,8820,0,8780,0,0,0,2017-04-19,32504463,8745,160,0,0,0,0,0,0,0,0,8750,232,0,0,0,0,0,0,0,0
210,2017-04-19,09:01:45,64,l1709,XDCE,8750,8725,8790,28488,1246780950,415406,407630,9240,8360,8800,8820,0,8780,0,0,0,2017-04-19,32505064,8745,166,0,0,0,0,0,0,0,0,8750,232,0,0,0,0,0,0,0,0
211,2017-04-19,09:01:45,556,l1709,XDCE,8750,8725,8790,28504,1247480800,415422,407630,9240,8360,8800,8820,0,8780,0,0,0,2017-04-19,32505556,8745,168,0,0,0,0,0,0,0,0,8750,228,0,0,0,0,0,0,0,0
212,2017-04-19,09:01:46,73,l1709,XDCE,8750,8725,8790,28518,1248093300,415430,407630,9240,8360,8800,8820,0,8780,0,0,0,2017-04-19,32506073,8745,168,0,0,0,0,0,0,0,0,8750,229,0,0,0,0,0,0,0,0
213,2017-04-19,09:01:46,531,l1709,XDCE,8750,8725,8790,28532,1248705700,415430,407630,9240,8360,8800,8820,0,8780,0,0,0,2017-04-19,32506531,8745,171,0,0,0,0,0,0,0,0,8750,231,0,0,0,0,0,0,0,0
214,2017-04-19,09:01:46,985,l1709,XDCE,8750,8725,8790,28538,1248968200,415430,407630,9240,8360,8800,8820,0,8780,0,0,0,2017-04-19,32506985,8745,172,0,0,0,0,0,0,0,0,8750,234,0,0,0,0,0,0,0,0
215,2017-04-19,09:01:47,353,l1709,XDCE,8750,8725,8790,28546,1249318200,415438,407630,9240,8360,8800,8820,0,8780,0,0,0,2017-04-19,32507353,8745,161,0,0,0,0,0,0,0,0,8750,240,0,0,0,0,0,0,0,0
216,2017-04-19,09:01:48,78,l1709,XDCE,8750,8725,8790,28610,1252117400,415424,407630,9240,8360,8800,8820,0,8780,0,0,0,2017-04-19,32508078,8745,149,0,0,0,0,0,0,0,0,8750,228,0,0,0,0,0,0,0,0
217,2017-04-19,09:01:48,515,l1709,XDCE,8750,8725,8790,28610,1252117400,415424,407630,9240,8360,8800,8820,0,8780,0,0,0,2017-04-19,32508515,8745,152,0,0,0,0,0,0,0,0,8750,228,0,0,0,0,0,0,0,0
218,2017-04-19,09:01:49,71,l1709,XDCE,8750,8725,8790,28616,1252379850,415422,407630,9240,8360,8800,8820,0,8780,0,0,0,2017-04-19,32509071,8745,162,0,0,0,0,0,0,0,0,8750,216,0,0,0,0,0,0,0,0
219,2017-04-19,09:01:49,564,l1709,XDCE,8750,8725,8790,28706,1256317350,415382,407630,9240,8360,8800,8820,0,8780,0,0,0,2017-04-19,32509564,8745,193,0,0,0,0,0,0,0,0,8750,178,0,0,0,0,0,0,0,0
220,2017-04-19,09:01:50,74,l1709,XDCE,8750,8725,8790,28708,1256404850,415382,407630,9240,8360,8800,8820,0,8780,0,0,0,2017-04-19,32510074,8745,195,0,0,0,0,0,0,0,0,8750,178,0,0,0,0,0,0,0,0
221,2017-04-19,09:01:50,541,l1709,XDCE,8745,8725,8790,29118,1274332200,415706,407630,9240,8360,8800,8820,0,8780,0,0,0,2017-04-19,32510541,8745,3,0,0,0,0,0,0,0,0,8750,189,0,0,0,0,0,0,0,0
222,2017-04-19,09:01:50,952,l1709,XDCE,8750,8725,8790,29276,1281241100,415760,407630,9240,8360,8800,8820,0,8780,0,0,0,2017-04-19,32510952,8745,25,0,0,0,0,0,0,0,0,8750,174,0,0,0,0,0,0,0,0
223,2017-04-19,09:01:51,445,l1709,XDCE,8750,8725,8790,29282,1281503600,415754,407630,9240,8360,8800,8820,0,8780,0,0,0,2017-04-19,32511445,8745,71,0,0,0,0,0,0,0,0,8750,181,0,0,0,0,0,0,0,0
224,2017-04-19,09:01:52,57,l1709,XDCE,8750,8725,8790,29290,1281853500,415752,407630,9240,8360,8800,8820,0,8780,0,0,0,2017-04-19,32512057,8745,50,0,0,0,0,0,0,0,0,8750,186,0,0,0,0,0,0,0,0
225,2017-04-19,09:01:52,568,l1709,XDCE,8745,8725,8790,29294,1282028450,415750,407630,9240,8360,8800,8820,0,8780,0,0,0,2017-04-19,32512568,8745,52,0,0,0,0,0,0,0,0,8750,176,0,0,0,0,0,0,0,0
226,2017-04-19,09:01:53,45,l1709,XDCE,8750,8725,8790,29308,1282640950,415748,407630,9240,8360,8800,8820,0,8780,0,0,0,2017-04-19,32513045,8745,53,0,0,0,0,0,0,0,0,8750,169,0,0,0,0,0,0,0,0
227,2017-04-19,09:01:54,67,l1709,XDCE,8745,8725,8790,29324,1283340750,415752,407630,9240,8360,8800,8820,0,8780,0,0,0,2017-04-19,32514067,8745,50,0,0,0,0,0,0,0,0,8750,166,0,0,0,0,0,0,0,0
228,2017-04-19,09:01:54,527,l1709,XDCE,8750,8725,8790,29334,1283778250,415750,407630,9240,8360,8800,8820,0,8780,0,0,0,2017-04-19,32514527,8745,58,0,0,0,0,0,0,0,0,8750,161,0,0,0,0,0,0,0,0
229,2017-04-19,09:01:55,80,l1709,XDCE,8745,8725,8790,29344,1284215700,415750,407630,9240,8360,8800,8820,0,8780,0,0,0,2017-04-19,32515080,8745,83,0,0,0,0,0,0,0,0,8750,157,0,0,0,0,0,0,0,0
230,2017-04-19,09:01:55,573,l1709,XDCE,8745,8725,8790,29366,1285178150,415740,407630,9240,8360,8800,8820,0,8780,0,0,0,2017-04-19,32515573,8745,104,0,0,0,0,0,0,0,0,8750,147,0,0,0,0,0,0,0,0
231,2017-04-19,09:01:56,72,l1709,XDCE,8750,8725,8790,29376,1285615650,415740,407630,9240,8360,8800,8820,0,8780,0,0,0,2017-04-19,32516072,8745,108,0,0,0,0,0,0,0,0,8750,151,0,0,0,0,0,0,0,0
232,2017-04-19,09:01:56,567,l1709,XDCE,8745,8725,8790,29392,1286315450,415748,407630,9240,8360,8800,8820,0,8780,0,0,0,2017-04-19,32516567,8745,157,0,0,0,0,0,0,0,0,8750,148,0,0,0,0,0,0,0,0
233,2017-04-19,09:01:57,48,l1709,XDCE,8745,8725,8790,29422,1287627850,415746,407630,9240,8360,8800,8820,0,8780,0,0,0,2017-04-19,32517048,8745,158,0,0,0,0,0,0,0,0,8750,135,0,0,0,0,0,0,0,0
234,2017-04-19,09:01:57,580,l1709,XDCE,8745,8725,8790,29424,1287715300,415746,407630,9240,8360,8800,8820,0,8780,0,0,0,2017-04-19,32517580,8745,160,0,0,0,0,0,0,0,0,8750,135,0,0,0,0,0,0,0,0
235,2017-04-19,09:01:57,951,l1709,XDCE,8750,8725,8790,29446,1288677800,415746,407630,9240,8360,8800,8820,0,8780,0,0,0,2017-04-19,32517951,8745,164,0,0,0,0,0,0,0,0,8750,124,0,0,0,0,0,0,0,0
236,2017-04-19,09:01:58,558,l1709,XDCE,8750,8725,8790,29460,1289290300,415746,407630,9240,8360,8800,8820,0,8780,0,0,0,2017-04-19,32518558,8745,226,0,0,0,0,0,0,0,0,8750,118,0,0,0,0,0,0,0,0
237,2017-04-19,09:01:59,58,l1709,XDCE,8750,8725,8790,29494,1290777800,415746,407630,9240,8360,8800,8820,0,8780,0,0,0,2017-04-19,32519058,8745,248,0,0,0,0,0,0,0,0,8750,102,0,0,0,0,0,0,0,0
238,2017-04-19,09:01:59,458,l1709,XDCE,8750,8725,8790,29586,1294802800,415714,407630,9240,8360,8800,8820,0,8780,0,0,0,2017-04-19,32519458,8745,258,0,0,0,0,0,0,0,0,8750,56,0,0,0,0,0,0,0,0
239,2017-04-19,09:02:00,57,l1709,XDCE,8750,8725,8790,29700,1299790300,415686,407630,9240,8360,8800,8820,0,8780,0,0,0,2017-04-19,32520057,8750,16,0,0,0,0,0,0,0,0,8755,129,0,0,0,0,0,0,0,0
240,2017-04-19,09:02:00,576,l1709,XDCE,8750,8725,8790,29728,1301015300,415694,407630,9240,8360,8800,8820,0,8780,0,0,0,2017-04-19,32520576,8750,44,0,0,0,0,0,0,0,0,8755,125,0,0,0,0,0,0,0,0
241,2017-04-19,09:02:00,970,l1709,XDCE,8750,8725,8790,29736,1301365350,415694,407630,9240,8360,8800,8820,0,8780,0,0,0,2017-04-19,32520970,8750,52,0,0,0,0,0,0,0,0,8755,124,0,0,0,0,0,0,0,0
242,2017-04-19,09:02:01,521,l1709,XDCE,8750,8725,8790,29750,1301977850,415694,407630,9240,8360,8800,8820,0,8780,0,0,0,2017-04-19,32521521,8750,51,0,0,0,0,0,0,0,0,8755,114,0,0,0,0,0,0,0,0
243,2017-04-19,09:02:02,54,l1709,XDCE,8750,8725,8790,29750,1301977850,415694,407630,9240,8360,8800,8820,0,8780,0,0,0,2017-04-19,32522054,8750,68,0,0,0,0,0,0,0,0,8755,114,0,0,0,0,0,0,0,0
244,2017-04-19,09:02:02,541,l1709,XDCE,8750,8725,8790,29754,1302152850,415694,407630,9240,8360,8800,8820,0,8780,0,0,0,2017-04-19,32522541,8750,116,0,0,0,0,0,0,0,0,8755,116,0,0,0,0,0,0,0,0
245,2017-04-19,09:02:03,49,l1709,XDCE,8750,8725,8790,29754,1302152850,415694,407630,9240,8360,8800,8820,0,8780,0,0,0,2017-04-19,32523049,8750,117,0,0,0,0,0,0,0,0,8755,116,0,0,0,0,0,0,0,0
246,2017-04-19,09:02:03,579,l1709,XDCE,8755,8725,8790,29756,1302240400,415694,407630,9240,8360,8800,8820,0,8780,0,0,0,2017-04-19,32523579,8750,118,0,0,0,0,0,0,0,0,8755,115,0,0,0,0,0,0,0,0
247,2017-04-19,09:02:04,74,l1709,XDCE,8755,8725,8790,29802,1304254050,415666,407630,9240,8360,8800,8820,0,8780,0,0,0,2017-04-19,32524074,8750,122,0,0,0,0,0,0,0,0,8755,95,0,0,0,0,0,0,0,0
248,2017-04-19,09:02:04,567,l1709,XDCE,8755,8725,8790,29902,1308631550,415662,407630,9240,8360,8800,8820,0,8780,0,0,0,2017-04-19,32524567,8750,126,0,0,0,0,0,0,0,0,8755,52,0,0,0,0,0,0,0,0
249,2017-04-19,09:02:05,68,l1709,XDCE,8755,8725,8790,30018,1313709400,415624,407630,9240,8360,8800,8820,0,8780,0,0,0,2017-04-19,32525068,8755,2,0,0,0,0,0,0,0,0,8760,197,0,0,0,0,0,0,0,0
250,2017-04-19,09:02:05,577,l1709,XDCE,8755,8725,8790,30056,1315372250,415642,407630,9240,8360,8800,8820,0,8780,0,0,0,2017-04-19,32525577,8755,8,0,0,0,0,0,0,0,0,8760,226,0,0,0,0,0,0,0,0
251,2017-04-19,09:02:05,968,l1709,XDCE,8760,8725,8790,30082,1316510650,415638,407630,9240,8360,8800,8820,0,8780,0,0,0,2017-04-19,32525968,8755,26,0,0,0,0,0,0,0,0,8760,222,0,0,0,0,0,0,0,0
252,2017-04-19,09:02:06,541,l1709,XDCE,8755,8725,8790,30168,1320275450,415586,407630,9240,8360,8800,8820,0,8780,0,0,0,2017-04-19,32526541,8750,180,0,0,0,0,0,0,0,0,8755,11,0,0,0,0,0,0,0,0
253,2017-04-19,09:02:07,31,l1709,XDCE,8755,8725,8790,30174,1320538100,415584,407630,9240,8360,8800,8820,0,8780,0,0,0,2017-04-19,32527031,8750,180,0,0,0,0,0,0,0,0,8755,33,0,0,0,0,0,0,0,0
254,2017-04-19,09:02:07,551,l1709,XDCE,8755,8725,8790,30174,1320538100,415584,407630,9240,8360,8800,8820,0,8780,0,0,0,2017-04-19,32527551,8750,179,0,0,0,0,0,0,0,0,8755,48,0,0,0,0,0,0,0,0
255,2017-04-19,09:02:08,56,l1709,XDCE,8760,8725,8790,30304,1326228800,415628,407630,9240,8360,8800,8820,0,8780,0,0,0,2017-04-19,32528056,8750,178,0,0,0,0,0,0,0,0,8755,1,0,0,0,0,0,0,0,0
256,2017-04-19,09:02:08,559,l1709,XDCE,8755,8725,8790,30354,1328417550,415630,407630,9240,8360,8800,8820,0,8780,0,0,0,2017-04-19,32528559,8755,15,0,0,0,0,0,0,0,0,8760,223,0,0,0,0,0,0,0,0
257,2017-04-19,09:02:08,961,l1709,XDCE,8755,8725,8790,30358,1328592650,415628,407630,9240,8360,8800,8820,0,8780,0,0,0,2017-04-19,32528961,8755,32,0,0,0,0,0,0,0,0,8760,223,0,0,0,0,0,0,0,0
258,2017-04-19,09:02:09,576,l1709,XDCE,8755,8725,8790,30466,1333322850,415658,407630,9240,8360,8800,8820,0,8780,0,0,0,2017-04-19,32529576,8755,97,0,0,0,0,0,0,0,0,8760,167,0,0,0,0,0,0,0,0
259,2017-04-19,09:02:10,27,l1709,XDCE,8755,8725,8790,30466,1333322850,415658,407630,9240,8360,8800,8820,0,8780,0,0,0,2017-04-19,32530027,8755,97,0,0,0,0,0,0,0,0,8760,163,0,0,0,0,0,0,0,0
260,2017-04-19,09:02:10,503,l1709,XDCE,8755,8725,8790,30488,1334285900,415660,407630,9240,8360,8800,8820,0,8780,0,0,0,2017-04-19,32530503,8755,82,0,0,0,0,0,0,0,0,8760,164,0,0,0,0,0,0,0,0
261,2017-04-19,09:02:11,50,l1709,XDCE,8755,8725,8790,30502,1334898800,415658,407630,9240,8360,8800,8820,0,8780,0,0,0,2017-04-19,32531050,8755,74,0,0,0,0,0,0,0,0,8760,164,0,0,0,0,0,0,0,0
262,2017-04-19,09:02:11,579,l1709,XDCE,8760,8725,8790,30644,1341117850,415766,407630,9240,8360,8800,8820,0,8780,0,0,0,2017-04-19,32531579,8755,63,0,0,0,0,0,0,0,0,8760,115,0,0,0,0,0,0,0,0
263,2017-04-19,09:02:12,60,l1709,XDCE,8760,8725,8790,30648,1341293000,415766,407630,9240,8360,8800,8820,0,8780,0,0,0,2017-04-19,32532060,8755,62,0,0,0,0,0,0,0,0,8760,119,0,0,0,0,0,0,0,0
264,2017-04-19,09:02:12,576,l1709,XDCE,8760,8725,8790,30648,1341293000,415766,407630,9240,8360,8800,8820,0,8780,0,0,0,2017-04-19,32532576,8755,62,0,0,0,0,0,0,0,0,8760,124,0,0,0,0,0,0,0,0
265,2017-04-19,09:02:13,79,l1709,XDCE,8750,8725,8790,31378,1373230750,416262,407630,9240,8360,8800,8820,0,8780,0,0,0,2017-04-19,32533079,8745,198,0,0,0,0,0,0,0,0,8750,197,0,0,0,0,0,0,0,0
266,2017-04-19,09:02:13,457,l1709,XDCE,8750,8725,8790,31398,1374105750,416282,407630,9240,8360,8800,8820,0,8780,0,0,0,2017-04-19,32533457,8745,188,0,0,0,0,0,0,0,0,8750,189,0,0,0,0,0,0,0,0
267,2017-04-19,09:02:14,80,l1709,XDCE,8750,8725,8790,31522,1379530750,416406,407630,9240,8360,8800,8820,0,8780,0,0,0,2017-04-19,32534080,8745,187,0,0,0,0,0,0,0,0,8750,132,0,0,0,0,0,0,0,0
268,2017-04-19,09:02:14,553,l1709,XDCE,8750,8725,8790,31538,1380230650,416418,407630,9240,8360,8800,8820,0,8780,0,0,0,2017-04-19,32534553,8745,185,0,0,0,0,0,0,0,0,8750,145,0,0,0,0,0,0,0,0
269,2017-04-19,09:02:15,33,l1709,XDCE,8750,8725,8790,31630,1384255650,416500,407630,9240,8360,8800,8820,0,8780,0,0,0,2017-04-19,32535033,8745,184,0,0,0,0,0,0,0,0,8750,117,0,0,0,0,0,0,0,0
270,2017-04-19,09:02:15,516,l1709,XDCE,8745,8725,8790,31688,1386791850,416506,407630,9240,8360,8800,8820,0,8780,0,0,0,2017-04-19,32535516,8745,160,0,0,0,0,0,0,0,0,8750,124,0,0,0,0,0,0,0,0
271,2017-04-19,09:02:15,991,l1709,XDCE,8750,8725,8790,31692,1386966850,416510,407630,9240,8360,8800,8820,0,8780,0,0,0,2017-04-19,32535991,8745,178,0,0,0,0,0,0,0,0,8750,123,0,0,0,0,0,0,0,0
272,2017-04-19,09:02:16,553,l1709,XDCE,8750,8725,8790,31708,1387666500,416512,407630,9240,8360,8800,8820,0,8780,0,0,0,2017-04-19,32536553,8745,171,0,0,0,0,0,0,0,0,8750,123,0,0,0,0,0,0,0,0
273,2017-04-19,09:02:17,75,l1709,XDCE,8750,8725,8790,31714,1387929000,416518,407630,9240,8360,8800,8820,0,8780,0,0,0,2017-04-19,32537075,8745,169,0,0,0,0,0,0,0,0,8750,124,0,0,0,0,0,0,0,0
274,2017-04-19,09:02:17,175,l1709,XDCE,8750,8725,8790,31716,1388016500,416520,407630,9240,8360,8800,8820,0,8780,0,0,0,2017-04-19,32537175,8745,169,0,0,0,0,0,0,0,0,8750,123,0,0,0,0,0,0,0,0
275,2017-04-19,09:02:18,41,l1709,XDCE,8750,8725,8790,31818,1392479000,416622,407630,9240,8360,8800,8820,0,8780,0,0,0,2017-04-19,32538041,8745,170,0,0,0,0,0,0,0,0,8750,73,0,0,0,0,0,0,0,0
276,2017-04-19,09:02:18,557,l1709,XDCE,8750,8725,8790,31834,1393179000,416638,407630,9240,8360,8800,8820,0,8780,0,0,0,2017-04-19,32538557,8745,171,0,0,0,0,0,0,0,0,8750,86,0,0,0,0,0,0,0,0
277,2017-04-19,09:02:19,80,l1709,XDCE,8750,8725,8790,31844,1393616500,416646,407630,9240,8360,8800,8820,0,8780,0,0,0,2017-04-19,32539080,8745,171,0,0,0,0,0,0,0,0,8750,83,0,0,0,0,0,0,0,0
278,2017-04-19,09:02:19,555,l1709,XDCE,8750,8725,8790,31888,1395541500,416648,407630,9240,8360,8800,8820,0,8780,0,0,0,2017-04-19,32539555,8745,173,0,0,0,0,0,0,0,0,8750,86,0,0,0,0,0,0,0,0
279,2017-04-19,09:02:20,46,l1709,XDCE,8750,8725,8790,31888,1395541500,416648,407630,9240,8360,8800,8820,0,8780,0,0,0,2017-04-19,32540046,8745,178,0,0,0,0,0,0,0,0,8750,95,0,0,0,0,0,0,0,0
280,2017-04-19,09:02:20,570,l1709,XDCE,8745,8725,8790,31910,1396503950,416650,407630,9240,8360,8800,8820,0,8780,0,0,0,2017-04-19,32540570,8745,179,0,0,0,0,0,0,0,0,8750,76,0,0,0,0,0,0,0,0
281,2017-04-19,09:02:21,78,l1709,XDCE,8750,8725,8790,31922,1397028950,416640,407630,9240,8360,8800,8820,0,8780,0,0,0,2017-04-19,32541078,8745,180,0,0,0,0,0,0,0,0,8750,80,0,0,0,0,0,0,0,0
282,2017-04-19,09:02:21,562,l1709,XDCE,8745,8725,8790,31924,1397116400,416642,407630,9240,8360,8800,8820,0,8780,0,0,0,2017-04-19,32541562,8745,180,0,0,0,0,0,0,0,0,8750,96,0,0,0,0,0,0,0,0
283,2017-04-19,09:02:22,17,l1709,XDCE,8745,8725,8790,31924,1397116400,416642,407630,9240,8360,8800,8820,0,8780,0,0,0,2017-04-19,32542017,8745,180,0,0,0,0,0,0,0,0,8750,111,0,0,0,0,0,0,0,0
284,2017-04-19,09:02:22,567,l1709,XDCE,8745,8725,8790,31966,1398952900,416640,407630,9240,8360,8800,8820,0,8780,0,0,0,2017-04-19,32542567,8745,160,0,0,0,0,0,0,0,0,8750,105,0,0,0,0,0,0,0,0
285,2017-04-19,09:02:23,39,l1709,XDCE,8745,8725,8790,32008,1400790350,416650,407630,9240,8360,8800,8820,0,8780,0,0,0,2017-04-19,32543039,8745,159,0,0,0,0,0,0,0,0,8750,87,0,0,0,0,0,0,0,0
286,2017-04-19,09:02:23,399,l1709,XDCE,8750,8725,8790,32062,1403152850,416694,407630,9240,8360,8800,8820,0,8780,0,0,0,2017-04-19,32543399,8745,159,0,0,0,0,0,0,0,0,8750,78,0,0,0,0,0,0,0,0
287,2017-04-19,09:02:24,25,l1709,XDCE,8745,8725,8790,32076,1403765050,416706,407630,9240,8360,8800,8820,0,8780,0,0,0,2017-04-19,32544025,8745,155,0,0,0,0,0,0,0,0,8750,65,0,0,0,0,0,0,0,0
288,2017-04-19,09:02:24,576,l1709,XDCE,8750,8725,8790,32086,1404202550,416712,407630,9240,8360,8800,8820,0,8780,0,0,0,2017-04-19,32544576,8745,155,0,0,0,0,0,0,0,0,8750,66,0,0,0,0,0,0,0,0
289,2017-04-19,09:02:24,988,l1709,XDCE,8750,8725,8790,32086,1404202550,416712,407630,9240,8360,8800,8820,0,8780,0,0,0,2017-04-19,32544988,8745,155,0,0,0,0,0,0,0,0,8750,96,0,0,0,0,0,0,0,0
290,2017-04-19,09:02:25,543,l1709,XDCE,8750,8725,8790,32088,1404290050,416712,407630,9240,8360,8800,8820,0,8780,0,0,0,2017-04-19,32545543,8745,161,0,0,0,0,0,0,0,0,8750,95,0,0,0,0,0,0,0,0
291,2017-04-19,09:02:25,909,l1709,XDCE,8745,8725,8790,32150,1407001000,416724,407630,9240,8360,8800,8820,0,8780,0,0,0,2017-04-19,32545909,8745,130,0,0,0,0,0,0,0,0,8750,102,0,0,0,0,0,0,0,0
292,2017-04-19,09:02:26,541,l1709,XDCE,8750,8725,8790,32152,1407088500,416726,407630,9240,8360,8800,8820,0,8780,0,0,0,2017-04-19,32546541,8745,153,0,0,0,0,0,0,0,0,8750,101,0,0,0,0,0,0,0,0
293,2017-04-19,09:02:27,36,l1709,XDCE,8750,8725,8790,32156,1407263450,416728,407630,9240,8360,8800,8820,0,8780,0,0,0,2017-04-19,32547036,8745,158,0,0,0,0,0,0,0,0,8750,100,0,0,0,0,0,0,0,0
294,2017-04-19,09:02:27,544,l1709,XDCE,8745,8725,8790,32200,1409187350,416766,407630,9240,8360,8800,8820,0,8780,0,0,0,2017-04-19,32547544,8745,136,0,0,0,0,0,0,0,0,8750,114,0,0,0,0,0,0,0,0
295,2017-04-19,09:02:28,77,l1709,XDCE,8745,8725,8790,32318,1414349550,416824,407630,9240,8360,8800,8820,0,8780,0,0,0,2017-04-19,32548077,8745,130,0,0,0,0,0,0,0,0,8750,81,0,0,0,0,0,0,0,0
296,2017-04-19,09:02:28,436,l1709,XDCE,8750,8725,8790,32320,1414437050,416826,407630,9240,8360,8800,8820,0,8780,0,0,0,2017-04-19,32548436,8745,131,0,0,0,0,0,0,0,0,8750,125,0,0,0,0,0,0,0,0
297,2017-04-19,09:02:29,70,l1709,XDCE,8750,8725,8790,32322,1414524550,416828,407630,9240,8360,8800,8820,0,8780,0,0,0,2017-04-19,32549070,8745,133,0,0,0,0,0,0,0,0,8750,132,0,0,0,0,0,0,0,0
298,2017-04-19,09:02:29,550,l1709,XDCE,8745,8725,8790,32336,1415136800,416838,407630,9240,8360,8800,8820,0,8780,0,0,0,2017-04-19,32549550,8745,128,0,0,0,0,0,0,0,0,8750,131,0,0,0,0,0,0,0,0
299,2017-04-19,09:02:30,29,l1709,XDCE,8745,8725,8790,32352,1415836450,416840,407630,9240,8360,8800,8820,0,8780,0,0,0,2017-04-19,32550029,8745,121,0,0,0,0,0,0,0,0,8750,129,0,0,0,0,0,0,0,0
300,2017-04-19,09:02:30,528,l1709,XDCE,8745,8725,8790,32454,1420298900,416812,407630,9240,8360,8800,8820,0,8780,0,0,0,2017-04-19,32550528,8745,135,0,0,0,0,0,0,0,0,8750,86,0,0,0,0,0,0,0,0
301,2017-04-19,09:02:31,62,l1709,XDCE,8750,8725,8790,32556,1424761350,416858,407630,9240,8360,8800,8820,0,8780,0,0,0,2017-04-19,32551062,8745,136,0,0,0,0,0,0,0,0,8750,38,0,0,0,0,0,0,0,0
302,2017-04-19,09:02:31,555,l1709,XDCE,8750,8725,8790,32562,1425023850,416858,407630,9240,8360,8800,8820,0,8780,0,0,0,2017-04-19,32551555,8745,135,0,0,0,0,0,0,0,0,8750,48,0,0,0,0,0,0,0,0
303,2017-04-19,09:02:32,76,l1709,XDCE,8750,8725,8790,32568,1425286300,416860,407630,9240,8360,8800,8820,0,8780,0,0,0,2017-04-19,32552076,8745,135,0,0,0,0,0,0,0,0,8750,51,0,0,0,0,0,0,0,0
304,2017-04-19,09:02:32,566,l1709,XDCE,8750,8725,8790,32580,1425811300,416856,407630,9240,8360,8800,8820,0,8780,0,0,0,2017-04-19,32552566,8745,136,0,0,0,0,0,0,0,0,8750,47,0,0,0,0,0,0,0,0
305,2017-04-19,09:02:33,53,l1709,XDCE,8750,8725,8790,32580,1425811300,416856,407630,9240,8360,8800,8820,0,8780,0,0,0,2017-04-19,32553053,8745,136,0,0,0,0,0,0,0,0,8750,53,0,0,0,0,0,0,0,0
306,2017-04-19,09:02:33,443,l1709,XDCE,8750,8725,8790,32582,1425898800,416854,407630,9240,8360,8800,8820,0,8780,0,0,0,2017-04-19,32553443,8745,138,0,0,0,0,0,0,0,0,8750,52,0,0,0,0,0,0,0,0
307,2017-04-19,09:02:34,23,l1709,XDCE,8750,8725,8790,32582,1425898800,416854,407630,9240,8360,8800,8820,0,8780,0,0,0,2017-04-19,32554023,8745,139,0,0,0,0,0,0,0,0,8750,52,0,0,0,0,0,0,0,0
308,2017-04-19,09:02:34,544,l1709,XDCE,8750,8725,8790,32686,1430448800,416918,407630,9240,8360,8800,8820,0,8780,0,0,0,2017-04-19,32554544,8750,3,0,0,0,0,0,0,0,0,8755,449,0,0,0,0,0,0,0,0
309,2017-04-19,09:02:34,994,l1709,XDCE,8750,8725,8790,32930,1441118700,417064,407630,9240,8360,8800,8820,0,8780,0,0,0,2017-04-19,32554994,8745,97,0,0,0,0,0,0,0,0,8750,27,0,0,0,0,0,0,0,0
310,2017-04-19,09:02:35,581,l1709,XDCE,8750,8725,8790,32938,1441468700,417058,407630,9240,8360,8800,8820,0,8780,0,0,0,2017-04-19,32555581,8745,121,0,0,0,0,0,0,0,0,8750,26,0,0,0,0,0,0,0,0
311,2017-04-19,09:02:35,937,l1709,XDCE,8750,8725,8790,32994,1443918650,417030,407630,9240,8360,8800,8820,0,8780,0,0,0,2017-04-19,32555937,8750,5,0,0,0,0,0,0,0,0,8755,460,0,0,0,0,0,0,0,0
312,2017-04-19,09:02:36,515,l1709,XDCE,8750,8725,8790,33042,1446018650,417032,407630,9240,8360,8800,8820,0,8780,0,0,0,2017-04-19,32556515,8750,87,0,0,0,0,0,0,0,0,8755,459,0,0,0,0,0,0,0,0
313,2017-04-19,09:02:37,46,l1709,XDCE,8750,8725,8790,33042,1446018650,417032,407630,9240,8360,8800,8820,0,8780,0,0,0,2017-04-19,32557046,8750,95,0,0,0,0,0,0,0,0,8755,460,0,0,0,0,0,0,0,0
314,2017-04-19,09:02:37,532,l1709,XDCE,8750,8725,8790,33046,1446193650,417036,407630,9240,8360,8800,8820,0,8780,0,0,0,2017-04-19,32557532,8750,95,0,0,0,0,0,0,0,0,8755,430,0,0,0,0,0,0,0,0
315,2017-04-19,09:02:38,69,l1709,XDCE,8755,8725,8790,33150,1450746150,417070,407630,9240,8360,8800,8820,0,8780,0,0,0,2017-04-19,32558069,8750,105,0,0,0,0,0,0,0,0,8755,380,0,0,0,0,0,0,0,0
316,2017-04-19,09:02:38,561,l1709,XDCE,8755,8725,8790,33166,1451446200,417072,407630,9240,8360,8800,8820,0,8780,0,0,0,2017-04-19,32558561,8750,101,0,0,0,0,0,0,0,0,8755,379,0,0,0,0,0,0,0,0
317,2017-04-19,09:02:39,69,l1709,XDCE,8750,8725,8790,33206,1453196200,417072,407630,9240,8360,8800,8820,0,8780,0,0,0,2017-04-19,32559069,8750,82,0,0,0,0,0,0,0,0,8755,391,0,0,0,0,0,0,0,0
318,2017-04-19,09:02:39,571,l1709,XDCE,8750,8725,8790,33206,1453196200,417072,407630,9240,8360,8800,8820,0,8780,0,0,0,2017-04-19,32559571,8750,90,0,0,0,0,0,0,0,0,8755,371,0,0,0,0,0,0,0,0
319,2017-04-19,09:02:39,970,l1709,XDCE,8750,8725,8790,33206,1453196200,417072,407630,9240,8360,8800,8820,0,8780,0,0,0,2017-04-19,32559970,8750,91,0,0,0,0,0,0,0,0,8755,371,0,0,0,0,0,0,0,0
320,2017-04-19,09:02:40,576,l1709,XDCE,8755,8725,8790,33316,1458011450,417072,407630,9240,8360,8800,8820,0,8780,0,0,0,2017-04-19,32560576,8750,106,0,0,0,0,0,0,0,0,8755,306,0,0,0,0,0,0,0,0
321,2017-04-19,09:02:41,18,l1709,XDCE,8750,8725,8790,33318,1458098950,417074,407630,9240,8360,8800,8820,0,8780,0,0,0,2017-04-19,32561018,8750,106,0,0,0,0,0,0,0,0,8755,306,0,0,0,0,0,0,0,0
322,2017-04-19,09:02:41,566,l1709,XDCE,8750,8725,8790,33318,1458098950,417074,407630,9240,8360,8800,8820,0,8780,0,0,0,2017-04-19,32561566,8750,137,0,0,0,0,0,0,0,0,8755,306,0,0,0,0,0,0,0,0
323,2017-04-19,09:02:41,944,l1709,XDCE,8755,8725,8790,33322,1458274050,417074,407630,9240,8360,8800,8820,0,8780,0,0,0,2017-04-19,32561944,8750,147,0,0,0,0,0,0,0,0,8755,291,0,0,0,0,0,0,0,0
324,2017-04-19,09:02:42,578,l1709,XDCE,8755,8725,8790,33324,1458361600,417072,407630,9240,8360,8800,8820,0,8780,0,0,0,2017-04-19,32562578,8750,147,0,0,0,0,0,0,0,0,8755,290,0,0,0,0,0,0,0,0
325,2017-04-19,09:02:42,970,l1709,XDCE,8755,8725,8790,33424,1462739100,417072,407630,9240,8360,8800,8820,0,8780,0,0,0,2017-04-19,32562970,8750,143,0,0,0,0,0,0,0,0,8755,250,0,0,0,0,0,0,0,0
326,2017-04-19,09:02:43,566,l1709,XDCE,8755,8725,8790,33436,1463264250,417072,407630,9240,8360,8800,8820,0,8780,0,0,0,2017-04-19,32563566,8750,142,0,0,0,0,0,0,0,0,8755,248,0,0,0,0,0,0,0,0
327,2017-04-19,09:02:44,20,l1709,XDCE,8755,8725,8790,33440,1463439350,417068,407630,9240,8360,8800,8820,0,8780,0,0,0,2017-04-19,32564020,8750,143,0,0,0,0,0,0,0,0,8755,246,0,0,0,0,0,0,0,0
328,2017-04-19,09:02:44,530,l1709,XDCE,8750,8725,8790,33468,1464664350,417088,407630,9240,8360,8800,8820,0,8780,0,0,0,2017-04-19,32564530,8750,123,0,0,0,0,0,0,0,0,8755,249,0,0,0,0,0,0,0,0
329,2017-04-19,09:02:45,68,l1709,XDCE,8755,8725,8790,33478,1465102100,417078,407630,9240,8360,8800,8820,0,8780,0,0,0,2017-04-19,32565068,8750,106,0,0,0,0,0,0,0,0,8755,265,0,0,0,0,0,0,0,0
330,2017-04-19,09:02:45,483,l1709,XDCE,8755,8725,8790,33508,1466415350,417072,407630,9240,8360,8800,8820,0,8780,0,0,0,2017-04-19,32565483,8750,106,0,0,0,0,0,0,0,0,8755,250,0,0,0,0,0,0,0,0
331,2017-04-19,09:02:46,51,l1709,XDCE,8755,8725,8790,33608,1470792850,417072,407630,9240,8360,8800,8820,0,8780,0,0,0,2017-04-19,32566051,8750,127,0,0,0,0,0,0,0,0,8755,189,0,0,0,0,0,0,0,0
332,2017-04-19,09:02:46,535,l1709,XDCE,8755,8725,8790,33610,1470880400,417070,407630,9240,8360,8800,8820,0,8780,0,0,0,2017-04-19,32566535,8750,132,0,0,0,0,0,0,0,0,8755,187,0,0,0,0,0,0,0,0
333,2017-04-19,09:02:47,42,l1709,XDCE,8755,8725,8790,33614,1471055500,417068,407630,9240,8360,8800,8820,0,8780,0,0,0,2017-04-19,32567042,8750,133,0,0,0,0,0,0,0,0,8755,185,0,0,0,0,0,0,0,0
334,2017-04-19,09:02:47,562,l1709,XDCE,8755,8725,8790,33614,1471055500,417068,407630,9240,8360,8800,8820,0,8780,0,0,0,2017-04-19,32567562,8750,146,0,0,0,0,0,0,0,0,8755,186,0,0,0,0,0,0,0,0
335,2017-04-19,09:02:48,50,l1709,XDCE,8755,8725,8790,33728,1476045850,417068,407630,9240,8360,8800,8820,0,8780,0,0,0,2017-04-19,32568050,8750,155,0,0,0,0,0,0,0,0,8755,129,0,0,0,0,0,0,0,0
336,2017-04-19,09:02:48,564,l1709,XDCE,8755,8725,8790,33990,1487514900,417022,407630,9240,8360,8800,8820,0,8780,0,0,0,2017-04-19,32568564,8750,171,0,0,0,0,0,0,0,0,8760,139,0,0,0,0,0,0,0,0
337,2017-04-19,09:02:48,962,l1709,XDCE,8760,8725,8790,34002,1488040400,417026,407630,9240,8360,8800,8820,0,8780,0,0,0,2017-04-19,32568962,8750,232,0,0,0,0,0,0,0,0,8760,127,0,0,0,0,0,0,0,0
338,2017-04-19,09:02:49,566,l1709,XDCE,8760,8725,8790,34010,1488390650,417026,407630,9240,8360,8800,8820,0,8780,0,0,0,2017-04-19,32569566,8755,1,0,0,0,0,0,0,0,0,8760,136,0,0,0,0,0,0,0,0
339,2017-04-19,09:02:50,39,l1709,XDCE,8755,8725,8790,34064,1490754500,417018,407630,9240,8360,8800,8820,0,8780,0,0,0,2017-04-19,32570039,8750,248,0,0,0,0,0,0,0,0,8755,84,0,0,0,0,0,0,0,0
340,2017-04-19,09:02:50,471,l1709,XDCE,8755,8725,8790,34166,1495219550,417052,407630,9240,8360,8800,8820,0,8780,0,0,0,2017-04-19,32570471,8750,249,0,0,0,0,0,0,0,0,8755,35,0,0,0,0,0,0,0,0
341,2017-04-19,09:02:51,498,l1709,XDCE,8755,8725,8790,34178,1495744850,417050,407630,9240,8360,8800,8820,0,8780,0,0,0,2017-04-19,32571498,8750,254,0,0,0,0,0,0,0,0,8755,75,0,0,0,0,0,0,0,0
342,2017-04-19,09:02:52,40,l1709,XDCE,8755,8725,8790,34178,1495744850,417050,407630,9240,8360,8800,8820,0,8780,0,0,0,2017-04-19,32572040,8750,253,0,0,0,0,0,0,0,0,8755,231,0,0,0,0,0,0,0,0
343,2017-04-19,09:02:52,533,l1709,XDCE,8755,8725,8790,34320,1501957400,417164,407630,9240,8360,8800,8820,0,8780,0,0,0,2017-04-19,32572533,8750,183,0,0,0,0,0,0,0,0,8755,237,0,0,0,0,0,0,0,0
344,2017-04-19,09:02:53,52,l1709,XDCE,8750,8725,8790,34830,1524272400,417156,407630,9240,8360,8800,8820,0,8780,0,0,0,2017-04-19,32573052,8745,134,0,0,0,0,0,0,0,0,8750,174,0,0,0,0,0,0,0,0
345,2017-04-19,09:02:53,556,l1709,XDCE,8750,8725,8790,34838,1524622400,417156,407630,9240,8360,8800,8820,0,8780,0,0,0,2017-04-19,32573556,8745,107,0,0,0,0,0,0,0,0,8750,174,0,0,0,0,0,0,0,0
346,2017-04-19,09:02:53,971,l1709,XDCE,8750,8725,8790,34944,1529259900,417192,407630,9240,8360,8800,8820,0,8780,0,0,0,2017-04-19,32573971,8745,101,0,0,0,0,0,0,0,0,8750,121,0,0,0,0,0,0,0,0
347,2017-04-19,09:02:54,357,l1709,XDCE,8750,8725,8790,34958,1529872400,417192,407630,9240,8360,8800,8820,0,8780,0,0,0,2017-04-19,32574357,8745,101,0,0,0,0,0,0,0,0,8750,114,0,0,0,0,0,0,0,0
348,2017-04-19,09:02:55,73,l1709,XDCE,8750,8725,8790,34964,1530134900,417190,407630,9240,8360,8800,8820,0,8780,0,0,0,2017-04-19,32575073,8745,103,0,0,0,0,0,0,0,0,8750,111,0,0,0,0,0,0,0,0
349,2017-04-19,09:02:55,568,l1709,XDCE,8750,8725,8790,35082,1535297400,417264,407630,9240,8360,8800,8820,0,8780,0,0,0,2017-04-19,32575568,8745,106,0,0,0,0,0,0,0,0,8750,54,0,0,0,0,0,0,0,0
350,2017-04-19,09:02:56,55,l1709,XDCE,8750,8725,8790,35096,1535909900,417276,407630,9240,8360,8800,8820,0,8780,0,0,0,2017-04-19,32576055,8750,84,0,0,0,0,0,0,0,0,8755,196,0,0,0,0,0,0,0,0
351,2017-04-19,09:02:56,580,l1709,XDCE,8750,8725,8790,35104,1536259900,417276,407630,9240,8360,8800,8820,0,8780,0,0,0,2017-04-19,32576580,8750,81,0,0,0,0,0,0,0,0,8755,196,0,0,0,0,0,0,0,0
352,2017-04-19,09:02:56,965,l1709,XDCE,8750,8725,8790,35104,1536259900,417276,407630,9240,8360,8800,8820,0,8780,0,0,0,2017-04-19,32576965,8750,79,0,0,0,0,0,0,0,0,8755,195,0,0,0,0,0,0,0,0
353,2017-04-19,09:02:57,528,l1709,XDCE,8750,8725,8790,35106,1536347400,417278,407630,9240,8360,8800,8820,0,8780,0,0,0,2017-04-19,32577528,8750,83,0,0,0,0,0,0,0,0,8755,200,0,0,0,0,0,0,0,0
354,2017-04-19,09:02:58,79,l1709,XDCE,8750,8725,8790,35106,1536347400,417278,407630,9240,8360,8800,8820,0,8780,0,0,0,2017-04-19,32578079,8750,93,0,0,0,0,0,0,0,0,8755,200,0,0,0,0,0,0,0,0
355,2017-04-19,09:02:58,518,l1709,XDCE,8755,8725,8790,35206,1540724900,417282,407630,9240,8360,8800,8820,0,8780,0,0,0,2017-04-19,32578518,8750,109,0,0,0,0,0,0,0,0,8755,150,0,0,0,0,0,0,0,0
356,2017-04-19,09:02:58,967,l1709,XDCE,8755,8725,8790,35206,1540724900,417282,407630,9240,8360,8800,8820,0,8780,0,0,0,2017-04-19,32578967,8750,119,0,0,0,0,0,0,0,0,8755,150,0,0,0,0,0,0,0,0
357,2017-04-19,09:02:59,577,l1709,XDCE,8750,8725,8790,35220,1541337650,417276,407630,9240,8360,8800,8820,0,8780,0,0,0,2017-04-19,32579577,8750,117,0,0,0,0,0,0,0,0,8755,145,0,0,0,0,0,0,0,0
358,2017-04-19,09:03:00,6,l1709,XDCE,8750,8725,8790,35232,1541862700,417286,407630,9240,8360,8800,8820,0,8780,0,0,0,2017-04-19,32580006,8750,112,0,0,0,0,0,0,0,0,8755,163,0,0,0,0,0,0,0,0
359,2017-04-19,09:03:00,542,l1709,XDCE,8755,8725,8790,35280,1543962750,417292,407630,9240,8360,8800,8820,0,8780,0,0,0,2017-04-19,32580542,8750,93,0,0,0,0,0,0,0,0,8755,162,0,0,0,0,0,0,0,0
360,2017-04-19,09:03:01,39,l1709,XDCE,8755,8725,8790,35404,1549390800,417294,407630,9240,8360,8800,8820,0,8780,0,0,0,2017-04-19,32581039,8750,85,0,0,0,0,0,0,0,0,8755,103,0,0,0,0,0,0,0,0
361,2017-04-19,09:03:01,580,l1709,XDCE,8755,8725,8790,35426,1550353550,417296,407630,9240,8360,8800,8820,0,8780,0,0,0,2017-04-19,32581580,8750,92,0,0,0,0,0,0,0,0,8755,102,0,0,0,0,0,0,0,0
362,2017-04-19,09:03:02,59,l1709,XDCE,8755,8725,8790,35474,1552454750,417280,407630,9240,8360,8800,8820,0,8780,0,0,0,2017-04-19,32582059,8750,90,0,0,0,0,0,0,0,0,8755,78,0,0,0,0,0,0,0,0
363,2017-04-19,09:03:02,480,l1709,XDCE,8755,8725,8790,35634,1559458700,417196,407630,9240,8360,8800,8820,0,8780,0,0,0,2017-04-19,32582480,8755,4,0,0,0,0,0,0,0,0,8760,131,0,0,0,0,0,0,0,0
364,2017-04-19,09:03:03,21,l1709,XDCE,8755,8725,8790,35670,1561034600,417188,407630,9240,8360,8800,8820,0,8780,0,0,0,2017-04-19,32583021,8755,60,0,0,0,0,0,0,0,0,8760,130,0,0,0,0,0,0,0,0
365,2017-04-19,09:03:03,531,l1709,XDCE,8755,8725,8790,35796,1566551400,417234,407630,9240,8360,8800,8820,0,8780,0,0,0,2017-04-19,32583531,8755,46,0,0,0,0,0,0,0,0,8760,108,0,0,0,0,0,0,0,0
366,2017-04-19,09:03:03,955,l1709,XDCE,8755,8725,8790,35798,1566638950,417236,407630,9240,8360,8800,8820,0,8780,0,0,0,2017-04-19,32583955,8755,35,0,0,0,0,0,0,0,0,8760,111,0,0,0,0,0,0,0,0
367,2017-04-19,09:03:04,544,l1709,XDCE,8760,8725,8790,35892,1570756150,417260,407630,9240,8360,8800,8820,0,8780,0,0,0,2017-04-19,32584544,8755,43,0,0,0,0,0,0,0,0,8760,68,0,0,0,0,0,0,0,0
368,2017-04-19,09:03:04,999,l1709,XDCE,8760,8725,8790,35934,1572595700,417270,407630,9240,8360,8800,8820,0,8780,0,0,0,2017-04-19,32584999,8755,71,0,0,0,0,0,0,0,0,8760,77,0,0,0,0,0,0,0,0
369,2017-04-19,09:03:05,498,l1709,XDCE,8755,8725,8790,35978,1574521900,417264,407630,9240,8360,8800,8820,0,8780,0,0,0,2017-04-19,32585498,8755,52,0,0,0,0,0,0,0,0,8760,581,0,0,0,0,0,0,0,0
370,2017-04-19,09:03:06,11,l1709,XDCE,8755,8725,8790,36150,1582051200,417272,407630,9240,8360,8800,8820,0,8780,0,0,0,2017-04-19,32586011,8750,131,0,0,0,0,0,0,0,0,8755,41,0,0,0,0,0,0,0,0
371,2017-04-19,09:03:06,565,l1709,XDCE,8755,8725,8790,36174,1583101800,417284,407630,9240,8360,8800,8820,0,8780,0,0,0,2017-04-19,32586565,8750,130,0,0,0,0,0,0,0,0,8755,31,0,0,0,0,0,0,0,0
372,2017-04-19,09:03:07,70,l1709,XDCE,8755,8725,8790,36270,1587304200,417358,407630,9240,8360,8800,8820,0,8780,0,0,0,2017-04-19,32587070,8755,53,0,0,0,0,0,0,0,0,8760,603,0,0,0,0,0,0,0,0
373,2017-04-19,09:03:07,528,l1709,XDCE,8755,8725,8790,36304,1588792550,417392,407630,9240,8360,8800,8820,0,8780,0,0,0,2017-04-19,32587528,8755,36,0,0,0,0,0,0,0,0,8760,616,0,0,0,0,0,0,0,0
374,2017-04-19,09:03:08,79,l1709,XDCE,8755,8725,8790,36376,1591944350,417392,407630,9240,8360,8800,8820,0,8780,0,0,0,2017-04-19,32588079,8750,136,0,0,0,0,0,0,0,0,8755,29,0,0,0,0,0,0,0,0
375,2017-04-19,09:03:08,544,l1709,XDCE,8755,8725,8790,36394,1592732300,417390,407630,9240,8360,8800,8820,0,8780,0,0,0,2017-04-19,32588544,8750,151,0,0,0,0,0,0,0,0,8755,131,0,0,0,0,0,0,0,0
376,2017-04-19,09:03:09,59,l1709,XDCE,8755,8725,8790,36394,1592732300,417390,407630,9240,8360,8800,8820,0,8780,0,0,0,2017-04-19,32589059,8750,138,0,0,0,0,0,0,0,0,8755,171,0,0,0,0,0,0,0,0
377,2017-04-19,09:03:09,501,l1709,XDCE,8755,8725,8790,36404,1593170050,417390,407630,9240,8360,8800,8820,0,8780,0,0,0,2017-04-19,32589501,8750,138,0,0,0,0,0,0,0,0,8755,151,0,0,0,0,0,0,0,0
378,2017-04-19,09:03:10,73,l1709,XDCE,8755,8725,8790,36406,1593257600,417392,407630,9240,8360,8800,8820,0,8780,0,0,0,2017-04-19,32590073,8750,139,0,0,0,0,0,0,0,0,8755,150,0,0,0,0,0,0,0,0
379,2017-04-19,09:03:10,365,l1709,XDCE,8755,8725,8790,36426,1594133100,417390,407630,9240,8360,8800,8820,0,8780,0,0,0,2017-04-19,32590365,8750,138,0,0,0,0,0,0,0,0,8755,155,0,0,0,0,0,0,0,0
380,2017-04-19,09:03:11,27,l1709,XDCE,8755,8725,8790,36428,1594220650,417388,407630,9240,8360,8800,8820,0,8780,0,0,0,2017-04-19,32591027,8750,139,0,0,0,0,0,0,0,0,8755,162,0,0,0,0,0,0,0,0
381,2017-04-19,09:03:11,549,l1709,XDCE,8755,8725,8790,36430,1594308200,417388,407630,9240,8360,8800,8820,0,8780,0,0,0,2017-04-19,32591549,8750,136,0,0,0,0,0,0,0,0,8755,662,0,0,0,0,0,0,0,0
382,2017-04-19,09:03:12,66,l1709,XDCE,8755,8725,8790,36554,1599736300,417272,407630,9240,8360,8800,8820,0,8780,0,0,0,2017-04-19,32592066,8750,143,0,0,0,0,0,0,0,0,8755,603,0,0,0,0,0,0,0,0
383,2017-04-19,09:03:12,515,l1709,XDCE,8755,8725,8790,36574,1600611800,417270,407630,9240,8360,8800,8820,0,8780,0,0,0,2017-04-19,32592515,8750,87,0,0,0,0,0,0,0,0,8755,593,0,0,0,0,0,0,0,0
384,2017-04-19,09:03:13,68,l1709,XDCE,8755,8725,8790,36574,1600611800,417270,407630,9240,8360,8800,8820,0,8780,0,0,0,2017-04-19,32593068,8750,125,0,0,0,0,0,0,0,0,8755,594,0,0,0,0,0,0,0,0
385,2017-04-19,09:03:13,495,l1709,XDCE,8755,8725,8790,36614,1602362200,417280,407630,9240,8360,8800,8820,0,8780,0,0,0,2017-04-19,32593495,8750,177,0,0,0,0,0,0,0,0,8755,587,0,0,0,0,0,0,0,0
386,2017-04-19,09:03:14,73,l1709,XDCE,8750,8725,8790,36744,1608052850,417364,407630,9240,8360,8800,8820,0,8780,0,0,0,2017-04-19,32594073,8750,178,0,0,0,0,0,0,0,0,8755,526,0,0,0,0,0,0,0,0
387,2017-04-19,09:03:14,577,l1709,XDCE,8755,8725,8790,36756,1608578150,417366,407630,9240,8360,8800,8820,0,8780,0,0,0,2017-04-19,32594577,8750,185,0,0,0,0,0,0,0,0,8755,524,0,0,0,0,0,0,0,0
388,2017-04-19,09:03:15,0,l1709,XDCE,8755,8725,8790,36776,1609453650,417374,407630,9240,8360,8800,8820,0,8780,0,0,0,2017-04-19,32595000,8750,188,0,0,0,0,0,0,0,0,8755,514,0,0,0,0,0,0,0,0
389,2017-04-19,09:03:15,577,l1709,XDCE,8755,8725,8790,36776,1609453650,417374,407630,9240,8360,8800,8820,0,8780,0,0,0,2017-04-19,32595577,8750,188,0,0,0,0,0,0,0,0,8755,515,0,0,0,0,0,0,0,0
390,2017-04-19,09:03:16,51,l1709,XDCE,8755,8725,8790,36778,1609541200,417374,407630,9240,8360,8800,8820,0,8780,0,0,0,2017-04-19,32596051,8750,188,0,0,0,0,0,0,0,0,8755,515,0,0,0,0,0,0,0,0
391,2017-04-19,09:03:16,469,l1709,XDCE,8755,8725,8790,36780,1609628750,417376,407630,9240,8360,8800,8820,0,8780,0,0,0,2017-04-19,32596469,8750,198,0,0,0,0,0,0,0,0,8755,515,0,0,0,0,0,0,0,0
392,2017-04-19,09:03:17,58,l1709,XDCE,8750,8725,8790,36826,1611641250,417368,407630,9240,8360,8800,8820,0,8780,0,0,0,2017-04-19,32597058,8750,181,0,0,0,0,0,0,0,0,8755,1024,0,0,0,0,0,0,0,0
393,2017-04-19,09:03:17,448,l1709,XDCE,8750,8725,8790,36832,1611903750,417364,407630,9240,8360,8800,8820,0,8780,0,0,0,2017-04-19,32597448,8750,178,0,0,0,0,0,0,0,0,8755,1026,0,0,0,0,0,0,0,0
394,2017-04-19,09:03:18,62,l1709,XDCE,8755,8725,8790,37202,1628091850,417358,407630,9240,8360,8800,8820,0,8780,0,0,0,2017-04-19,32598062,8745,123,0,0,0,0,0,0,0,0,8755,1021,0,0,0,0,0,0,0,0
395,2017-04-19,09:03:18,536,l1709,XDCE,8750,8725,8790,37234,1629491900,417366,407630,9240,8360,8800,8820,0,8780,0,0,0,2017-04-19,32598536,8745,229,0,0,0,0,0,0,0,0,8755,1019,0,0,0,0,0,0,0,0
396,2017-04-19,09:03:19,79,l1709,XDCE,8750,8725,8790,37242,1629841900,417362,407630,9240,8360,8800,8820,0,8780,0,0,0,2017-04-19,32599079,8745,236,0,0,0,0,0,0,0,0,8750,31,0,0,0,0,0,0,0,0
397,2017-04-19,09:03:19,426,l1709,XDCE,8750,8725,8790,37324,1633429400,417386,407630,9240,8360,8800,8820,0,8780,0,0,0,2017-04-19,32599426,8750,60,0,0,0,0,0,0,0,0,8755,1034,0,0,0,0,0,0,0,0
398,2017-04-19,09:03:20,78,l1709,XDCE,8750,8725,8790,37510,1641566900,417410,407630,9240,8360,8800,8820,0,8780,0,0,0,2017-04-19,32600078,8745,248,0,0,0,0,0,0,0,0,8750,27,0,0,0,0,0,0,0,0
399,2017-04-19,09:03:20,555,l1709,XDCE,8750,8725,8790,37516,1641829400,417412,407630,9240,8360,8800,8820,0,8780,0,0,0,2017-04-19,32600555,8745,246,0,0,0,0,0,0,0,0,8750,43,0,0,0,0,0,0,0,0
400,2017-04-19,09:03:21,74,l1709,XDCE,8750,8725,8790,37516,1641829400,417412,407630,9240,8360,8800,8820,0,8780,0,0,0,2017-04-19,32601074,8745,247,0,0,0,0,0,0,0,0,8750,50,0,0,0,0,0,0,0,0
401,2017-04-19,09:03:21,486,l1709,XDCE,8750,8725,8790,37516,1641829400,417412,407630,9240,8360,8800,8820,0,8780,0,0,0,2017-04-19,32601486,8745,247,0,0,0,0,0,0,0,0,8750,51,0,0,0,0,0,0,0,0
402,2017-04-19,09:03:21,962,l1709,XDCE,8750,8725,8790,37516,1641829400,417412,407630,9240,8360,8800,8820,0,8780,0,0,0,2017-04-19,32601962,8745,251,0,0,0,0,0,0,0,0,8750,52,0,0,0,0,0,0,0,0
403,2017-04-19,09:03:22,542,l1709,XDCE,8750,8725,8790,37520,1642004350,417416,407630,9240,8360,8800,8820,0,8780,0,0,0,2017-04-19,32602542,8745,278,0,0,0,0,0,0,0,0,8750,72,0,0,0,0,0,0,0,0
404,2017-04-19,09:03:23,37,l1709,XDCE,8750,8725,8790,37522,1642091850,417416,407630,9240,8360,8800,8820,0,8780,0,0,0,2017-04-19,32603037,8745,278,0,0,0,0,0,0,0,0,8750,81,0,0,0,0,0,0,0,0
405,2017-04-19,09:03:23,469,l1709,XDCE,8745,8725,8790,37568,1644103350,417452,407630,9240,8360,8800,8820,0,8780,0,0,0,2017-04-19,32603469,8745,245,0,0,0,0,0,0,0,0,8750,568,0,0,0,0,0,0,0,0
406,2017-04-19,09:03:24,49,l1709,XDCE,8750,8725,8790,37586,1644890600,417460,407630,9240,8360,8800,8820,0,8780,0,0,0,2017-04-19,32604049,8745,232,0,0,0,0,0,0,0,0,8750,565,0,0,0,0,0,0,0,0
407,2017-04-19,09:03:24,469,l1709,XDCE,8745,8725,8790,37618,1646290000,417488,407630,9240,8360,8800,8820,0,8780,0,0,0,2017-04-19,32604469,8745,242,0,0,0,0,0,0,0,0,8750,561,0,0,0,0,0,0,0,0
408,2017-04-19,09:03:25,69,l1709,XDCE,8745,8725,8790,38110,1667802700,417916,407630,9240,8360,8800,8820,0,8780,0,0,0,2017-04-19,32605069,8740,230,0,0,0,0,0,0,0,0,8745,470,0,0,0,0,0,0,0,0
409,2017-04-19,09:03:25,578,l1709,XDCE,8745,8725,8790,38110,1667802700,417916,407630,9240,8360,8800,8820,0,8780,0,0,0,2017-04-19,32605578,8740,237,0,0,0,0,0,0,0,0,8745,472,0,0,0,0,0,0,0,0
410,2017-04-19,09:03:26,17,l1709,XDCE,8740,8725,8790,38154,1669725850,417956,407630,9240,8360,8800,8820,0,8780,0,0,0,2017-04-19,32606017,8740,250,0,0,0,0,0,0,0,0,8745,470,0,0,0,0,0,0,0,0
411,2017-04-19,09:03:26,471,l1709,XDCE,8745,8725,8790,38166,1670250500,417966,407630,9240,8360,8800,8820,0,8780,0,0,0,2017-04-19,32606471,8740,251,0,0,0,0,0,0,0,0,8745,465,0,0,0,0,0,0,0,0
412,2017-04-19,09:03:27,47,l1709,XDCE,8740,8725,8790,38198,1671648950,417966,407630,9240,8360,8800,8820,0,8780,0,0,0,2017-04-19,32607047,8740,236,0,0,0,0,0,0,0,0,8745,469,0,0,0,0,0,0,0,0
413,2017-04-19,09:03:27,580,l1709,XDCE,8740,8725,8790,38488,1684322000,418186,407630,9240,8360,8800,8820,0,8780,0,0,0,2017-04-19,32607580,8740,92,0,0,0,0,0,0,0,0,8745,469,0,0,0,0,0,0,0,0
414,2017-04-19,09:03:28,24,l1709,XDCE,8740,8725,8790,38862,1700665800,418236,407630,9240,8360,8800,8820,0,8780,0,0,0,2017-04-19,32608024,8740,107,0,0,0,0,0,0,0,0,8745,469,0,0,0,0,0,0,0,0
415,2017-04-19,09:03:28,578,l1709,XDCE,8745,8725,8790,38936,1703899900,418296,407630,9240,8360,8800,8820,0,8780,0,0,0,2017-04-19,32608578,8740,130,0,0,0,0,0,0,0,0,8745,467,0,0,0,0,0,0,0,0
416,2017-04-19,09:03:29,54,l1709,XDCE,8740,8725,8790,39204,1715611500,418490,407630,9240,8360,8800,8820,0,8780,0,0,0,2017-04-19,32609054,8735,300,0,0,0,0,0,0,0,0,8740,370,0,0,0,0,0,0,0,0
417,2017-04-19,09:03:29,564,l1709,XDCE,8735,8725,8790,39252,1717709000,418538,407630,9240,8360,8800,8820,0,8780,0,0,0,2017-04-19,32609564,8735,303,0,0,0,0,0,0,0,0,8740,348,0,0,0,0,0,0,0,0
418,2017-04-19,09:03:30,77,l1709,XDCE,8740,8725,8790,39276,1718757300,418542,407630,9240,8360,8800,8820,0,8780,0,0,0,2017-04-19,32610077,8735,287,0,0,0,0,0,0,0,0,8740,354,0,0,0,0,0,0,0,0
419,2017-04-19,09:03:30,476,l1709,XDCE,8740,8725,8790,39292,1719456450,418556,407630,9240,8360,8800,8820,0,8780,0,0,0,2017-04-19,32610476,8735,276,0,0,0,0,0,0,0,0,8740,347,0,0,0,0,0,0,0,0
420,2017-04-19,09:03:31,67,l1709,XDCE,8735,8725,8790,39296,1719631150,418560,407630,9240,8360,8800,8820,0,8780,0,0,0,2017-04-19,32611067,8735,265,0,0,0,0,0,0,0,0,8740,350,0,0,0,0,0,0,0,0
421,2017-04-19,09:03:31,561,l1709,XDCE,8740,8725,8790,39298,1719718550,418560,407630,9240,8360,8800,8820,0,8780,0,0,0,2017-04-19,32611561,8735,267,0,0,0,0,0,0,0,0,8740,385,0,0,0,0,0,0,0,0
422,2017-04-19,09:03:32,80,l1709,XDCE,8740,8725,8790,39298,1719718550,418560,407630,9240,8360,8800,8820,0,8780,0,0,0,2017-04-19,32612080,8735,261,0,0,0,0,0,0,0,0,8740,386,0,0,0,0,0,0,0,0
423,2017-04-19,09:03:32,551,l1709,XDCE,8740,8725,8790,39314,1720417400,418576,407630,9240,8360,8800,8820,0,8780,0,0,0,2017-04-19,32612551,8735,260,0,0,0,0,0,0,0,0,8740,401,0,0,0,0,0,0,0,0
424,2017-04-19,09:03:33,4,l1709,XDCE,8740,8725,8790,39316,1720504800,418576,407630,9240,8360,8800,8820,0,8780,0,0,0,2017-04-19,32613004,8735,264,0,0,0,0,0,0,0,0,8740,400,0,0,0,0,0,0,0,0
425,2017-04-19,09:03:33,512,l1709,XDCE,8735,8725,8790,39322,1720766850,418580,407630,9240,8360,8800,8820,0,8780,0,0,0,2017-04-19,32613512,8735,261,0,0,0,0,0,0,0,0,8740,399,0,0,0,0,0,0,0,0
426,2017-04-19,09:03:34,75,l1709,XDCE,8740,8725,8790,39324,1720854250,418582,407630,9240,8360,8800,8820,0,8780,0,0,0,2017-04-19,32614075,8735,263,0,0,0,0,0,0,0,0,8740,399,0,0,0,0,0,0,0,0
427,2017-04-19,09:03:34,521,l1709,XDCE,8735,8725,8790,39400,1724173600,418652,407630,9240,8360,8800,8820,0,8780,0,0,0,2017-04-19,32614521,8735,224,0,0,0,0,0,0,0,0,8740,407,0,0,0,0,0,0,0,0
428,2017-04-19,09:03:35,47,l1709,XDCE,8740,8725,8790,39402,1724261000,418652,407630,9240,8360,8800,8820,0,8780,0,0,0,2017-04-19,32615047,8735,234,0,0,0,0,0,0,0,0,8740,406,0,0,0,0,0,0,0,0
429,2017-04-19,09:03:35,579,l1709,XDCE,8735,8725,8790,39448,1726270050,418644,407630,9240,8360,8800,8820,0,8780,0,0,0,2017-04-19,32615579,8735,214,0,0,0,0,0,0,0,0,8740,406,0,0,0,0,0,0,0,0
430,2017-04-19,09:03:36,24,l1709,XDCE,8735,8725,8790,39450,1726357400,418644,407630,9240,8360,8800,8820,0,8780,0,0,0,2017-04-19,32616024,8735,214,0,0,0,0,0,0,0,0,8740,408,0,0,0,0,0,0,0,0
431,2017-04-19,09:03:36,576,l1709,XDCE,8740,8725,8790,39478,1727580800,418670,407630,9240,8360,8800,8820,0,8780,0,0,0,2017-04-19,32616576,8735,206,0,0,0,0,0,0,0,0,8740,400,0,0,0,0,0,0,0,0
432,2017-04-19,09:03:37,61,l1709,XDCE,8740,8725,8790,39540,1730288850,418722,407630,9240,8360,8800,8820,0,8780,0,0,0,2017-04-19,32617061,8735,227,0,0,0,0,0,0,0,0,8740,425,0,0,0,0,0,0,0,0
433,2017-04-19,09:03:37,535,l1709,XDCE,8740,8725,8790,39546,1730550950,418720,407630,9240,8360,8800,8820,0,8780,0,0,0,2017-04-19,32617535,8735,228,0,0,0,0,0,0,0,0,8740,429,0,0,0,0,0,0,0,0
434,2017-04-19,09:03:38,41,l1709,XDCE,8735,8725,8790,39548,1730638300,418718,407630,9240,8360,8800,8820,0,8780,0,0,0,2017-04-19,32618041,8735,247,0,0,0,0,0,0,0,0,8740,421,0,0,0,0,0,0,0,0
435,2017-04-19,09:03:38,574,l1709,XDCE,8735,8725,8790,39554,1730900350,418720,407630,9240,8360,8800,8820,0,8780,0,0,0,2017-04-19,32618574,8735,245,0,0,0,0,0,0,0,0,8740,418,0,0,0,0,0,0,0,0
436,2017-04-19,09:03:39,26,l1709,XDCE,8735,8725,8790,39558,1731075050,418720,407630,9240,8360,8800,8820,0,8780,0,0,0,2017-04-19,32619026,8735,244,0,0,0,0,0,0,0,0,8740,418,0,0,0,0,0,0,0,0
437,2017-04-19,09:03:39,578,l1709,XDCE,8740,8725,8790,39592,1732560850,418724,407630,9240,8360,8800,8820,0,8780,0,0,0,2017-04-19,32619578,8735,247,0,0,0,0,0,0,0,0,8740,401,0,0,0,0,0,0,0,0
438,2017-04-19,09:03:40,48,l1709,XDCE,8740,8725,8790,39592,1732560850,418724,407630,9240,8360,8800,8820,0,8780,0,0,0,2017-04-19,32620048,8735,248,0,0,0,0,0,0,0,0,8740,401,0,0,0,0,0,0,0,0
439,2017-04-19,09:03:40,504,l1709,XDCE,8740,8725,8790,39614,1733521800,418726,407630,9240,8360,8800,8820,0,8780,0,0,0,2017-04-19,32620504,8735,238,0,0,0,0,0,0,0,0,8740,399,0,0,0,0,0,0,0,0
440,2017-04-19,09:03:41,57,l1709,XDCE,8735,8725,8790,39616,1733609150,418726,407630,9240,8360,8800,8820,0,8780,0,0,0,2017-04-19,32621057,8735,247,0,0,0,0,0,0,0,0,8740,399,0,0,0,0,0,0,0,0
441,2017-04-19,09:03:41,547,l1709,XDCE,8735,8725,8790,39622,1733871200,418730,407630,9240,8360,8800,8820,0,8780,0,0,0,2017-04-19,32621547,8735,257,0,0,0,0,0,0,0,0,8740,400,0,0,0,0,0,0,0,0
442,2017-04-19,09:03:41,925,l1709,XDCE,8735,8725,8790,39666,1735792950,418728,407630,9240,8360,8800,8820,0,8780,0,0,0,2017-04-19,32621925,8735,239,0,0,0,0,0,0,0,0,8740,401,0,0,0,0,0,0,0,0
443,2017-04-19,09:03:42,565,l1709,XDCE,8740,8725,8790,39670,1735967750,418730,407630,9240,8360,8800,8820,0,8780,0,0,0,2017-04-19,32622565,8735,242,0,0,0,0,0,0,0,0,8740,400,0,0,0,0,0,0,0,0
444,2017-04-19,09:03:43,64,l1709,XDCE,8735,8725,8790,39686,1736666550,418736,407630,9240,8360,8800,8820,0,8780,0,0,0,2017-04-19,32623064,8735,232,0,0,0,0,0,0,0,0,8740,470,0,0,0,0,0,0,0,0
445,2017-04-19,09:03:43,501,l1709,XDCE,8735,8725,8790,39690,1736841250,418740,407630,9240,8360,8800,8820,0,8780,0,0,0,2017-04-19,32623501,8735,230,0,0,0,0,0,0,0,0,8740,401,0,0,0,0,0,0,0,0
446,2017-04-19,09:03:44,76,l1709,XDCE,8735,8725,8790,39690,1736841250,418740,407630,9240,8360,8800,8820,0,8780,0,0,0,2017-04-19,32624076,8735,230,0,0,0,0,0,0,0,0,8740,401,0,0,0,0,0,0,0,0
447,2017-04-19,09:03:44,471,l1709,XDCE,8735,8725,8790,39706,1737540050,418746,407630,9240,8360,8800,8820,0,8780,0,0,0,2017-04-19,32624471,8735,223,0,0,0,0,0,0,0,0,8740,411,0,0,0,0,0,0,0,0
448,2017-04-19,09:03:44,933,l1709,XDCE,8735,8725,8790,39748,1739374400,418706,407630,9240,8360,8800,8820,0,8780,0,0,0,2017-04-19,32624933,8735,199,0,0,0,0,0,0,0,0,8740,411,0,0,0,0,0,0,0,0
449,2017-04-19,09:03:45,544,l1709,XDCE,8740,8725,8790,39770,1740335350,418692,407630,9240,8360,8800,8820,0,8780,0,0,0,2017-04-19,32625544,8735,185,0,0,0,0,0,0,0,0,8740,414,0,0,0,0,0,0,0,0
450,2017-04-19,09:03:46,29,l1709,XDCE,8735,8725,8790,39788,1741121550,418690,407630,9240,8360,8800,8820,0,8780,0,0,0,2017-04-19,32626029,8735,182,0,0,0,0,0,0,0,0,8740,485,0,0,0,0,0,0,0,0
451,2017-04-19,09:03:46,556,l1709,XDCE,8735,8725,8790,39788,1741121550,418690,407630,9240,8360,8800,8820,0,8780,0,0,0,2017-04-19,32626556,8735,186,0,0,0,0,0,0,0,0,8740,415,0,0,0,0,0,0,0,0
452,2017-04-19,09:03:47,40,l1709,XDCE,8735,8725,8790,39796,1741471050,418690,407630,9240,8360,8800,8820,0,8780,0,0,0,2017-04-19,32627040,8735,186,0,0,0,0,0,0,0,0,8740,403,0,0,0,0,0,0,0,0
453,2017-04-19,09:03:47,542,l1709,XDCE,8735,8725,8790,39806,1741907800,418684,407630,9240,8360,8800,8820,0,8780,0,0,0,2017-04-19,32627542,8735,182,0,0,0,0,0,0,0,0,8740,403,0,0,0,0,0,0,0,0
454,2017-04-19,09:03:47,997,l1709,XDCE,8735,8725,8790,39854,1744004350,418686,407630,9240,8360,8800,8820,0,8780,0,0,0,2017-04-19,32627997,8735,173,0,0,0,0,0,0,0,0,8740,382,0,0,0,0,0,0,0,0
455,2017-04-19,09:03:48,406,l1709,XDCE,8735,8725,8790,39856,1744091700,418686,407630,9240,8360,8800,8820,0,8780,0,0,0,2017-04-19,32628406,8735,172,0,0,0,0,0,0,0,0,8740,381,0,0,0,0,0,0,0,0
456,2017-04-19,09:03:49,74,l1709,XDCE,8740,8725,8790,39862,1744353800,418688,407630,9240,8360,8800,8820,0,8780,0,0,0,2017-04-19,32629074,8735,186,0,0,0,0,0,0,0,0,8740,380,0,0,0,0,0,0,0,0
457,2017-04-19,09:03:49,579,l1709,XDCE,8735,8725,8790,39874,1744877900,418694,407630,9240,8360,8800,8820,0,8780,0,0,0,2017-04-19,32629579,8735,185,0,0,0,0,0,0,0,0,8740,381,0,0,0,0,0,0,0,0
458,2017-04-19,09:03:50,49,l1709,XDCE,8735,8725,8790,39876,1744965250,418692,407630,9240,8360,8800,8820,0,8780,0,0,0,2017-04-19,32630049,8735,185,0,0,0,0,0,0,0,0,8740,380,0,0,0,0,0,0,0,0
459,2017-04-19,09:03:50,580,l1709,XDCE,8735,8725,8790,39894,1745751400,418708,407630,9240,8360,8800,8820,0,8780,0,0,0,2017-04-19,32630580,8735,194,0,0,0,0,0,0,0,0,8740,380,0,0,0,0,0,0,0,0
460,2017-04-19,09:03:51,70,l1709,XDCE,8740,8725,8790,39910,1746450600,418724,407630,9240,8360,8800,8820,0,8780,0,0,0,2017-04-19,32631070,8735,238,0,0,0,0,0,0,0,0,8740,372,0,0,0,0,0,0,0,0
461,2017-04-19,09:03:51,566,l1709,XDCE,8735,8725,8790,39924,1747062050,418732,407630,9240,8360,8800,8820,0,8780,0,0,0,2017-04-19,32631566,8735,245,0,0,0,0,0,0,0,0,8740,369,0,0,0,0,0,0,0,0
462,2017-04-19,09:03:52,24,l1709,XDCE,8735,8725,8790,39940,1747761200,418734,407630,9240,8360,8800,8820,0,8780,0,0,0,2017-04-19,32632024,8735,239,0,0,0,0,0,0,0,0,8740,365,0,0,0,0,0,0,0,0
463,2017-04-19,09:03:52,393,l1709,XDCE,8740,8725,8790,40288,1762968500,418864,407630,9240,8360,8800,8820,0,8780,0,0,0,2017-04-19,32632393,8735,263,0,0,0,0,0,0,0,0,8740,197,0,0,0,0,0,0,0,0
464,2017-04-19,09:03:53,54,l1709,XDCE,8740,8725,8790,40704,1781147700,418966,407630,9240,8360,8800,8820,0,8780,0,0,0,2017-04-19,32633054,8740,226,0,0,0,0,0,0,0,0,8745,272,0,0,0,0,0,0,0,0
465,2017-04-19,09:03:53,571,l1709,XDCE,8740,8725,8790,40730,1782283950,418992,407630,9240,8360,8800,8820,0,8780,0,0,0,2017-04-19,32633571,8740,239,0,0,0,0,0,0,0,0,8745,280,0,0,0,0,0,0,0,0
466,2017-04-19,09:03:54,81,l1709,XDCE,8740,8725,8790,41756,1827107750,419738,407630,9240,8360,8800,8820,0,8780,0,0,0,2017-04-19,32634081,8740,3,0,0,0,0,0,0,0,0,8745,271,0,0,0,0,0,0,0,0
467,2017-04-19,09:03:54,523,l1709,XDCE,8735,8725,8790,41888,1832873000,419748,407630,9240,8360,8800,8820,0,8780,0,0,0,2017-04-19,32634523,8730,668,0,0,0,0,0,0,0,0,8735,75,0,0,0,0,0,0,0,0
468,2017-04-19,09:03:54,914,l1709,XDCE,8735,8725,8790,42040,1839511600,419816,407630,9240,8360,8800,8820,0,8780,0,0,0,2017-04-19,32634914,8735,6,0,0,0,0,0,0,0,0,8740,91,0,0,0,0,0,0,0,0
469,2017-04-19,09:03:55,577,l1709,XDCE,8740,8725,8790,42048,1839861150,419814,407630,9240,8360,8800,8820,0,8780,0,0,0,2017-04-19,32635577,8735,32,0,0,0,0,0,0,0,0,8740,117,0,0,0,0,0,0,0,0
470,2017-04-19,09:03:55,950,l1709,XDCE,8735,8725,8790,42064,1840559950,419818,407630,9240,8360,8800,8820,0,8780,0,0,0,2017-04-19,32635950,8735,27,0,0,0,0,0,0,0,0,8740,118,0,0,0,0,0,0,0,0
471,2017-04-19,09:03:56,559,l1709,XDCE,8735,8725,8790,42074,1840996750,419826,407630,9240,8360,8800,8820,0,8780,0,0,0,2017-04-19,32636559,8735,44,0,0,0,0,0,0,0,0,8740,97,0,0,0,0,0,0,0,0
472,2017-04-19,09:03:57,71,l1709,XDCE,8735,8725,8790,42094,1841870300,419844,407630,9240,8360,8800,8820,0,8780,0,0,0,2017-04-19,32637071,8735,50,0,0,0,0,0,0,0,0,8740,95,0,0,0,0,0,0,0,0
473,2017-04-19,09:03:57,566,l1709,XDCE,8740,8725,8790,42132,1843530700,419852,407630,9240,8360,8800,8820,0,8780,0,0,0,2017-04-19,32637566,8735,48,0,0,0,0,0,0,0,0,8740,103,0,0,0,0,0,0,0,0
474,2017-04-19,09:03:58,79,l1709,XDCE,8735,8725,8790,42158,1844666250,419878,407630,9240,8360,8800,8820,0,8780,0,0,0,2017-04-19,32638079,8735,39,0,0,0,0,0,0,0,0,8740,103,0,0,0,0,0,0,0,0
475,2017-04-19,09:03:58,566,l1709,XDCE,8735,8725,8790,42160,1844753600,419880,407630,9240,8360,8800,8820,0,8780,0,0,0,2017-04-19,32638566,8735,35,0,0,0,0,0,0,0,0,8740,98,0,0,0,0,0,0,0,0
476,2017-04-19,09:03:59,78,l1709,XDCE,8735,8725,8790,42170,1845190350,419888,407630,9240,8360,8800,8820,0,8780,0,0,0,2017-04-19,32639078,8735,46,0,0,0,0,0,0,0,0,8740,99,0,0,0,0,0,0,0,0
477,2017-04-19,09:03:59,566,l1709,XDCE,8735,8725,8790,42176,1845452400,419894,407630,9240,8360,8800,8820,0,8780,0,0,0,2017-04-19,32639566,8735,49,0,0,0,0,0,0,0,0,8740,102,0,0,0,0,0,0,0,0
478,2017-04-19,09:04:00,61,l1709,XDCE,8735,8725,8790,42180,1845627100,419898,407630,9240,8360,8800,8820,0,8780,0,0,0,2017-04-19,32640061,8735,63,0,0,0,0,0,0,0,0,8740,100,0,0,0,0,0,0,0,0
479,2017-04-19,09:04:00,572,l1709,XDCE,8735,8725,8790,42188,1845976600,419902,407630,9240,8360,8800,8820,0,8780,0,0,0,2017-04-19,32640572,8735,69,0,0,0,0,0,0,0,0,8740,108,0,0,0,0,0,0,0,0
480,2017-04-19,09:04:01,8,l1709,XDCE,8740,8725,8790,42218,1847287600,419874,407630,9240,8360,8800,8820,0,8780,0,0,0,2017-04-19,32641008,8735,85,0,0,0,0,0,0,0,0,8740,105,0,0,0,0,0,0,0,0
481,2017-04-19,09:04:01,568,l1709,XDCE,8735,8725,8790,42222,1847462300,419876,407630,9240,8360,8800,8820,0,8780,0,0,0,2017-04-19,32641568,8735,87,0,0,0,0,0,0,0,0,8740,112,0,0,0,0,0,0,0,0
482,2017-04-19,09:04:02,27,l1709,XDCE,8735,8725,8790,42222,1847462300,419876,407630,9240,8360,8800,8820,0,8780,0,0,0,2017-04-19,32642027,8735,88,0,0,0,0,0,0,0,0,8740,112,0,0,0,0,0,0,0,0
483,2017-04-19,09:04:02,566,l1709,XDCE,8740,8725,8790,42226,1847637050,419876,407630,9240,8360,8800,8820,0,8780,0,0,0,2017-04-19,32642566,8735,97,0,0,0,0,0,0,0,0,8740,111,0,0,0,0,0,0,0,0
484,2017-04-19,09:04:02,911,l1709,XDCE,8740,8725,8790,42226,1847637050,419876,407630,9240,8360,8800,8820,0,8780,0,0,0,2017-04-19,32642911,8735,97,0,0,0,0,0,0,0,0,8740,116,0,0,0,0,0,0,0,0
485,2017-04-19,09:04:03,545,l1709,XDCE,8740,8725,8790,42230,1847811800,419878,407630,9240,8360,8800,8820,0,8780,0,0,0,2017-04-19,32643545,8735,71,0,0,0,0,0,0,0,0,8740,157,0,0,0,0,0,0,0,0
486,2017-04-19,09:04:03,952,l1709,XDCE,8740,8725,8790,42232,1847899200,419878,407630,9240,8360,8800,8820,0,8780,0,0,0,2017-04-19,32643952,8735,72,0,0,0,0,0,0,0,0,8740,157,0,0,0,0,0,0,0,0
487,2017-04-19,09:04:04,536,l1709,XDCE,8740,8725,8790,42232,1847899200,419878,407630,9240,8360,8800,8820,0,8780,0,0,0,2017-04-19,32644536,8735,75,0,0,0,0,0,0,0,0,8740,158,0,0,0,0,0,0,0,0
488,2017-04-19,09:04:05,67,l1709,XDCE,8740,8725,8790,42232,1847899200,419878,407630,9240,8360,8800,8820,0,8780,0,0,0,2017-04-19,32645067,8735,77,0,0,0,0,0,0,0,0,8740,158,0,0,0,0,0,0,0,0
489,2017-04-19,09:04:05,557,l1709,XDCE,8735,8725,8790,42242,1848335950,419888,407630,9240,8360,8800,8820,0,8780,0,0,0,2017-04-19,32645557,8735,74,0,0,0,0,0,0,0,0,8740,158,0,0,0,0,0,0,0,0
490,2017-04-19,09:04:06,67,l1709,XDCE,8735,8725,8790,42242,1848335950,419888,407630,9240,8360,8800,8820,0,8780,0,0,0,2017-04-19,32646067,8735,95,0,0,0,0,0,0,0,0,8740,159,0,0,0,0,0,0,0,0
491,2017-04-19,09:04:06,482,l1709,XDCE,8735,8725,8790,42302,1850956450,419946,407630,9240,8360,8800,8820,0,8780,0,0,0,2017-04-19,32646482,8735,66,0,0,0,0,0,0,0,0,8740,143,0,0,0,0,0,0,0,0
492,2017-04-19,09:04:07,47,l1709,XDCE,8735,8725,8790,42338,1852528750,419938,407630,9240,8360,8800,8820,0,8780,0,0,0,2017-04-19,32647047,8735,50,0,0,0,0,0,0,0,0,8740,145,0,0,0,0,0,0,0,0
493,2017-04-19,09:04:07,518,l1709,XDCE,8735,8725,8790,42338,1852528750,419938,407630,9240,8360,8800,8820,0,8780,0,0,0,2017-04-19,32647518,8735,50,0,0,0,0,0,0,0,0,8740,146,0,0,0,0,0,0,0,0
494,2017-04-19,09:04:08,42,l1709,XDCE,8735,8725,8790,42338,1852528750,419938,407630,9240,8360,8800,8820,0,8780,0,0,0,2017-04-19,32648042,8735,71,0,0,0,0,0,0,0,0,8740,146,0,0,0,0,0,0,0,0
495,2017-04-19,09:04:08,533,l1709,XDCE,8735,8725,8790,42344,1852790850,419940,407630,9240,8360,8800,8820,0,8780,0,0,0,2017-04-19,32648533,8735,80,0,0,0,0,0,0,0,0,8740,160,0,0,0,0,0,0,0,0
496,2017-04-19,09:04:08,977,l1709,XDCE,8735,8725,8790,42344,1852790850,419940,407630,9240,8360,8800,8820,0,8780,0,0,0,2017-04-19,32648977,8735,87,0,0,0,0,0,0,0,0,8740,164,0,0,0,0,0,0,0,0
497,2017-04-19,09:04:09,494,l1709,XDCE,8735,8725,8790,42344,1852790850,419940,407630,9240,8360,8800,8820,0,8780,0,0,0,2017-04-19,32649494,8735,91,0,0,0,0,0,0,0,0,8740,164,0,0,0,0,0,0,0,0
498,2017-04-19,09:04:09,996,l1709,XDCE,8735,8725,8790,42350,1853052900,419942,407630,9240,8360,8800,8820,0,8780,0,0,0,2017-04-19,32649996,8735,88,0,0,0,0,0,0,0,0,8740,163,0,0,0,0,0,0,0,0
499,2017-04-19,09:04:10,545,l1709,XDCE,8735,8725,8790,42390,1854799900,419942,407630,9240,8360,8800,8820,0,8780,0,0,0,2017-04-19,32650545,8735,87,0,0,0,0,0,0,0,0,8740,163,0,0,0,0,0,0,0,0
500,2017-04-19,09:04:11,20,l1709,XDCE,8740,8725,8790,42406,1855498800,419948,407630,9240,8360,8800,8820,0,8780,0,0,0,2017-04-19,32651020,8735,78,0,0,0,0,0,0,0,0,8740,171,0,0,0,0,0,0,0,0
501,2017-04-19,09:04:11,473,l1709,XDCE,8740,8725,8790,42418,1856023200,419942,407630,9240,8360,8800,8820,0,8780,0,0,0,2017-04-19,32651473,8735,90,0,0,0,0,0,0,0,0,8740,166,0,0,0,0,0,0,0,0
502,2017-04-19,09:04:12,12,l1709,XDCE,8735,8725,8790,42444,1857158750,419958,407630,9240,8360,8800,8820,0,8780,0,0,0,2017-04-19,32652012,8735,77,0,0,0,0,0,0,0,0,8740,168,0,0,0,0,0,0,0,0
503,2017-04-19,09:04:12,427,l1709,XDCE,8735,8725,8790,42448,1857333450,419960,407630,9240,8360,8800,8820,0,8780,0,0,0,2017-04-19,32652427,8735,90,0,0,0,0,0,0,0,0,8740,168,0,0,0,0,0,0,0,0
504,2017-04-19,09:04:13,57,l1709,XDCE,8735,8725,8790,42468,1858206950,419944,407630,9240,8360,8800,8820,0,8780,0,0,0,2017-04-19,32653057,8735,82,0,0,0,0,0,0,0,0,8740,168,0,0,0,0,0,0,0,0
505,2017-04-19,09:04:13,490,l1709,XDCE,8740,8725,8790,42470,1858294350,419944,407630,9240,8360,8800,8820,0,8780,0,0,0,2017-04-19,32653490,8735,86,0,0,0,0,0,0,0,0,8740,168,0,0,0,0,0,0,0,0
506,2017-04-19,09:04:14,80,l1709,XDCE,8735,8725,8790,42548,1861701050,419988,407630,9240,8360,8800,8820,0,8780,0,0,0,2017-04-19,32654080,8735,49,0,0,0,0,0,0,0,0,8740,167,0,0,0,0,0,0,0,0
507,2017-04-19,09:04:14,543,l1709,XDCE,8735,8725,8790,42644,1865893850,420076,407630,9240,8360,8800,8820,0,8780,0,0,0,2017-04-19,32654543,8730,705,0,0,0,0,0,0,0,0,8735,30,0,0,0,0,0,0,0,0
508,2017-04-19,09:04:15,37,l1709,XDCE,8735,8725,8790,42660,1866592650,420090,407630,9240,8360,8800,8820,0,8780,0,0,0,2017-04-19,32655037,8730,704,0,0,0,0,0,0,0,0,8735,55,0,0,0,0,0,0,0,0
509,2017-04-19,09:04:15,571,l1709,XDCE,8735,8725,8790,42678,1867378400,420106,407630,9240,8360,8800,8820,0,8780,0,0,0,2017-04-19,32655571,8730,698,0,0,0,0,0,0,0,0,8735,61,0,0,0,0,0,0,0,0
510,2017-04-19,09:04:15,936,l1709,XDCE,8735,8725,8790,42686,1867727800,420110,407630,9240,8360,8800,8820,0,8780,0,0,0,2017-04-19,32655936,8730,688,0,0,0,0,0,0,0,0,8735,61,0,0,0,0,0,0,0,0
511,2017-04-19,09:04:16,455,l1709,XDCE,8735,8725,8790,42694,1868077200,420108,407630,9240,8360,8800,8820,0,8780,0,0,0,2017-04-19,32656455,8730,689,0,0,0,0,0,0,0,0,8735,62,0,0,0,0,0,0,0,0
512,2017-04-19,09:04:17,66,l1709,XDCE,8735,8725,8790,42694,1868077200,420108,407630,9240,8360,8800,8820,0,8780,0,0,0,2017-04-19,32657066,8730,674,0,0,0,0,0,0,0,0,8735,64,0,0,0,0,0,0,0,0
513,2017-04-19,09:04:17,434,l1709,XDCE,8735,8725,8790,42730,1869649400,420102,407630,9240,8360,8800,8820,0,8780,0,0,0,2017-04-19,32657434,8730,684,0,0,0,0,0,0,0,0,8735,49,0,0,0,0,0,0,0,0
514,2017-04-19,09:04:18,58,l1709,XDCE,8735,8725,8790,42732,1869736750,420102,407630,9240,8360,8800,8820,0,8780,0,0,0,2017-04-19,32658058,8730,684,0,0,0,0,0,0,0,0,8735,50,0,0,0,0,0,0,0,0
515,2017-04-19,09:04:18,552,l1709,XDCE,8730,8725,8790,42758,1870872050,420112,407630,9240,8360,8800,8820,0,8780,0,0,0,2017-04-19,32658552,8730,666,0,0,0,0,0,0,0,0,8735,44,0,0,0,0,0,0,0,0
516,2017-04-19,09:04:18,932,l1709,XDCE,8730,8725,8790,42768,1871308550,420122,407630,9240,8360,8800,8820,0,8780,0,0,0,2017-04-19,32658932,8730,655,0,0,0,0,0,0,0,0,8735,102,0,0,0,0,0,0,0,0
517,2017-04-19,09:04:19,581,l1709,XDCE,8730,8725,8790,42792,1872356400,420144,407630,9240,8360,8800,8820,0,8780,0,0,0,2017-04-19,32659581,8730,647,0,0,0,0,0,0,0,0,8735,102,0,0,0,0,0,0,0,0
518,2017-04-19,09:04:20,63,l1709,XDCE,8730,8725,8790,42828,1873927950,420172,407630,9240,8360,8800,8820,0,8780,0,0,0,2017-04-19,32660063,8730,632,0,0,0,0,0,0,0,0,8735,103,0,0,0,0,0,0,0,0
519,2017-04-19,09:04:20,508,l1709,XDCE,8730,8725,8790,42848,1874801200,420180,407630,9240,8360,8800,8820,0,8780,0,0,0,2017-04-19,32660508,8730,628,0,0,0,0,0,0,0,0,8735,100,0,0,0,0,0,0,0,0
520,2017-04-19,09:04:21,50,l1709,XDCE,8730,8725,8790,42946,1879081200,420132,407630,9240,8360,8800,8820,0,8780,0,0,0,2017-04-19,32661050,8730,625,0,0,0,0,0,0,0,0,8735,40,0,0,0,0,0,0,0,0
521,2017-04-19,09:04:21,459,l1709,XDCE,8730,8725,8790,42976,1880390950,420146,407630,9240,8360,8800,8820,0,8780,0,0,0,2017-04-19,32661459,8730,571,0,0,0,0,0,0,0,0,8735,53,0,0,0,0,0,0,0,0
522,2017-04-19,09:04:22,57,l1709,XDCE,8730,8725,8790,43070,1884496350,420094,407630,9240,8360,8800,8820,0,8780,0,0,0,2017-04-19,32662057,8730,533,0,0,0,0,0,0,0,0,8735,35,0,0,0,0,0,0,0,0
523,2017-04-19,09:04:22,578,l1709,XDCE,8730,8725,8790,43070,1884496350,420094,407630,9240,8360,8800,8820,0,8780,0,0,0,2017-04-19,32662578,8730,535,0,0,0,0,0,0,0,0,8735,72,0,0,0,0,0,0,0,0
524,2017-04-19,09:04:23,67,l1709,XDCE,8735,8725,8790,43078,1884845650,420100,407630,9240,8360,8800,8820,0,8780,0,0,0,2017-04-19,32663067,8730,533,0,0,0,0,0,0,0,0,8735,89,0,0,0,0,0,0,0,0
525,2017-04-19,09:04:23,518,l1709,XDCE,8730,8725,8790,43082,1885020250,420104,407630,9240,8360,8800,8820,0,8780,0,0,0,2017-04-19,32663518,8730,530,0,0,0,0,0,0,0,0,8735,107,0,0,0,0,0,0,0,0
526,2017-04-19,09:04:24,73,l1709,XDCE,8730,8725,8790,43086,1885194850,420108,407630,9240,8360,8800,8820,0,8780,0,0,0,2017-04-19,32664073,8730,534,0,0,0,0,0,0,0,0,8735,128,0,0,0,0,0,0,0,0
527,2017-04-19,09:04:24,527,l1709,XDCE,8730,8725,8790,43116,1886505050,420094,407630,9240,8360,8800,8820,0,8780,0,0,0,2017-04-19,32664527,8730,543,0,0,0,0,0,0,0,0,8735,124,0,0,0,0,0,0,0,0
528,2017-04-19,09:04:25,39,l1709,XDCE,8735,8725,8790,43136,1887378550,420082,407630,9240,8360,8800,8820,0,8780,0,0,0,2017-04-19,32665039,8730,543,0,0,0,0,0,0,0,0,8735,121,0,0,0,0,0,0,0,0
529,2017-04-19,09:04:25,386,l1709,XDCE,8730,8725,8790,43148,1887902400,420078,407630,9240,8360,8800,8820,0,8780,0,0,0,2017-04-19,32665386,8730,547,0,0,0,0,0,0,0,0,8735,120,0,0,0,0,0,0,0,0
530,2017-04-19,09:04:25,900,l1709,XDCE,8730,8725,8790,43148,1887902400,420078,407630,9240,8360,8800,8820,0,8780,0,0,0,2017-04-19,32665900,8730,550,0,0,0,0,0,0,0,0,8735,120,0,0,0,0,0,0,0,0
531,2017-04-19,09:04:26,479,l1709,XDCE,8730,8725,8790,43148,1887902400,420078,407630,9240,8360,8800,8820,0,8780,0,0,0,2017-04-19,32666479,8730,549,0,0,0,0,0,0,0,0,8735,120,0,0,0,0,0,0,0,0
532,2017-04-19,09:04:27,78,l1709,XDCE,8730,8725,8790,43180,1889299200,420096,407630,9240,8360,8800,8820,0,8780,0,0,0,2017-04-19,32667078,8730,534,0,0,0,0,0,0,0,0,8735,120,0,0,0,0,0,0,0,0
