,dataDate,dataTime,dataMillisec,instrumentID,exchangeCD,lastPrice,lowPrice,highPrice,volume,value,openInterest,preOpenInterest,upperLimitPrice,lowerLimitPrice,preSettlementPrice,prevClosePrice,settlementPrice,openPrice,closePrice,preDelta,currDelta,clearingDay,milliSecOffset,bidPrice1,bidVolume1,bidPrice2,bidVolume2,bidPrice3,bidVolume3,bidPrice4,bidVolume4,bidPrice5,bidVolume5,askPrice1,askVolume1,askPrice2,askVolume2,askPrice3,askVolume3,askPrice4,askVolume4,askPrice5,askVolume5
0,2017-04-19,07:27:41,0,OI709,XZCE,6314,0,0,0,0,294612,294612,6686,6046,6366,6314,0,0,0,0,0,2017-04-19,26861000,0,0,0,0,0,0,0,0,0,0,0,0,0,0,0,0,0,0,0,0
1,2017-04-19,07:27:41,0,OI709,XZCE,6314,0,0,0,0,294612,294612,6686,6046,6366,6314,0,6250,0,0,0,2017-04-19,26861000,0,0,0,0,0,0,0,0,0,0,0,0,0,0,0,0,0,0,0,0
2,2017-04-19,07:27:41,0,OI709,XZCE,6314,0,0,0,0,294612,294612,6686,6046,6366,6314,0,6206,0,0,0,2017-04-19,26861000,0,0,0,0,0,0,0,0,0,0,0,0,0,0,0,0,0,0,0,0
3,2017-04-19,07:27:41,0,OI709,XZCE,6314,0,0,0,0,294612,294612,6686,6046,6366,6314,0,6210,0,0,0,2017-04-19,26861000,0,0,0,0,0,0,0,0,0,0,0,0,0,0,0,0,0,0,0,0
4,2017-04-19,07:27:41,0,OI709,XZCE,6314,0,0,0,0,294612,294612,6686,6046,6366,6314,0,6218,0,0,0,2017-04-19,26861000,0,0,0,0,0,0,0,0,0,0,0,0,0,0,0,0,0,0,0,0
5,2017-04-19,07:27:41,0,OI709,XZCE,6314,0,0,0,0,294612,294612,6686,6046,6366,6314,0,6222,0,0,0,2017-04-19,26861000,0,0,0,0,0,0,0,0,0,0,0,0,0,0,0,0,0,0,0,0
6,2017-04-19,07:27:41,0,OI709,XZCE,6314,0,0,0,0,294612,294612,6686,6046,6366,6314,0,6228,0,0,0,2017-04-19,26861000,0,0,0,0,0,0,0,0,0,0,0,0,0,0,0,0,0,0,0,0
7,2017-04-19,07:27:41,0,OI709,XZCE,6314,0,0,0,0,294612,294612,6686,6046,6366,6314,0,6212,0,0,0,2017-04-19,26861000,0,0,0,0,0,0,0,0,0,0,0,0,0,0,0,0,0,0,0,0
8,2017-04-19,07:27:41,0,OI709,XZCE,6314,0,0,0,0,294612,294612,6686,6046,6366,6314,0,6210,0,0,0,2017-04-19,26861000,0,0,0,0,0,0,0,0,0,0,0,0,0,0,0,0,0,0,0,0
9,2017-04-19,07:27:41,0,OI709,XZCE,6314,0,0,0,0,294612,294612,6686,6046,6366,6314,0,6230,0,0,0,2017-04-19,26861000,0,0,0,0,0,0,0,0,0,0,0,0,0,0,0,0,0,0,0,0
10,2017-04-19,07:27:41,0,OI709,XZCE,6314,0,0,0,0,294612,294612,6686,6046,6366,6314,0,6232,0,0,0,2017-04-19,26861000,0,0,0,0,0,0,0,0,0,0,0,0,0,0,0,0,0,0,0,0
11,2017-04-19,07:27:41,0,OI709,XZCE,6314,0,0,0,0,294612,294612,6686,6046,6366,6314,0,6250,0,0,0,2017-04-19,26861000,0,0,0,0,0,0,0,0,0,0,0,0,0,0,0,0,0,0,0,0
12,2017-04-19,07:27:41,0,OI709,XZCE,6314,0,0,0,0,294612,294612,6686,6046,6366,6314,0,6258,0,0,0,2017-04-19,26861000,0,0,0,0,0,0,0,0,0,0,0,0,0,0,0,0,0,0,0,0
13,2017-04-19,07:27:41,0,OI709,XZCE,6314,0,0,0,0,294612,294612,6686,6046,6366,6314,0,6250,0,0,0,2017-04-19,26861000,0,0,0,0,0,0,0,0,0,0,0,0,0,0,0,0,0,0,0,0
14,2017-04-19,07:27:41,0,OI709,XZCE,6314,0,0,0,0,294612,294612,6686,6046,6366,6314,0,6248,0,0,0,2017-04-19,26861000,0,0,0,0,0,0,0,0,0,0,0,0,0,0,0,0,0,0,0,0
15,2017-04-19,07:27:41,0,OI709,XZCE,6314,0,0,0,0,294612,294612,6686,6046,6366,6314,0,6246,0,0,0,2017-04-19,26861000,0,0,0,0,0,0,0,0,0,0,0,0,0,0,0,0,0,0,0,0
16,2017-04-19,08:59:00,0,OI709,XZCE,6248,6248,6248,228,14245440,294696,294612,6686,6046,6366,6314,0,6248,0,0,0,2017-04-19,32340000,6246,11,0,0,0,0,0,0,0,0,6248,51,0,0,0,0,0,0,0,0
17,2017-04-19,09:00:00,0,OI709,XZCE,6248,6248,6248,230,14370400,294696,294612,6686,6046,6366,6314,0,6248,0,0,0,2017-04-19,32400000,6246,11,0,0,0,0,0,0,0,0,6248,70,0,0,0,0,0,0,0,0
18,2017-04-19,09:00:00,0,OI709,XZCE,6240,6240,6248,388,24229600,294720,294612,6686,6046,6366,6314,0,6248,0,0,0,2017-04-19,32400000,6240,35,0,0,0,0,0,0,0,0,6242,57,0,0,0,0,0,0,0,0
19,2017-04-19,09:00:01,0,OI709,XZCE,6218,6206,6248,1586,98721240,294426,294612,6686,6046,6366,6314,0,6248,0,0,0,2017-04-19,32401000,6214,8,0,0,0,0,0,0,0,0,6222,10,0,0,0,0,0,0,0,0
20,2017-04-19,09:00:01,0,OI709,XZCE,6218,6200,6248,2494,155180680,294248,294612,6686,6046,6366,6314,0,6248,0,0,0,2017-04-19,32401000,6218,14,0,0,0,0,0,0,0,0,6224,1,0,0,0,0,0,0,0,0
21,2017-04-19,09:00:02,0,OI709,XZCE,6218,6200,6248,2852,177441120,294184,294612,6686,6046,6366,6314,0,6248,0,0,0,2017-04-19,32402000,6220,6,0,0,0,0,0,0,0,0,6222,5,0,0,0,0,0,0,0,0
22,2017-04-19,09:00:02,0,OI709,XZCE,6220,6200,6248,3050,189756720,294130,294612,6686,6046,6366,6314,0,6248,0,0,0,2017-04-19,32402000,6220,28,0,0,0,0,0,0,0,0,6224,11,0,0,0,0,0,0,0,0
23,2017-04-19,09:00:03,0,OI709,XZCE,6220,6200,6248,3306,205679920,294118,294612,6686,6046,6366,6314,0,6248,0,0,0,2017-04-19,32403000,6220,98,0,0,0,0,0,0,0,0,6226,2,0,0,0,0,0,0,0,0
24,2017-04-19,09:00:03,0,OI709,XZCE,6224,6200,6248,3456,215015920,294062,294612,6686,6046,6366,6314,0,6248,0,0,0,2017-04-19,32403000,6222,3,0,0,0,0,0,0,0,0,6226,4,0,0,0,0,0,0,0,0
25,2017-04-19,09:00:04,0,OI709,XZCE,6224,6200,6248,3570,222111280,294016,294612,6686,6046,6366,6314,0,6248,0,0,0,2017-04-19,32404000,6224,25,0,0,0,0,0,0,0,0,6226,9,0,0,0,0,0,0,0,0
26,2017-04-19,09:00:04,0,OI709,XZCE,6230,6200,6248,3744,232951480,294022,294612,6686,6046,6366,6314,0,6248,0,0,0,2017-04-19,32404000,6228,7,0,0,0,0,0,0,0,0,6230,2,0,0,0,0,0,0,0,0
27,2017-04-19,09:00:05,0,OI709,XZCE,6226,6200,6248,3814,237309680,294024,294612,6686,6046,6366,6314,0,6248,0,0,0,2017-04-19,32405000,6226,41,0,0,0,0,0,0,0,0,6228,17,0,0,0,0,0,0,0,0
28,2017-04-19,09:00:05,0,OI709,XZCE,6224,6200,6248,3978,247517040,293966,294612,6686,6046,6366,6314,0,6248,0,0,0,2017-04-19,32405000,6222,33,0,0,0,0,0,0,0,0,6224,2,0,0,0,0,0,0,0,0
29,2017-04-19,09:00:06,0,OI709,XZCE,6222,6200,6248,4066,252992400,293938,294612,6686,6046,6366,6314,0,6248,0,0,0,2017-04-19,32406000,6222,12,0,0,0,0,0,0,0,0,6226,21,0,0,0,0,0,0,0,0
30,2017-04-19,09:00:06,0,OI709,XZCE,6224,6200,6248,4102,255233040,293930,294612,6686,6046,6366,6314,0,6248,0,0,0,2017-04-19,32406000,6222,17,0,0,0,0,0,0,0,0,6224,28,0,0,0,0,0,0,0,0
31,2017-04-19,09:00:07,0,OI709,XZCE,6222,6200,6248,4122,256477440,293934,294612,6686,6046,6366,6314,0,6248,0,0,0,2017-04-19,32407000,6222,13,0,0,0,0,0,0,0,0,6224,28,0,0,0,0,0,0,0,0
32,2017-04-19,09:00:07,0,OI709,XZCE,6224,6200,6248,4192,260834240,293892,294612,6686,6046,6366,6314,0,6248,0,0,0,2017-04-19,32407000,6222,16,0,0,0,0,0,0,0,0,6224,5,0,0,0,0,0,0,0,0
33,2017-04-19,09:00:08,0,OI709,XZCE,6224,6200,6248,4236,263572800,293904,294612,6686,6046,6366,6314,0,6248,0,0,0,2017-04-19,32408000,6224,1,0,0,0,0,0,0,0,0,6226,17,0,0,0,0,0,0,0,0
34,2017-04-19,09:00:08,0,OI709,XZCE,6226,6200,6248,4322,268927160,293880,294612,6686,6046,6366,6314,0,6248,0,0,0,2017-04-19,32408000,6224,23,0,0,0,0,0,0,0,0,6228,29,0,0,0,0,0,0,0,0
35,2017-04-19,09:00:09,0,OI709,XZCE,6228,6200,6248,4376,272290280,293880,294612,6686,6046,6366,6314,0,6248,0,0,0,2017-04-19,32409000,6226,2,0,0,0,0,0,0,0,0,6228,8,0,0,0,0,0,0,0,0
36,2017-04-19,09:00:09,0,OI709,XZCE,6228,6200,6248,4396,273535880,293866,294612,6686,6046,6366,6314,0,6248,0,0,0,2017-04-19,32409000,6226,4,0,0,0,0,0,0,0,0,6228,4,0,0,0,0,0,0,0,0
37,2017-04-19,09:00:10,0,OI709,XZCE,6230,6200,6248,4452,277024680,293844,294612,6686,6046,6366,6314,0,6248,0,0,0,2017-04-19,32410000,6226,12,0,0,0,0,0,0,0,0,6230,14,0,0,0,0,0,0,0,0
38,2017-04-19,09:00:10,0,OI709,XZCE,6230,6200,6248,4524,281510280,293836,294612,6686,6046,6366,6314,0,6248,0,0,0,2017-04-19,32410000,6226,15,0,0,0,0,0,0,0,0,6232,20,0,0,0,0,0,0,0,0
39,2017-04-19,09:00:11,0,OI709,XZCE,6232,6200,6248,4582,285124840,293838,294612,6686,6046,6366,6314,0,6248,0,0,0,2017-04-19,32411000,6230,6,0,0,0,0,0,0,0,0,6232,13,0,0,0,0,0,0,0,0
40,2017-04-19,09:00:11,0,OI709,XZCE,6226,6200,6248,4760,296207120,293788,294612,6686,6046,6366,6314,0,6248,0,0,0,2017-04-19,32411000,6224,99,0,0,0,0,0,0,0,0,6226,4,0,0,0,0,0,0,0,0
41,2017-04-19,09:00:12,0,OI709,XZCE,6232,6200,6248,4836,300943440,293796,294612,6686,6046,6366,6314,0,6248,0,0,0,2017-04-19,32412000,6230,6,0,0,0,0,0,0,0,0,6232,9,0,0,0,0,0,0,0,0
42,2017-04-19,09:00:12,0,OI709,XZCE,6232,6200,6248,4864,302688400,293782,294612,6686,6046,6366,6314,0,6248,0,0,0,2017-04-19,32412000,6230,24,0,0,0,0,0,0,0,0,6232,5,0,0,0,0,0,0,0,0
43,2017-04-19,09:00:13,0,OI709,XZCE,6232,6200,6248,4966,309045040,293754,294612,6686,6046,6366,6314,0,6248,0,0,0,2017-04-19,32413000,6228,25,0,0,0,0,0,0,0,0,6232,2,0,0,0,0,0,0,0,0
44,2017-04-19,09:00:13,0,OI709,XZCE,6232,6200,6248,4994,310790000,293770,294612,6686,6046,6366,6314,0,6248,0,0,0,2017-04-19,32413000,6230,7,0,0,0,0,0,0,0,0,6232,3,0,0,0,0,0,0,0,0
45,2017-04-19,09:00:14,0,OI709,XZCE,6232,6200,6248,5154,320761200,293736,294612,6686,6046,6366,6314,0,6248,0,0,0,2017-04-19,32414000,6232,16,0,0,0,0,0,0,0,0,6234,17,0,0,0,0,0,0,0,0
46,2017-04-19,09:00:14,0,OI709,XZCE,6230,6200,6248,5204,323876200,293744,294612,6686,6046,6366,6314,0,6248,0,0,0,2017-04-19,32414000,6230,7,0,0,0,0,0,0,0,0,6232,15,0,0,0,0,0,0,0,0
47,2017-04-19,09:00:15,0,OI709,XZCE,6234,6200,6248,5262,327491920,293744,294612,6686,6046,6366,6314,0,6248,0,0,0,2017-04-19,32415000,6232,3,0,0,0,0,0,0,0,0,6234,10,0,0,0,0,0,0,0,0
48,2017-04-19,09:00:15,0,OI709,XZCE,6232,6200,6248,5270,327990480,293746,294612,6686,6046,6366,6314,0,6248,0,0,0,2017-04-19,32415000,6232,5,0,0,0,0,0,0,0,0,6234,11,0,0,0,0,0,0,0,0
49,2017-04-19,09:00:16,0,OI709,XZCE,6232,6200,6248,5334,331978960,293736,294612,6686,6046,6366,6314,0,6248,0,0,0,2017-04-19,32416000,6230,6,0,0,0,0,0,0,0,0,6232,1,0,0,0,0,0,0,0,0
50,2017-04-19,09:00:16,0,OI709,XZCE,6232,6200,6248,5366,333973200,293718,294612,6686,6046,6366,6314,0,6248,0,0,0,2017-04-19,32416000,6230,9,0,0,0,0,0,0,0,0,6232,5,0,0,0,0,0,0,0,0
51,2017-04-19,09:00:17,0,OI709,XZCE,6232,6200,6248,5518,343445840,293668,294612,6686,6046,6366,6314,0,6248,0,0,0,2017-04-19,32417000,6230,3,0,0,0,0,0,0,0,0,6232,1,0,0,0,0,0,0,0,0
52,2017-04-19,09:00:17,0,OI709,XZCE,6234,6200,6248,5560,346064120,293690,294612,6686,6046,6366,6314,0,6248,0,0,0,2017-04-19,32417000,6232,5,0,0,0,0,0,0,0,0,6236,14,0,0,0,0,0,0,0,0
53,2017-04-19,09:00:18,0,OI709,XZCE,6232,6200,6248,5584,347559800,293676,294612,6686,6046,6366,6314,0,6248,0,0,0,2017-04-19,32418000,6232,6,0,0,0,0,0,0,0,0,6234,2,0,0,0,0,0,0,0,0
54,2017-04-19,09:00:18,0,OI709,XZCE,6234,6200,6248,5646,351424880,293664,294612,6686,6046,6366,6314,0,6248,0,0,0,2017-04-19,32418000,6232,5,0,0,0,0,0,0,0,0,6234,5,0,0,0,0,0,0,0,0
55,2017-04-19,09:00:19,0,OI709,XZCE,6234,6200,6248,5680,353544440,293658,294612,6686,6046,6366,6314,0,6248,0,0,0,2017-04-19,32419000,6230,14,0,0,0,0,0,0,0,0,6234,3,0,0,0,0,0,0,0,0
56,2017-04-19,09:00:19,0,OI709,XZCE,6230,6200,6248,5808,361518840,293616,294612,6686,6046,6366,6314,0,6248,0,0,0,2017-04-19,32419000,6228,9,0,0,0,0,0,0,0,0,6230,2,0,0,0,0,0,0,0,0
57,2017-04-19,09:00:20,0,OI709,XZCE,6232,6200,6248,5828,362765240,293614,294612,6686,6046,6366,6314,0,6248,0,0,0,2017-04-19,32420000,6232,3,0,0,0,0,0,0,0,0,6234,14,0,0,0,0,0,0,0,0
58,2017-04-19,09:00:20,0,OI709,XZCE,6232,6200,6248,5846,363887000,293600,294612,6686,6046,6366,6314,0,6248,0,0,0,2017-04-19,32420000,6230,23,0,0,0,0,0,0,0,0,6234,16,0,0,0,0,0,0,0,0
59,2017-04-19,09:00:21,0,OI709,XZCE,6232,6200,6248,5898,367127640,293586,294612,6686,6046,6366,6314,0,6248,0,0,0,2017-04-19,32421000,6230,23,0,0,0,0,0,0,0,0,6232,17,0,0,0,0,0,0,0,0
60,2017-04-19,09:00:21,0,OI709,XZCE,6232,6200,6248,5936,369495800,293580,294612,6686,6046,6366,6314,0,6248,0,0,0,2017-04-19,32421000,6230,18,0,0,0,0,0,0,0,0,6232,7,0,0,0,0,0,0,0,0
61,2017-04-19,09:00:22,0,OI709,XZCE,6228,6200,6248,6068,377716760,293564,294612,6686,6046,6366,6314,0,6248,0,0,0,2017-04-19,32422000,6226,8,0,0,0,0,0,0,0,0,6228,6,0,0,0,0,0,0,0,0
62,2017-04-19,09:00:22,0,OI709,XZCE,6226,6200,6248,6102,379833600,293572,294612,6686,6046,6366,6314,0,6248,0,0,0,2017-04-19,32422000,6226,1,0,0,0,0,0,0,0,0,6228,8,0,0,0,0,0,0,0,0
63,2017-04-19,09:00:23,0,OI709,XZCE,6228,6200,6248,6128,381452880,293562,294612,6686,6046,6366,6314,0,6248,0,0,0,2017-04-19,32423000,6224,71,0,0,0,0,0,0,0,0,6226,1,0,0,0,0,0,0,0,0
64,2017-04-19,09:00:23,0,OI709,XZCE,6228,6200,6248,6174,384317760,293528,294612,6686,6046,6366,6314,0,6248,0,0,0,2017-04-19,32423000,6224,55,0,0,0,0,0,0,0,0,6228,7,0,0,0,0,0,0,0,0
65,2017-04-19,09:00:24,0,OI709,XZCE,6228,6200,6248,6188,385189680,293526,294612,6686,6046,6366,6314,0,6248,0,0,0,2017-04-19,32424000,6226,4,0,0,0,0,0,0,0,0,6228,33,0,0,0,0,0,0,0,0
66,2017-04-19,09:00:24,0,OI709,XZCE,6228,6200,6248,6296,391915920,293524,294612,6686,6046,6366,6314,0,6248,0,0,0,2017-04-19,32424000,6226,1,0,0,0,0,0,0,0,0,6228,31,0,0,0,0,0,0,0,0
67,2017-04-19,09:00:25,0,OI709,XZCE,6226,6200,6248,6328,393908240,293540,294612,6686,6046,6366,6314,0,6248,0,0,0,2017-04-19,32425000,6224,8,0,0,0,0,0,0,0,0,6226,6,0,0,0,0,0,0,0,0
68,2017-04-19,09:00:25,0,OI709,XZCE,6226,6200,6248,6336,394406320,293538,294612,6686,6046,6366,6314,0,6248,0,0,0,2017-04-19,32425000,6224,9,0,0,0,0,0,0,0,0,6226,21,0,0,0,0,0,0,0,0
69,2017-04-19,09:00:26,0,OI709,XZCE,6228,6200,6248,6386,397520320,293498,294612,6686,6046,6366,6314,0,6248,0,0,0,2017-04-19,32426000,6226,11,0,0,0,0,0,0,0,0,6228,30,0,0,0,0,0,0,0,0
70,2017-04-19,09:00:26,0,OI709,XZCE,6228,6200,6248,6396,398143120,293496,294612,6686,6046,6366,6314,0,6248,0,0,0,2017-04-19,32426000,6226,15,0,0,0,0,0,0,0,0,6228,26,0,0,0,0,0,0,0,0
71,2017-04-19,09:00:27,0,OI709,XZCE,6228,6200,6248,6406,398765920,293496,294612,6686,6046,6366,6314,0,6248,0,0,0,2017-04-19,32427000,6226,20,0,0,0,0,0,0,0,0,6228,22,0,0,0,0,0,0,0,0
72,2017-04-19,09:00:27,0,OI709,XZCE,6228,6200,6248,6414,399264160,293498,294612,6686,6046,6366,6314,0,6248,0,0,0,2017-04-19,32427000,6226,19,0,0,0,0,0,0,0,0,6228,20,0,0,0,0,0,0,0,0
73,2017-04-19,09:00:28,0,OI709,XZCE,6228,6200,6248,6418,399513280,293498,294612,6686,6046,6366,6314,0,6248,0,0,0,2017-04-19,32428000,6226,8,0,0,0,0,0,0,0,0,6228,18,0,0,0,0,0,0,0,0
74,2017-04-19,09:00:28,0,OI709,XZCE,6224,6200,6248,6472,402874240,293510,294612,6686,6046,6366,6314,0,6248,0,0,0,2017-04-19,32428000,6224,8,0,0,0,0,0,0,0,0,6226,1,0,0,0,0,0,0,0,0
75,2017-04-19,09:00:29,0,OI709,XZCE,6226,6200,6248,6478,403247800,293510,294612,6686,6046,6366,6314,0,6248,0,0,0,2017-04-19,32429000,6224,7,0,0,0,0,0,0,0,0,6226,7,0,0,0,0,0,0,0,0
76,2017-04-19,09:00:29,0,OI709,XZCE,6226,6200,6248,6496,404368480,293508,294612,6686,6046,6366,6314,0,6248,0,0,0,2017-04-19,32429000,6226,4,0,0,0,0,0,0,0,0,6228,57,0,0,0,0,0,0,0,0
77,2017-04-19,09:00:30,0,OI709,XZCE,6226,6200,6248,6510,405240120,293502,294612,6686,6046,6366,6314,0,6248,0,0,0,2017-04-19,32430000,6224,9,0,0,0,0,0,0,0,0,6226,16,0,0,0,0,0,0,0,0
78,2017-04-19,09:00:30,0,OI709,XZCE,6226,6200,6248,6558,408228600,293464,294612,6686,6046,6366,6314,0,6248,0,0,0,2017-04-19,32430000,6224,10,0,0,0,0,0,0,0,0,6228,61,0,0,0,0,0,0,0,0
79,2017-04-19,09:00:30,0,OI709,XZCE,6226,6200,6248,6572,409100240,293466,294612,6686,6046,6366,6314,0,6248,0,0,0,2017-04-19,32430000,6224,12,0,0,0,0,0,0,0,0,6226,60,0,0,0,0,0,0,0,0
80,2017-04-19,09:00:31,0,OI709,XZCE,6226,6200,6248,6574,409224760,293468,294612,6686,6046,6366,6314,0,6248,0,0,0,2017-04-19,32431000,6224,12,0,0,0,0,0,0,0,0,6226,59,0,0,0,0,0,0,0,0
81,2017-04-19,09:00:32,0,OI709,XZCE,6226,6200,6248,6596,410594480,293472,294612,6686,6046,6366,6314,0,6248,0,0,0,2017-04-19,32432000,6224,12,0,0,0,0,0,0,0,0,6226,49,0,0,0,0,0,0,0,0
82,2017-04-19,09:00:32,0,OI709,XZCE,6226,6200,6248,6628,412586800,293476,294612,6686,6046,6366,6314,0,6248,0,0,0,2017-04-19,32432000,6224,14,0,0,0,0,0,0,0,0,6226,60,0,0,0,0,0,0,0,0
83,2017-04-19,09:00:33,0,OI709,XZCE,6226,6200,6248,6666,414952680,293498,294612,6686,6046,6366,6314,0,6248,0,0,0,2017-04-19,32433000,6224,16,0,0,0,0,0,0,0,0,6226,42,0,0,0,0,0,0,0,0
84,2017-04-19,09:00:33,0,OI709,XZCE,6224,6200,6248,6672,415326120,293502,294612,6686,6046,6366,6314,0,6248,0,0,0,2017-04-19,32433000,6224,14,0,0,0,0,0,0,0,0,6226,40,0,0,0,0,0,0,0,0
85,2017-04-19,09:00:34,0,OI709,XZCE,6226,6200,6248,6696,416820360,293504,294612,6686,6046,6366,6314,0,6248,0,0,0,2017-04-19,32434000,6224,11,0,0,0,0,0,0,0,0,6226,35,0,0,0,0,0,0,0,0
86,2017-04-19,09:00:35,0,OI709,XZCE,6224,6200,6248,6756,420554760,293504,294612,6686,6046,6366,6314,0,6248,0,0,0,2017-04-19,32435000,6222,21,0,0,0,0,0,0,0,0,6224,27,0,0,0,0,0,0,0,0
87,2017-04-19,09:00:35,0,OI709,XZCE,6224,6200,6248,6794,422919880,293494,294612,6686,6046,6366,6314,0,6248,0,0,0,2017-04-19,32435000,6222,29,0,0,0,0,0,0,0,0,6224,9,0,0,0,0,0,0,0,0
88,2017-04-19,09:00:36,0,OI709,XZCE,6226,6200,6248,6820,424538640,293510,294612,6686,6046,6366,6314,0,6248,0,0,0,2017-04-19,32436000,6224,7,0,0,0,0,0,0,0,0,6226,4,0,0,0,0,0,0,0,0
89,2017-04-19,09:00:36,0,OI709,XZCE,6220,6200,6248,6942,432127040,293512,294612,6686,6046,6366,6314,0,6248,0,0,0,2017-04-19,32436000,6220,4,0,0,0,0,0,0,0,0,6224,13,0,0,0,0,0,0,0,0
90,2017-04-19,09:00:37,0,OI709,XZCE,6220,6200,6248,6972,433993040,293534,294612,6686,6046,6366,6314,0,6248,0,0,0,2017-04-19,32437000,6218,23,0,0,0,0,0,0,0,0,6220,5,0,0,0,0,0,0,0,0
91,2017-04-19,09:00:37,0,OI709,XZCE,6222,6200,6248,7078,440588360,293612,294612,6686,6046,6366,6314,0,6248,0,0,0,2017-04-19,32437000,6222,10,0,0,0,0,0,0,0,0,6224,7,0,0,0,0,0,0,0,0
92,2017-04-19,09:00:37,0,OI709,XZCE,6224,6200,6248,7086,441086280,293616,294612,6686,6046,6366,6314,0,6248,0,0,0,2017-04-19,32437000,6222,10,0,0,0,0,0,0,0,0,6224,3,0,0,0,0,0,0,0,0
93,2017-04-19,09:00:38,0,OI709,XZCE,6224,6200,6248,7164,445941000,293616,294612,6686,6046,6366,6314,0,6248,0,0,0,2017-04-19,32438000,6224,1,0,0,0,0,0,0,0,0,6226,9,0,0,0,0,0,0,0,0
94,2017-04-19,09:00:39,0,OI709,XZCE,6220,6200,6248,7268,452409800,293570,294612,6686,6046,6366,6314,0,6248,0,0,0,2017-04-19,32439000,6218,23,0,0,0,0,0,0,0,0,6220,16,0,0,0,0,0,0,0,0
95,2017-04-19,09:00:39,0,OI709,XZCE,6222,6200,6248,7306,454774160,293540,294612,6686,6046,6366,6314,0,6248,0,0,0,2017-04-19,32439000,6220,21,0,0,0,0,0,0,0,0,6222,8,0,0,0,0,0,0,0,0
96,2017-04-19,09:00:40,0,OI709,XZCE,6220,6200,6248,7320,455644960,293534,294612,6686,6046,6366,6314,0,6248,0,0,0,2017-04-19,32440000,6220,44,0,0,0,0,0,0,0,0,6222,28,0,0,0,0,0,0,0,0
97,2017-04-19,09:00:40,0,OI709,XZCE,6224,6200,6248,7392,460126240,293480,294612,6686,6046,6366,6314,0,6248,0,0,0,2017-04-19,32440000,6222,73,0,0,0,0,0,0,0,0,6224,16,0,0,0,0,0,0,0,0
98,2017-04-19,09:00:41,0,OI709,XZCE,6224,6200,6248,7460,464358560,293472,294612,6686,6046,6366,6314,0,6248,0,0,0,2017-04-19,32441000,6224,5,0,0,0,0,0,0,0,0,6226,14,0,0,0,0,0,0,0,0
99,2017-04-19,09:00:41,0,OI709,XZCE,6222,6200,6248,7488,466100720,293458,294612,6686,6046,6366,6314,0,6248,0,0,0,2017-04-19,32441000,6222,51,0,0,0,0,0,0,0,0,6224,22,0,0,0,0,0,0,0,0
100,2017-04-19,09:00:42,0,OI709,XZCE,6222,6200,6248,7502,466971800,293458,294612,6686,6046,6366,6314,0,6248,0,0,0,2017-04-19,32442000,6222,84,0,0,0,0,0,0,0,0,6224,16,0,0,0,0,0,0,0,0
101,2017-04-19,09:00:42,0,OI709,XZCE,6224,6200,6248,7524,468341080,293438,294612,6686,6046,6366,6314,0,6248,0,0,0,2017-04-19,32442000,6222,78,0,0,0,0,0,0,0,0,6224,12,0,0,0,0,0,0,0,0
102,2017-04-19,09:00:43,0,OI709,XZCE,6222,6200,6248,7558,470456560,293406,294612,6686,6046,6366,6314,0,6248,0,0,0,2017-04-19,32443000,6222,62,0,0,0,0,0,0,0,0,6224,12,0,0,0,0,0,0,0,0
103,2017-04-19,09:00:43,0,OI709,XZCE,6224,6200,6248,7580,471825840,293394,294612,6686,6046,6366,6314,0,6248,0,0,0,2017-04-19,32443000,6222,59,0,0,0,0,0,0,0,0,6224,11,0,0,0,0,0,0,0,0
104,2017-04-19,09:00:44,0,OI709,XZCE,6224,6200,6248,7610,473693040,293414,294612,6686,6046,6366,6314,0,6248,0,0,0,2017-04-19,32444000,6224,22,0,0,0,0,0,0,0,0,6226,3,0,0,0,0,0,0,0,0
105,2017-04-19,09:00:44,0,OI709,XZCE,6224,6200,6248,7734,481410800,293350,294612,6686,6046,6366,6314,0,6248,0,0,0,2017-04-19,32444000,6224,16,0,0,0,0,0,0,0,0,6228,9,0,0,0,0,0,0,0,0
106,2017-04-19,09:00:45,0,OI709,XZCE,6224,6200,6248,7750,482406640,293354,294612,6686,6046,6366,6314,0,6248,0,0,0,2017-04-19,32445000,6224,15,0,0,0,0,0,0,0,0,6228,12,0,0,0,0,0,0,0,0
107,2017-04-19,09:00:45,0,OI709,XZCE,6228,6200,6248,7814,486392560,293372,294612,6686,6046,6366,6314,0,6248,0,0,0,2017-04-19,32445000,6226,6,0,0,0,0,0,0,0,0,6228,3,0,0,0,0,0,0,0,0
108,2017-04-19,09:00:46,0,OI709,XZCE,6224,6200,6248,7836,487761840,293378,294612,6686,6046,6366,6314,0,6248,0,0,0,2017-04-19,32446000,6224,17,0,0,0,0,0,0,0,0,6228,12,0,0,0,0,0,0,0,0
109,2017-04-19,09:00:46,0,OI709,XZCE,6224,6200,6248,7842,488135280,293380,294612,6686,6046,6366,6314,0,6248,0,0,0,2017-04-19,32446000,6224,18,0,0,0,0,0,0,0,0,6228,12,0,0,0,0,0,0,0,0
110,2017-04-19,09:00:47,0,OI709,XZCE,6226,6200,6248,7882,490625680,293370,294612,6686,6046,6366,6314,0,6248,0,0,0,2017-04-19,32447000,6226,5,0,0,0,0,0,0,0,0,6228,9,0,0,0,0,0,0,0,0
111,2017-04-19,09:00:47,0,OI709,XZCE,6226,6200,6248,7898,491621840,293374,294612,6686,6046,6366,6314,0,6248,0,0,0,2017-04-19,32447000,6224,12,0,0,0,0,0,0,0,0,6226,6,0,0,0,0,0,0,0,0
112,2017-04-19,09:00:48,0,OI709,XZCE,6224,6200,6248,7908,492244240,293382,294612,6686,6046,6366,6314,0,6248,0,0,0,2017-04-19,32448000,6224,11,0,0,0,0,0,0,0,0,6226,5,0,0,0,0,0,0,0,0
113,2017-04-19,09:00:48,0,OI709,XZCE,6224,6200,6248,7932,493738000,293380,294612,6686,6046,6366,6314,0,6248,0,0,0,2017-04-19,32448000,6222,40,0,0,0,0,0,0,0,0,6224,17,0,0,0,0,0,0,0,0
114,2017-04-19,09:00:48,0,OI709,XZCE,6224,6200,6248,7944,494484880,293372,294612,6686,6046,6366,6314,0,6248,0,0,0,2017-04-19,32448000,6222,36,0,0,0,0,0,0,0,0,6224,11,0,0,0,0,0,0,0,0
115,2017-04-19,09:00:49,0,OI709,XZCE,6228,6200,6248,8020,499218160,293400,294612,6686,6046,6366,6314,0,6248,0,0,0,2017-04-19,32449000,6226,73,0,0,0,0,0,0,0,0,6228,9,0,0,0,0,0,0,0,0
116,2017-04-19,09:00:50,0,OI709,XZCE,6226,6200,6248,8032,499965280,293412,294612,6686,6046,6366,6314,0,6248,0,0,0,2017-04-19,32450000,6226,67,0,0,0,0,0,0,0,0,6228,9,0,0,0,0,0,0,0,0
117,2017-04-19,09:00:51,0,OI709,XZCE,6226,6200,6248,8032,499965280,293412,294612,6686,6046,6366,6314,0,6248,0,0,0,2017-04-19,32451000,6226,68,0,0,0,0,0,0,0,0,6228,9,0,0,0,0,0,0,0,0
118,2017-04-19,09:00:51,0,OI709,XZCE,6226,6200,6248,8032,499965280,293412,294612,6686,6046,6366,6314,0,6248,0,0,0,2017-04-19,32451000,6226,68,0,0,0,0,0,0,0,0,6228,10,0,0,0,0,0,0,0,0
119,2017-04-19,09:00:52,0,OI709,XZCE,6226,6200,6248,8040,500463360,293420,294612,6686,6046,6366,6314,0,6248,0,0,0,2017-04-19,32452000,6226,65,0,0,0,0,0,0,0,0,6228,10,0,0,0,0,0,0,0,0
120,2017-04-19,09:00:52,0,OI709,XZCE,6226,6200,6248,8156,507685520,293424,294612,6686,6046,6366,6314,0,6248,0,0,0,2017-04-19,32452000,6226,10,0,0,0,0,0,0,0,0,6228,10,0,0,0,0,0,0,0,0
121,2017-04-19,09:00:53,0,OI709,XZCE,6226,6200,6248,8174,508806200,293422,294612,6686,6046,6366,6314,0,6248,0,0,0,2017-04-19,32453000,6226,1,0,0,0,0,0,0,0,0,6228,11,0,0,0,0,0,0,0,0
122,2017-04-19,09:00:53,0,OI709,XZCE,6228,6200,6248,8188,509678120,293414,294612,6686,6046,6366,6314,0,6248,0,0,0,2017-04-19,32453000,6226,7,0,0,0,0,0,0,0,0,6228,12,0,0,0,0,0,0,0,0
123,2017-04-19,09:00:54,0,OI709,XZCE,6226,6200,6248,8192,509927160,293418,294612,6686,6046,6366,6314,0,6248,0,0,0,2017-04-19,32454000,6226,5,0,0,0,0,0,0,0,0,6228,12,0,0,0,0,0,0,0,0
124,2017-04-19,09:00:54,0,OI709,XZCE,6228,6200,6248,8216,511421880,293416,294612,6686,6046,6366,6314,0,6248,0,0,0,2017-04-19,32454000,6224,14,0,0,0,0,0,0,0,0,6228,12,0,0,0,0,0,0,0,0
125,2017-04-19,09:00:55,0,OI709,XZCE,6228,6200,6248,8230,512293800,293416,294612,6686,6046,6366,6314,0,6248,0,0,0,2017-04-19,32455000,6226,1,0,0,0,0,0,0,0,0,6228,9,0,0,0,0,0,0,0,0
126,2017-04-19,09:00:55,0,OI709,XZCE,6226,6200,6248,8234,512542840,293416,294612,6686,6046,6366,6314,0,6248,0,0,0,2017-04-19,32455000,6226,3,0,0,0,0,0,0,0,0,6228,9,0,0,0,0,0,0,0,0
127,2017-04-19,09:00:56,0,OI709,XZCE,6226,6200,6248,8278,515282280,293440,294612,6686,6046,6366,6314,0,6248,0,0,0,2017-04-19,32456000,6226,7,0,0,0,0,0,0,0,0,6228,9,0,0,0,0,0,0,0,0
128,2017-04-19,09:00:56,0,OI709,XZCE,6228,6200,6248,8314,517524360,293448,294612,6686,6046,6366,6314,0,6248,0,0,0,2017-04-19,32456000,6228,8,0,0,0,0,0,0,0,0,6230,32,0,0,0,0,0,0,0,0
129,2017-04-19,09:00:57,0,OI709,XZCE,6228,6200,6248,8328,518396280,293450,294612,6686,6046,6366,6314,0,6248,0,0,0,2017-04-19,32457000,6228,24,0,0,0,0,0,0,0,0,6230,35,0,0,0,0,0,0,0,0
130,2017-04-19,09:00:57,0,OI709,XZCE,6228,6200,6248,8328,518396280,293450,294612,6686,6046,6366,6314,0,6248,0,0,0,2017-04-19,32457000,6228,51,0,0,0,0,0,0,0,0,6230,31,0,0,0,0,0,0,0,0
131,2017-04-19,09:00:58,0,OI709,XZCE,6230,6200,6248,8348,519642280,293450,294612,6686,6046,6366,6314,0,6248,0,0,0,2017-04-19,32458000,6228,51,0,0,0,0,0,0,0,0,6230,24,0,0,0,0,0,0,0,0
132,2017-04-19,09:00:58,0,OI709,XZCE,6230,6200,6248,8372,521137480,293434,294612,6686,6046,6366,6314,0,6248,0,0,0,2017-04-19,32458000,6228,51,0,0,0,0,0,0,0,0,6230,16,0,0,0,0,0,0,0,0
133,2017-04-19,09:00:59,0,OI709,XZCE,6228,6200,6248,8386,522009400,293438,294612,6686,6046,6366,6314,0,6248,0,0,0,2017-04-19,32459000,6228,48,0,0,0,0,0,0,0,0,6230,10,0,0,0,0,0,0,0,0
134,2017-04-19,09:00:59,0,OI709,XZCE,6230,6200,6248,8424,524376800,293452,294612,6686,6046,6366,6314,0,6248,0,0,0,2017-04-19,32459000,6230,2,0,0,0,0,0,0,0,0,6232,11,0,0,0,0,0,0,0,0
135,2017-04-19,09:00:59,0,OI709,XZCE,6228,6200,6248,8444,525622400,293448,294612,6686,6046,6366,6314,0,6248,0,0,0,2017-04-19,32459000,6228,5,0,0,0,0,0,0,0,0,6232,13,0,0,0,0,0,0,0,0
136,2017-04-19,09:01:00,0,OI709,XZCE,6226,6200,6248,8472,527365680,293460,294612,6686,6046,6366,6314,0,6248,0,0,0,2017-04-19,32460000,6226,12,0,0,0,0,0,0,0,0,6230,6,0,0,0,0,0,0,0,0
137,2017-04-19,09:01:01,0,OI709,XZCE,6226,6200,6248,8482,527988280,293464,294612,6686,6046,6366,6314,0,6248,0,0,0,2017-04-19,32461000,6226,11,0,0,0,0,0,0,0,0,6228,3,0,0,0,0,0,0,0,0
138,2017-04-19,09:01:01,0,OI709,XZCE,6230,6200,6248,8514,529981880,293474,294612,6686,6046,6366,6314,0,6248,0,0,0,2017-04-19,32461000,6228,4,0,0,0,0,0,0,0,0,6230,11,0,0,0,0,0,0,0,0
139,2017-04-19,09:01:02,0,OI709,XZCE,6228,6200,6248,8526,530729240,293482,294612,6686,6046,6366,6314,0,6248,0,0,0,2017-04-19,32462000,6226,16,0,0,0,0,0,0,0,0,6228,5,0,0,0,0,0,0,0,0
140,2017-04-19,09:01:02,0,OI709,XZCE,6226,6200,6248,8550,532223480,293476,294612,6686,6046,6366,6314,0,6248,0,0,0,2017-04-19,32462000,6226,2,0,0,0,0,0,0,0,0,6228,8,0,0,0,0,0,0,0,0
141,2017-04-19,09:01:03,0,OI709,XZCE,6230,6200,6248,8604,535587680,293504,294612,6686,6046,6366,6314,0,6248,0,0,0,2017-04-19,32463000,6228,21,0,0,0,0,0,0,0,0,6230,16,0,0,0,0,0,0,0,0
142,2017-04-19,09:01:03,0,OI709,XZCE,6230,6200,6248,8636,537581280,293524,294612,6686,6046,6366,6314,0,6248,0,0,0,2017-04-19,32463000,6228,11,0,0,0,0,0,0,0,0,6230,15,0,0,0,0,0,0,0,0
143,2017-04-19,09:01:04,0,OI709,XZCE,6228,6200,6248,8638,537705840,293524,294612,6686,6046,6366,6314,0,6248,0,0,0,2017-04-19,32464000,6228,10,0,0,0,0,0,0,0,0,6230,17,0,0,0,0,0,0,0,0
144,2017-04-19,09:01:04,0,OI709,XZCE,6230,6200,6248,8646,538204240,293530,294612,6686,6046,6366,6314,0,6248,0,0,0,2017-04-19,32464000,6228,7,0,0,0,0,0,0,0,0,6230,19,0,0,0,0,0,0,0,0
145,2017-04-19,09:01:05,0,OI709,XZCE,6228,6200,6248,8664,539325280,293528,294612,6686,6046,6366,6314,0,6248,0,0,0,2017-04-19,32465000,6226,33,0,0,0,0,0,0,0,0,6228,7,0,0,0,0,0,0,0,0
146,2017-04-19,09:01:05,0,OI709,XZCE,6230,6200,6248,8688,540820480,293514,294612,6686,6046,6366,6314,0,6248,0,0,0,2017-04-19,32465000,6228,8,0,0,0,0,0,0,0,0,6230,9,0,0,0,0,0,0,0,0
147,2017-04-19,09:01:06,0,OI709,XZCE,6228,6200,6248,8694,541194160,293516,294612,6686,6046,6366,6314,0,6248,0,0,0,2017-04-19,32466000,6228,6,0,0,0,0,0,0,0,0,6230,9,0,0,0,0,0,0,0,0
148,2017-04-19,09:01:06,0,OI709,XZCE,6228,6200,6248,8698,541443280,293514,294612,6686,6046,6366,6314,0,6248,0,0,0,2017-04-19,32466000,6228,6,0,0,0,0,0,0,0,0,6230,11,0,0,0,0,0,0,0,0
149,2017-04-19,09:01:06,0,OI709,XZCE,6228,6200,6248,8698,541443280,293514,294612,6686,6046,6366,6314,0,6248,0,0,0,2017-04-19,32466000,6228,6,0,0,0,0,0,0,0,0,6230,12,0,0,0,0,0,0,0,0
150,2017-04-19,09:01:07,0,OI709,XZCE,6230,6200,6248,8702,541692480,293514,294612,6686,6046,6366,6314,0,6248,0,0,0,2017-04-19,32467000,6228,7,0,0,0,0,0,0,0,0,6230,10,0,0,0,0,0,0,0,0
151,2017-04-19,09:01:08,0,OI709,XZCE,6230,6200,6248,8798,547673280,293426,294612,6686,6046,6366,6314,0,6248,0,0,0,2017-04-19,32468000,6230,13,0,0,0,0,0,0,0,0,6232,15,0,0,0,0,0,0,0,0
152,2017-04-19,09:01:08,0,OI709,XZCE,6232,6200,6248,8860,551537120,293394,294612,6686,6046,6366,6314,0,6248,0,0,0,2017-04-19,32468000,6232,86,0,0,0,0,0,0,0,0,6236,61,0,0,0,0,0,0,0,0
153,2017-04-19,09:01:09,0,OI709,XZCE,6232,6200,6248,8906,554403840,293370,294612,6686,6046,6366,6314,0,6248,0,0,0,2017-04-19,32469000,6232,67,0,0,0,0,0,0,0,0,6234,8,0,0,0,0,0,0,0,0
154,2017-04-19,09:01:09,0,OI709,XZCE,6232,6200,6248,8936,556273440,293360,294612,6686,6046,6366,6314,0,6248,0,0,0,2017-04-19,32469000,6232,53,0,0,0,0,0,0,0,0,6234,10,0,0,0,0,0,0,0,0
155,2017-04-19,09:01:10,0,OI709,XZCE,6232,6200,6248,8960,557769120,293358,294612,6686,6046,6366,6314,0,6248,0,0,0,2017-04-19,32470000,6232,41,0,0,0,0,0,0,0,0,6234,12,0,0,0,0,0,0,0,0
156,2017-04-19,09:01:10,0,OI709,XZCE,6232,6200,6248,8962,557893760,293356,294612,6686,6046,6366,6314,0,6248,0,0,0,2017-04-19,32470000,6232,40,0,0,0,0,0,0,0,0,6234,13,0,0,0,0,0,0,0,0
157,2017-04-19,09:01:11,0,OI709,XZCE,6236,6200,6248,8988,559515120,293344,294612,6686,6046,6366,6314,0,6248,0,0,0,2017-04-19,32471000,6234,39,0,0,0,0,0,0,0,0,6236,63,0,0,0,0,0,0,0,0
158,2017-04-19,09:01:11,0,OI709,XZCE,6234,6200,6248,9034,562382760,293300,294612,6686,6046,6366,6314,0,6248,0,0,0,2017-04-19,32471000,6234,18,0,0,0,0,0,0,0,0,6236,63,0,0,0,0,0,0,0,0
159,2017-04-19,09:01:12,0,OI709,XZCE,6234,6200,6248,9072,564751680,293270,294612,6686,6046,6366,6314,0,6248,0,0,0,2017-04-19,32472000,6232,60,0,0,0,0,0,0,0,0,6234,43,0,0,0,0,0,0,0,0
160,2017-04-19,09:01:12,0,OI709,XZCE,6234,6200,6248,9092,565998480,293268,294612,6686,6046,6366,6314,0,6248,0,0,0,2017-04-19,32472000,6232,59,0,0,0,0,0,0,0,0,6234,37,0,0,0,0,0,0,0,0
161,2017-04-19,09:01:13,0,OI709,XZCE,6232,6200,6248,9094,566123120,293266,294612,6686,6046,6366,6314,0,6248,0,0,0,2017-04-19,32473000,6232,58,0,0,0,0,0,0,0,0,6234,43,0,0,0,0,0,0,0,0
162,2017-04-19,09:01:13,0,OI709,XZCE,6234,6200,6248,9098,566372480,293266,294612,6686,6046,6366,6314,0,6248,0,0,0,2017-04-19,32473000,6232,58,0,0,0,0,0,0,0,0,6234,43,0,0,0,0,0,0,0,0
163,2017-04-19,09:01:14,0,OI709,XZCE,6234,6200,6248,9152,569738840,293294,294612,6686,6046,6366,6314,0,6248,0,0,0,2017-04-19,32474000,6232,58,0,0,0,0,0,0,0,0,6234,19,0,0,0,0,0,0,0,0
164,2017-04-19,09:01:14,0,OI709,XZCE,6234,6200,6248,9154,569863520,293294,294612,6686,6046,6366,6314,0,6248,0,0,0,2017-04-19,32474000,6232,58,0,0,0,0,0,0,0,0,6234,20,0,0,0,0,0,0,0,0
165,2017-04-19,09:01:15,0,OI709,XZCE,6234,6200,6248,9184,571733720,293278,294612,6686,6046,6366,6314,0,6248,0,0,0,2017-04-19,32475000,6232,51,0,0,0,0,0,0,0,0,6234,15,0,0,0,0,0,0,0,0
166,2017-04-19,09:01:15,0,OI709,XZCE,6234,6200,6248,9218,573853280,293266,294612,6686,6046,6366,6314,0,6248,0,0,0,2017-04-19,32475000,6234,40,0,0,0,0,0,0,0,0,6236,55,0,0,0,0,0,0,0,0
167,2017-04-19,09:01:16,0,OI709,XZCE,6234,6200,6248,9330,580835360,293212,294612,6686,6046,6366,6314,0,6248,0,0,0,2017-04-19,32476000,6234,59,0,0,0,0,0,0,0,0,6238,13,0,0,0,0,0,0,0,0
168,2017-04-19,09:01:16,0,OI709,XZCE,6234,6200,6248,9340,581458760,293208,294612,6686,6046,6366,6314,0,6248,0,0,0,2017-04-19,32476000,6234,58,0,0,0,0,0,0,0,0,6238,9,0,0,0,0,0,0,0,0
169,2017-04-19,09:01:17,0,OI709,XZCE,6234,6200,6248,9340,581458760,293208,294612,6686,6046,6366,6314,0,6248,0,0,0,2017-04-19,32477000,6236,10,0,0,0,0,0,0,0,0,6238,22,0,0,0,0,0,0,0,0
170,2017-04-19,09:01:17,0,OI709,XZCE,6238,6200,6248,9366,583080640,293220,294612,6686,6046,6366,6314,0,6248,0,0,0,2017-04-19,32477000,6234,22,0,0,0,0,0,0,0,0,6236,5,0,0,0,0,0,0,0,0
171,2017-04-19,09:01:18,0,OI709,XZCE,6236,6200,6248,9382,584078400,293232,294612,6686,6046,6366,6314,0,6248,0,0,0,2017-04-19,32478000,6234,20,0,0,0,0,0,0,0,0,6236,2,0,0,0,0,0,0,0,0
172,2017-04-19,09:01:18,0,OI709,XZCE,6236,6200,6248,9384,584203120,293232,294612,6686,6046,6366,6314,0,6248,0,0,0,2017-04-19,32478000,6234,19,0,0,0,0,0,0,0,0,6236,10,0,0,0,0,0,0,0,0
173,2017-04-19,09:01:19,0,OI709,XZCE,6236,6200,6248,9436,587445840,293238,294612,6686,6046,6366,6314,0,6248,0,0,0,2017-04-19,32479000,6234,22,0,0,0,0,0,0,0,0,6236,11,0,0,0,0,0,0,0,0
174,2017-04-19,09:01:19,0,OI709,XZCE,6234,6200,6248,9438,587570520,293238,294612,6686,6046,6366,6314,0,6248,0,0,0,2017-04-19,32479000,6234,21,0,0,0,0,0,0,0,0,6236,14,0,0,0,0,0,0,0,0
175,2017-04-19,09:01:20,0,OI709,XZCE,6234,6200,6248,9438,587570520,293238,294612,6686,6046,6366,6314,0,6248,0,0,0,2017-04-19,32480000,6234,22,0,0,0,0,0,0,0,0,6236,14,0,0,0,0,0,0,0,0
176,2017-04-19,09:01:20,0,OI709,XZCE,6238,6200,6248,9484,590440000,293252,294612,6686,6046,6366,6314,0,6248,0,0,0,2017-04-19,32480000,6236,93,0,0,0,0,0,0,0,0,6238,29,0,0,0,0,0,0,0,0
177,2017-04-19,09:01:21,0,OI709,XZCE,6238,6200,6248,9524,592935200,293252,294612,6686,6046,6366,6314,0,6248,0,0,0,2017-04-19,32481000,6236,86,0,0,0,0,0,0,0,0,6238,20,0,0,0,0,0,0,0,0
178,2017-04-19,09:01:21,0,OI709,XZCE,6236,6200,6248,9546,594307120,293254,294612,6686,6046,6366,6314,0,6248,0,0,0,2017-04-19,32481000,6236,91,0,0,0,0,0,0,0,0,6238,64,0,0,0,0,0,0,0,0
179,2017-04-19,09:01:22,0,OI709,XZCE,6236,6200,6248,9634,599794800,293284,294612,6686,6046,6366,6314,0,6248,0,0,0,2017-04-19,32482000,6236,92,0,0,0,0,0,0,0,0,6238,21,0,0,0,0,0,0,0,0
180,2017-04-19,09:01:22,0,OI709,XZCE,6238,6200,6248,9644,600418600,293290,294612,6686,6046,6366,6314,0,6248,0,0,0,2017-04-19,32482000,6236,92,0,0,0,0,0,0,0,0,6238,17,0,0,0,0,0,0,0,0
181,2017-04-19,09:01:23,0,OI709,XZCE,6238,6200,6248,9690,603288080,293312,294612,6686,6046,6366,6314,0,6248,0,0,0,2017-04-19,32483000,6236,108,0,0,0,0,0,0,0,0,6238,5,0,0,0,0,0,0,0,0
182,2017-04-19,09:01:23,0,OI709,XZCE,6238,6200,6248,9784,609151800,293222,294612,6686,6046,6366,6314,0,6248,0,0,0,2017-04-19,32483000,6238,13,0,0,0,0,0,0,0,0,6240,10,0,0,0,0,0,0,0,0
183,2017-04-19,09:01:24,0,OI709,XZCE,6238,6200,6248,9820,611397480,293246,294612,6686,6046,6366,6314,0,6248,0,0,0,2017-04-19,32484000,6238,30,0,0,0,0,0,0,0,0,6240,5,0,0,0,0,0,0,0,0
184,2017-04-19,09:01:24,0,OI709,XZCE,6238,6200,6248,9832,612146040,293246,294612,6686,6046,6366,6314,0,6248,0,0,0,2017-04-19,32484000,6238,32,0,0,0,0,0,0,0,0,6240,7,0,0,0,0,0,0,0,0
185,2017-04-19,09:01:25,0,OI709,XZCE,6240,6200,6248,9854,613518840,293256,294612,6686,6046,6366,6314,0,6248,0,0,0,2017-04-19,32485000,6238,29,0,0,0,0,0,0,0,0,6240,5,0,0,0,0,0,0,0,0
186,2017-04-19,09:01:25,0,OI709,XZCE,6240,6200,6248,9856,613643640,293258,294612,6686,6046,6366,6314,0,6248,0,0,0,2017-04-19,32485000,6238,42,0,0,0,0,0,0,0,0,6240,6,0,0,0,0,0,0,0,0
187,2017-04-19,09:01:26,0,OI709,XZCE,6240,6200,6248,9884,615390840,293246,294612,6686,6046,6366,6314,0,6248,0,0,0,2017-04-19,32486000,6238,38,0,0,0,0,0,0,0,0,6240,4,0,0,0,0,0,0,0,0
188,2017-04-19,09:01:26,0,OI709,XZCE,6240,6200,6248,9902,616514040,293238,294612,6686,6046,6366,6314,0,6248,0,0,0,2017-04-19,32486000,6238,40,0,0,0,0,0,0,0,0,6242,75,0,0,0,0,0,0,0,0
189,2017-04-19,09:01:27,0,OI709,XZCE,6238,6200,6248,9944,619134000,293266,294612,6686,6046,6366,6314,0,6248,0,0,0,2017-04-19,32487000,6238,42,0,0,0,0,0,0,0,0,6240,36,0,0,0,0,0,0,0,0
190,2017-04-19,09:01:27,0,OI709,XZCE,6240,6200,6248,10058,626247600,293302,294612,6686,6046,6366,6314,0,6248,0,0,0,2017-04-19,32487000,6238,63,0,0,0,0,0,0,0,0,6242,60,0,0,0,0,0,0,0,0
191,2017-04-19,09:01:28,0,OI709,XZCE,6238,6200,6248,10060,626372360,293302,294612,6686,6046,6366,6314,0,6248,0,0,0,2017-04-19,32488000,6240,61,0,0,0,0,0,0,0,0,6242,59,0,0,0,0,0,0,0,0
192,2017-04-19,09:01:28,0,OI709,XZCE,6240,6200,6248,10070,626996360,293292,294612,6686,6046,6366,6314,0,6248,0,0,0,2017-04-19,32488000,6240,90,0,0,0,0,0,0,0,0,6242,45,0,0,0,0,0,0,0,0
193,2017-04-19,09:01:29,0,OI709,XZCE,6244,6200,6248,10212,635862840,293232,294612,6686,6046,6366,6314,0,6248,0,0,0,2017-04-19,32489000,6242,1,0,0,0,0,0,0,0,0,6244,26,0,0,0,0,0,0,0,0
194,2017-04-19,09:01:29,0,OI709,XZCE,6242,6200,6248,10314,642229680,293178,294612,6686,6046,6366,6314,0,6248,0,0,0,2017-04-19,32489000,6242,4,0,0,0,0,0,0,0,0,6244,13,0,0,0,0,0,0,0,0
195,2017-04-19,09:01:30,0,OI709,XZCE,6242,6200,6248,10358,644976160,293200,294612,6686,6046,6366,6314,0,6248,0,0,0,2017-04-19,32490000,6242,48,0,0,0,0,0,0,0,0,6246,99,0,0,0,0,0,0,0,0
196,2017-04-19,09:01:30,0,OI709,XZCE,6242,6200,6248,10364,645350680,293200,294612,6686,6046,6366,6314,0,6248,0,0,0,2017-04-19,32490000,6242,63,0,0,0,0,0,0,0,0,6244,9,0,0,0,0,0,0,0,0
197,2017-04-19,09:01:31,0,OI709,XZCE,6242,6200,6248,10364,645350680,293200,294612,6686,6046,6366,6314,0,6248,0,0,0,2017-04-19,32491000,6242,63,0,0,0,0,0,0,0,0,6244,10,0,0,0,0,0,0,0,0
198,2017-04-19,09:01:31,0,OI709,XZCE,6246,6200,6248,10402,647724160,293174,294612,6686,6046,6366,6314,0,6248,0,0,0,2017-04-19,32491000,6242,112,0,0,0,0,0,0,0,0,6246,115,0,0,0,0,0,0,0,0
199,2017-04-19,09:01:32,0,OI709,XZCE,6244,6200,6248,10492,653343760,293166,294612,6686,6046,6366,6314,0,6248,0,0,0,2017-04-19,32492000,6244,52,0,0,0,0,0,0,0,0,6246,125,0,0,0,0,0,0,0,0
200,2017-04-19,09:01:32,0,OI709,XZCE,6244,6200,6248,10578,658713600,293116,294612,6686,6046,6366,6314,0,6248,0,0,0,2017-04-19,32492000,6244,12,0,0,0,0,0,0,0,0,6246,122,0,0,0,0,0,0,0,0
201,2017-04-19,09:01:33,0,OI709,XZCE,6244,6200,6248,10680,665082480,293170,294612,6686,6046,6366,6314,0,6248,0,0,0,2017-04-19,32493000,6244,58,0,0,0,0,0,0,0,0,6246,119,0,0,0,0,0,0,0,0
202,2017-04-19,09:01:33,0,OI709,XZCE,6246,6200,6248,10702,666456600,293170,294612,6686,6046,6366,6314,0,6248,0,0,0,2017-04-19,32493000,6244,53,0,0,0,0,0,0,0,0,6246,115,0,0,0,0,0,0,0,0
203,2017-04-19,09:01:34,0,OI709,XZCE,6244,6200,6248,10758,669953240,293172,294612,6686,6046,6366,6314,0,6248,0,0,0,2017-04-19,32494000,6244,27,0,0,0,0,0,0,0,0,6246,119,0,0,0,0,0,0,0,0
204,2017-04-19,09:01:34,0,OI709,XZCE,6244,6200,6248,10812,673325000,293172,294612,6686,6046,6366,6314,0,6248,0,0,0,2017-04-19,32494000,6242,36,0,0,0,0,0,0,0,0,6244,28,0,0,0,0,0,0,0,0
205,2017-04-19,09:01:35,0,OI709,XZCE,6244,6200,6248,10848,675572840,293172,294612,6686,6046,6366,6314,0,6248,0,0,0,2017-04-19,32495000,6242,57,0,0,0,0,0,0,0,0,6244,15,0,0,0,0,0,0,0,0
206,2017-04-19,09:01:35,0,OI709,XZCE,6244,6200,6248,10860,676322120,293172,294612,6686,6046,6366,6314,0,6248,0,0,0,2017-04-19,32495000,6242,57,0,0,0,0,0,0,0,0,6244,9,0,0,0,0,0,0,0,0
207,2017-04-19,09:01:36,0,OI709,XZCE,6244,6200,6248,10870,676946520,293170,294612,6686,6046,6366,6314,0,6248,0,0,0,2017-04-19,32496000,6242,55,0,0,0,0,0,0,0,0,6244,33,0,0,0,0,0,0,0,0
208,2017-04-19,09:01:36,0,OI709,XZCE,6244,6200,6248,10892,678320200,293176,294612,6686,6046,6366,6314,0,6248,0,0,0,2017-04-19,32496000,6242,55,0,0,0,0,0,0,0,0,6244,22,0,0,0,0,0,0,0,0
209,2017-04-19,09:01:37,0,OI709,XZCE,6242,6200,6248,10916,679818280,293158,294612,6686,6046,6366,6314,0,6248,0,0,0,2017-04-19,32497000,6242,53,0,0,0,0,0,0,0,0,6244,14,0,0,0,0,0,0,0,0
210,2017-04-19,09:01:37,0,OI709,XZCE,6244,6200,6248,10966,682940280,293164,294612,6686,6046,6366,6314,0,6248,0,0,0,2017-04-19,32497000,6244,20,0,0,0,0,0,0,0,0,6246,109,0,0,0,0,0,0,0,0
211,2017-04-19,09:01:38,0,OI709,XZCE,6244,6200,6248,10972,683314920,293166,294612,6686,6046,6366,6314,0,6248,0,0,0,2017-04-19,32498000,6244,72,0,0,0,0,0,0,0,0,6246,108,0,0,0,0,0,0,0,0
212,2017-04-19,09:01:38,0,OI709,XZCE,6244,6200,6248,10974,683439800,293168,294612,6686,6046,6366,6314,0,6248,0,0,0,2017-04-19,32498000,6244,74,0,0,0,0,0,0,0,0,6246,111,0,0,0,0,0,0,0,0
213,2017-04-19,09:01:39,0,OI709,XZCE,6244,6200,6248,11000,685063240,293190,294612,6686,6046,6366,6314,0,6248,0,0,0,2017-04-19,32499000,6244,61,0,0,0,0,0,0,0,0,6246,111,0,0,0,0,0,0,0,0
214,2017-04-19,09:01:39,0,OI709,XZCE,6246,6200,6248,11004,685313080,293190,294612,6686,6046,6366,6314,0,6248,0,0,0,2017-04-19,32499000,6244,62,0,0,0,0,0,0,0,0,6246,109,0,0,0,0,0,0,0,0
215,2017-04-19,09:01:40,0,OI709,XZCE,6246,6200,6248,11042,687686560,293152,294612,6686,6046,6366,6314,0,6248,0,0,0,2017-04-19,32500000,6244,62,0,0,0,0,0,0,0,0,6246,90,0,0,0,0,0,0,0,0
216,2017-04-19,09:01:40,0,OI709,XZCE,6244,6200,6248,11052,688310960,293152,294612,6686,6046,6366,6314,0,6248,0,0,0,2017-04-19,32500000,6244,67,0,0,0,0,0,0,0,0,6246,95,0,0,0,0,0,0,0,0
217,2017-04-19,09:01:41,0,OI709,XZCE,6244,6200,6248,11076,689809520,293152,294612,6686,6046,6366,6314,0,6248,0,0,0,2017-04-19,32501000,6244,65,0,0,0,0,0,0,0,0,6246,86,0,0,0,0,0,0,0,0
218,2017-04-19,09:01:42,0,OI709,XZCE,6244,6200,6248,11102,691432960,293152,294612,6686,6046,6366,6314,0,6248,0,0,0,2017-04-19,32502000,6244,54,0,0,0,0,0,0,0,0,6246,84,0,0,0,0,0,0,0,0
219,2017-04-19,09:01:42,0,OI709,XZCE,6244,6200,6248,11102,691432960,293152,294612,6686,6046,6366,6314,0,6248,0,0,0,2017-04-19,32502000,6244,55,0,0,0,0,0,0,0,0,6246,80,0,0,0,0,0,0,0,0
220,2017-04-19,09:01:43,0,OI709,XZCE,6244,6200,6248,11188,696802800,293152,294612,6686,6046,6366,6314,0,6248,0,0,0,2017-04-19,32503000,6244,23,0,0,0,0,0,0,0,0,6246,75,0,0,0,0,0,0,0,0
221,2017-04-19,09:01:43,0,OI709,XZCE,6244,6200,6248,11190,696927680,293154,294612,6686,6046,6366,6314,0,6248,0,0,0,2017-04-19,32503000,6244,19,0,0,0,0,0,0,0,0,6246,96,0,0,0,0,0,0,0,0
222,2017-04-19,09:01:44,0,OI709,XZCE,6244,6200,6248,11226,699175520,293158,294612,6686,6046,6366,6314,0,6248,0,0,0,2017-04-19,32504000,6242,36,0,0,0,0,0,0,0,0,6244,51,0,0,0,0,0,0,0,0
223,2017-04-19,09:01:44,0,OI709,XZCE,6244,6200,6248,11226,699175520,293158,294612,6686,6046,6366,6314,0,6248,0,0,0,2017-04-19,32504000,6242,37,0,0,0,0,0,0,0,0,6244,51,0,0,0,0,0,0,0,0
224,2017-04-19,09:01:45,0,OI709,XZCE,6244,6200,6248,11230,699425280,293158,294612,6686,6046,6366,6314,0,6248,0,0,0,2017-04-19,32505000,6242,37,0,0,0,0,0,0,0,0,6244,51,0,0,0,0,0,0,0,0
225,2017-04-19,09:01:45,0,OI709,XZCE,6244,6200,6248,11238,699924800,293156,294612,6686,6046,6366,6314,0,6248,0,0,0,2017-04-19,32505000,6244,6,0,0,0,0,0,0,0,0,6246,76,0,0,0,0,0,0,0,0
226,2017-04-19,09:01:46,0,OI709,XZCE,6244,6200,6248,11242,700174560,293152,294612,6686,6046,6366,6314,0,6248,0,0,0,2017-04-19,32506000,6244,30,0,0,0,0,0,0,0,0,6246,83,0,0,0,0,0,0,0,0
227,2017-04-19,09:01:46,0,OI709,XZCE,6244,6200,6248,11244,700299440,293152,294612,6686,6046,6366,6314,0,6248,0,0,0,2017-04-19,32506000,6244,29,0,0,0,0,0,0,0,0,6246,83,0,0,0,0,0,0,0,0
228,2017-04-19,09:01:47,0,OI709,XZCE,6246,6200,6248,11264,701548640,293170,294612,6686,6046,6366,6314,0,6248,0,0,0,2017-04-19,32507000,6244,30,0,0,0,0,0,0,0,0,6246,73,0,0,0,0,0,0,0,0
229,2017-04-19,09:01:47,0,OI709,XZCE,6244,6200,6248,11270,701923280,293168,294612,6686,6046,6366,6314,0,6248,0,0,0,2017-04-19,32507000,6244,30,0,0,0,0,0,0,0,0,6246,72,0,0,0,0,0,0,0,0
230,2017-04-19,09:01:48,0,OI709,XZCE,6244,6200,6248,11306,704171120,293162,294612,6686,6046,6366,6314,0,6248,0,0,0,2017-04-19,32508000,6244,30,0,0,0,0,0,0,0,0,6246,62,0,0,0,0,0,0,0,0
231,2017-04-19,09:01:48,0,OI709,XZCE,6244,6200,6248,11322,705170160,293158,294612,6686,6046,6366,6314,0,6248,0,0,0,2017-04-19,32508000,6244,24,0,0,0,0,0,0,0,0,6246,60,0,0,0,0,0,0,0,0
232,2017-04-19,09:01:49,0,OI709,XZCE,6244,6200,6248,11324,705295040,293156,294612,6686,6046,6366,6314,0,6248,0,0,0,2017-04-19,32509000,6244,33,0,0,0,0,0,0,0,0,6246,60,0,0,0,0,0,0,0,0
233,2017-04-19,09:01:49,0,OI709,XZCE,6244,6200,6248,11342,706418960,293142,294612,6686,6046,6366,6314,0,6248,0,0,0,2017-04-19,32509000,6244,28,0,0,0,0,0,0,0,0,6246,56,0,0,0,0,0,0,0,0
234,2017-04-19,09:01:50,0,OI709,XZCE,6246,6200,6248,11346,706668800,293142,294612,6686,6046,6366,6314,0,6248,0,0,0,2017-04-19,32510000,6244,28,0,0,0,0,0,0,0,0,6246,54,0,0,0,0,0,0,0,0
235,2017-04-19,09:01:50,0,OI709,XZCE,6246,6200,6248,11452,713289560,293210,294612,6686,6046,6366,6314,0,6248,0,0,0,2017-04-19,32510000,6244,27,0,0,0,0,0,0,0,0,6246,3,0,0,0,0,0,0,0,0
236,2017-04-19,09:01:51,0,OI709,XZCE,6246,6200,6248,11484,715288280,293216,294612,6686,6046,6366,6314,0,6248,0,0,0,2017-04-19,32511000,6246,163,0,0,0,0,0,0,0,0,6248,118,0,0,0,0,0,0,0,0
237,2017-04-19,09:01:51,0,OI709,XZCE,6246,6200,6248,11506,716662400,293210,294612,6686,6046,6366,6314,0,6248,0,0,0,2017-04-19,32511000,6246,161,0,0,0,0,0,0,0,0,6248,100,0,0,0,0,0,0,0,0
238,2017-04-19,09:01:52,0,OI709,XZCE,6248,6200,6248,11516,717287200,293210,294612,6686,6046,6366,6314,0,6248,0,0,0,2017-04-19,32512000,6246,156,0,0,0,0,0,0,0,0,6248,52,0,0,0,0,0,0,0,0
239,2017-04-19,09:01:52,0,OI709,XZCE,6246,6200,6248,11542,718911160,293202,294612,6686,6046,6366,6314,0,6248,0,0,0,2017-04-19,32512000,6246,159,0,0,0,0,0,0,0,0,6248,42,0,0,0,0,0,0,0,0
240,2017-04-19,09:01:53,0,OI709,XZCE,6248,6200,6248,11548,719286040,293202,294612,6686,6046,6366,6314,0,6248,0,0,0,2017-04-19,32513000,6246,160,0,0,0,0,0,0,0,0,6248,39,0,0,0,0,0,0,0,0
241,2017-04-19,09:01:53,0,OI709,XZCE,6248,6200,6248,11580,721285400,293210,294612,6686,6046,6366,6314,0,6248,0,0,0,2017-04-19,32513000,6246,159,0,0,0,0,0,0,0,0,6248,24,0,0,0,0,0,0,0,0
242,2017-04-19,09:01:54,0,OI709,XZCE,6248,6200,6248,11582,721410360,293210,294612,6686,6046,6366,6314,0,6248,0,0,0,2017-04-19,32514000,6246,159,0,0,0,0,0,0,0,0,6248,24,0,0,0,0,0,0,0,0
243,2017-04-19,09:01:54,0,OI709,XZCE,6248,6200,6248,11630,724409400,293244,294612,6686,6046,6366,6314,0,6248,0,0,0,2017-04-19,32514000,6248,15,0,0,0,0,0,0,0,0,6250,105,0,0,0,0,0,0,0,0
244,2017-04-19,09:01:55,0,OI709,XZCE,6248,6200,6250,11638,724909240,293246,294612,6686,6046,6366,6314,0,6248,0,0,0,2017-04-19,32515000,6248,58,0,0,0,0,0,0,0,0,6250,58,0,0,0,0,0,0,0,0
245,2017-04-19,09:01:55,0,OI709,XZCE,6250,6200,6250,11754,732159240,293216,294612,6686,6046,6366,6314,0,6248,0,0,0,2017-04-19,32515000,6250,12,0,0,0,0,0,0,0,0,6252,42,0,0,0,0,0,0,0,0
246,2017-04-19,09:01:56,0,OI709,XZCE,6250,6200,6252,11792,734534240,293206,294612,6686,6046,6366,6314,0,6248,0,0,0,2017-04-19,32516000,6248,57,0,0,0,0,0,0,0,0,6250,6,0,0,0,0,0,0,0,0
247,2017-04-19,09:01:56,0,OI709,XZCE,6252,6200,6252,11812,735784640,293220,294612,6686,6046,6366,6314,0,6248,0,0,0,2017-04-19,32516000,6248,57,0,0,0,0,0,0,0,0,6252,38,0,0,0,0,0,0,0,0
248,2017-04-19,09:01:57,0,OI709,XZCE,6252,6200,6252,11824,736534880,293218,294612,6686,6046,6366,6314,0,6248,0,0,0,2017-04-19,32517000,6248,59,0,0,0,0,0,0,0,0,6252,34,0,0,0,0,0,0,0,0
249,2017-04-19,09:01:57,0,OI709,XZCE,6252,6200,6252,11840,737535200,293232,294612,6686,6046,6366,6314,0,6248,0,0,0,2017-04-19,32517000,6248,59,0,0,0,0,0,0,0,0,6252,28,0,0,0,0,0,0,0,0
250,2017-04-19,09:01:58,0,OI709,XZCE,6252,6200,6252,11948,744287360,293280,294612,6686,6046,6366,6314,0,6248,0,0,0,2017-04-19,32518000,6250,5,0,0,0,0,0,0,0,0,6252,4,0,0,0,0,0,0,0,0
251,2017-04-19,09:01:58,0,OI709,XZCE,6252,6200,6252,11956,744787520,293276,294612,6686,6046,6366,6314,0,6248,0,0,0,2017-04-19,32518000,6250,12,0,0,0,0,0,0,0,0,6252,8,0,0,0,0,0,0,0,0
252,2017-04-19,09:01:59,0,OI709,XZCE,6252,6200,6252,12000,747538400,293264,294612,6686,6046,6366,6314,0,6248,0,0,0,2017-04-19,32519000,6250,13,0,0,0,0,0,0,0,0,6252,6,0,0,0,0,0,0,0,0
253,2017-04-19,09:01:59,0,OI709,XZCE,6252,6200,6252,12060,751289600,293296,294612,6686,6046,6366,6314,0,6248,0,0,0,2017-04-19,32519000,6250,11,0,0,0,0,0,0,0,0,6254,80,0,0,0,0,0,0,0,0
254,2017-04-19,09:02:00,0,OI709,XZCE,6250,6200,6254,12214,760914600,293380,294612,6686,6046,6366,6314,0,6248,0,0,0,2017-04-19,32520000,6250,8,0,0,0,0,0,0,0,0,6252,8,0,0,0,0,0,0,0,0
255,2017-04-19,09:02:00,0,OI709,XZCE,6250,6200,6254,12242,762664600,293396,294612,6686,6046,6366,6314,0,6248,0,0,0,2017-04-19,32520000,6250,6,0,0,0,0,0,0,0,0,6252,11,0,0,0,0,0,0,0,0
256,2017-04-19,09:02:01,0,OI709,XZCE,6252,6200,6254,12264,764040040,293408,294612,6686,6046,6366,6314,0,6248,0,0,0,2017-04-19,32521000,6250,6,0,0,0,0,0,0,0,0,6252,12,0,0,0,0,0,0,0,0
257,2017-04-19,09:02:01,0,OI709,XZCE,6250,6200,6254,12306,766665040,293400,294612,6686,6046,6366,6314,0,6248,0,0,0,2017-04-19,32521000,6248,43,0,0,0,0,0,0,0,0,6250,90,0,0,0,0,0,0,0,0
258,2017-04-19,09:02:02,0,OI709,XZCE,6250,6200,6254,12406,772915040,293380,294612,6686,6046,6366,6314,0,6248,0,0,0,2017-04-19,32522000,6248,29,0,0,0,0,0,0,0,0,6250,70,0,0,0,0,0,0,0,0
259,2017-04-19,09:02:02,0,OI709,XZCE,6250,6200,6254,12406,772915040,293380,294612,6686,6046,6366,6314,0,6248,0,0,0,2017-04-19,32522000,6248,32,0,0,0,0,0,0,0,0,6250,70,0,0,0,0,0,0,0,0
260,2017-04-19,09:02:03,0,OI709,XZCE,6250,6200,6254,12446,775415040,293380,294612,6686,6046,6366,6314,0,6248,0,0,0,2017-04-19,32523000,6248,33,0,0,0,0,0,0,0,0,6250,50,0,0,0,0,0,0,0,0
261,2017-04-19,09:02:03,0,OI709,XZCE,6248,6200,6254,12618,786161600,293328,294612,6686,6046,6366,6314,0,6248,0,0,0,2017-04-19,32523000,6244,35,0,0,0,0,0,0,0,0,6248,265,0,0,0,0,0,0,0,0
262,2017-04-19,09:02:04,0,OI709,XZCE,6248,6200,6254,12632,787036320,293318,294612,6686,6046,6366,6314,0,6248,0,0,0,2017-04-19,32524000,6246,7,0,0,0,0,0,0,0,0,6248,260,0,0,0,0,0,0,0,0
263,2017-04-19,09:02:04,0,OI709,XZCE,6244,6200,6254,12654,788410000,293332,294612,6686,6046,6366,6314,0,6248,0,0,0,2017-04-19,32524000,6246,4,0,0,0,0,0,0,0,0,6248,259,0,0,0,0,0,0,0,0
264,2017-04-19,09:02:05,0,OI709,XZCE,6248,6200,6254,12694,790909200,293338,294612,6686,6046,6366,6314,0,6248,0,0,0,2017-04-19,32525000,6246,6,0,0,0,0,0,0,0,0,6248,243,0,0,0,0,0,0,0,0
265,2017-04-19,09:02:05,0,OI709,XZCE,6246,6200,6254,12698,791159040,293338,294612,6686,6046,6366,6314,0,6248,0,0,0,2017-04-19,32525000,6246,2,0,0,0,0,0,0,0,0,6248,243,0,0,0,0,0,0,0,0
266,2017-04-19,09:02:06,0,OI709,XZCE,6246,6200,6254,12704,791533800,293336,294612,6686,6046,6366,6314,0,6248,0,0,0,2017-04-19,32526000,6244,45,0,0,0,0,0,0,0,0,6246,3,0,0,0,0,0,0,0,0
267,2017-04-19,09:02:06,0,OI709,XZCE,6246,6200,6254,12722,792658080,293334,294612,6686,6046,6366,6314,0,6248,0,0,0,2017-04-19,32526000,6244,45,0,0,0,0,0,0,0,0,6248,238,0,0,0,0,0,0,0,0
268,2017-04-19,09:02:07,0,OI709,XZCE,6246,6200,6254,12722,792658080,293334,294612,6686,6046,6366,6314,0,6248,0,0,0,2017-04-19,32527000,6244,45,0,0,0,0,0,0,0,0,6246,2,0,0,0,0,0,0,0,0
269,2017-04-19,09:02:07,0,OI709,XZCE,6246,6200,6254,12764,795281400,293358,294612,6686,6046,6366,6314,0,6248,0,0,0,2017-04-19,32527000,6244,45,0,0,0,0,0,0,0,0,6246,5,0,0,0,0,0,0,0,0
270,2017-04-19,09:02:08,0,OI709,XZCE,6246,6200,6254,12766,795406320,293360,294612,6686,6046,6366,6314,0,6248,0,0,0,2017-04-19,32528000,6246,13,0,0,0,0,0,0,0,0,6248,243,0,0,0,0,0,0,0,0
271,2017-04-19,09:02:08,0,OI709,XZCE,6246,6200,6254,12792,797030280,293348,294612,6686,6046,6366,6314,0,6248,0,0,0,2017-04-19,32528000,6244,45,0,0,0,0,0,0,0,0,6246,7,0,0,0,0,0,0,0,0
272,2017-04-19,09:02:09,0,OI709,XZCE,6246,6200,6254,12808,798029640,293340,294612,6686,6046,6366,6314,0,6248,0,0,0,2017-04-19,32529000,6246,31,0,0,0,0,0,0,0,0,6248,253,0,0,0,0,0,0,0,0
273,2017-04-19,09:02:09,0,OI709,XZCE,6248,6200,6254,12828,799279240,293340,294612,6686,6046,6366,6314,0,6248,0,0,0,2017-04-19,32529000,6246,33,0,0,0,0,0,0,0,0,6248,244,0,0,0,0,0,0,0,0
274,2017-04-19,09:02:09,0,OI709,XZCE,6248,6200,6254,12828,799279240,293340,294612,6686,6046,6366,6314,0,6248,0,0,0,2017-04-19,32529000,6246,34,0,0,0,0,0,0,0,0,6248,244,0,0,0,0,0,0,0,0
275,2017-04-19,09:02:10,0,OI709,XZCE,6248,6200,6254,12844,800278920,293338,294612,6686,6046,6366,6314,0,6248,0,0,0,2017-04-19,32530000,6246,45,0,0,0,0,0,0,0,0,6248,243,0,0,0,0,0,0,0,0
276,2017-04-19,09:02:11,0,OI709,XZCE,6248,6200,6254,12870,801903400,293338,294612,6686,6046,6366,6314,0,6248,0,0,0,2017-04-19,32531000,6246,43,0,0,0,0,0,0,0,0,6248,237,0,0,0,0,0,0,0,0
277,2017-04-19,09:02:11,0,OI709,XZCE,6246,6200,6254,12874,802153240,293336,294612,6686,6046,6366,6314,0,6248,0,0,0,2017-04-19,32531000,6246,63,0,0,0,0,0,0,0,0,6248,237,0,0,0,0,0,0,0,0
278,2017-04-19,09:02:12,0,OI709,XZCE,6248,6200,6254,12890,803152920,293320,294612,6686,6046,6366,6314,0,6248,0,0,0,2017-04-19,32532000,6246,63,0,0,0,0,0,0,0,0,6248,227,0,0,0,0,0,0,0,0
279,2017-04-19,09:02:12,0,OI709,XZCE,6246,6200,6254,13042,812646840,293276,294612,6686,6046,6366,6314,0,6248,0,0,0,2017-04-19,32532000,6244,44,0,0,0,0,0,0,0,0,6246,68,0,0,0,0,0,0,0,0
280,2017-04-19,09:02:13,0,OI709,XZCE,6246,6200,6254,13122,817643640,293230,294612,6686,6046,6366,6314,0,6248,0,0,0,2017-04-19,32533000,6244,42,0,0,0,0,0,0,0,0,6246,30,0,0,0,0,0,0,0,0
281,2017-04-19,09:02:13,0,OI709,XZCE,6246,6200,6254,13212,823265040,293260,294612,6686,6046,6366,6314,0,6248,0,0,0,2017-04-19,32533000,6244,37,0,0,0,0,0,0,0,0,6246,16,0,0,0,0,0,0,0,0
282,2017-04-19,09:02:14,0,OI709,XZCE,6246,6200,6254,13270,826887720,293240,294612,6686,6046,6366,6314,0,6248,0,0,0,2017-04-19,32534000,6246,12,0,0,0,0,0,0,0,0,6248,218,0,0,0,0,0,0,0,0
283,2017-04-19,09:02:14,0,OI709,XZCE,6246,6200,6254,13300,828761520,293222,294612,6686,6046,6366,6314,0,6248,0,0,0,2017-04-19,32534000,6244,38,0,0,0,0,0,0,0,0,6246,9,0,0,0,0,0,0,0,0
284,2017-04-19,09:02:15,0,OI709,XZCE,6246,6200,6254,13306,829136280,293222,294612,6686,6046,6366,6314,0,6248,0,0,0,2017-04-19,32535000,6244,36,0,0,0,0,0,0,0,0,6246,10,0,0,0,0,0,0,0,0
285,2017-04-19,09:02:15,0,OI709,XZCE,6246,6200,6254,13308,829261200,293224,294612,6686,6046,6366,6314,0,6248,0,0,0,2017-04-19,32535000,6244,36,0,0,0,0,0,0,0,0,6246,9,0,0,0,0,0,0,0,0
286,2017-04-19,09:02:16,0,OI709,XZCE,6246,6200,6254,13308,829261200,293224,294612,6686,6046,6366,6314,0,6248,0,0,0,2017-04-19,32536000,6244,37,0,0,0,0,0,0,0,0,6246,10,0,0,0,0,0,0,0,0
287,2017-04-19,09:02:16,0,OI709,XZCE,6246,6200,6254,13316,829760880,293230,294612,6686,6046,6366,6314,0,6248,0,0,0,2017-04-19,32536000,6244,40,0,0,0,0,0,0,0,0,6246,7,0,0,0,0,0,0,0,0
288,2017-04-19,09:02:17,0,OI709,XZCE,6246,6200,6254,13334,830885160,293220,294612,6686,6046,6366,6314,0,6248,0,0,0,2017-04-19,32537000,6244,41,0,0,0,0,0,0,0,0,6246,5,0,0,0,0,0,0,0,0
289,2017-04-19,09:02:17,0,OI709,XZCE,6246,6200,6254,13334,830885160,293220,294612,6686,6046,6366,6314,0,6248,0,0,0,2017-04-19,32537000,6244,40,0,0,0,0,0,0,0,0,6246,10,0,0,0,0,0,0,0,0
290,2017-04-19,09:02:18,0,OI709,XZCE,6246,6200,6254,13334,830885160,293220,294612,6686,6046,6366,6314,0,6248,0,0,0,2017-04-19,32538000,6244,40,0,0,0,0,0,0,0,0,6246,14,0,0,0,0,0,0,0,0
291,2017-04-19,09:02:18,0,OI709,XZCE,6246,6200,6254,13338,831135000,293220,294612,6686,6046,6366,6314,0,6248,0,0,0,2017-04-19,32538000,6244,41,0,0,0,0,0,0,0,0,6246,12,0,0,0,0,0,0,0,0
292,2017-04-19,09:02:19,0,OI709,XZCE,6246,6200,6254,13376,833508480,293220,294612,6686,6046,6366,6314,0,6248,0,0,0,2017-04-19,32539000,6246,42,0,0,0,0,0,0,0,0,6248,216,0,0,0,0,0,0,0,0
293,2017-04-19,09:02:19,0,OI709,XZCE,6246,6200,6254,13378,833633400,293220,294612,6686,6046,6366,6314,0,6248,0,0,0,2017-04-19,32539000,6246,43,0,0,0,0,0,0,0,0,6248,214,0,0,0,0,0,0,0,0
294,2017-04-19,09:02:20,0,OI709,XZCE,6246,6200,6254,13434,837131160,293220,294612,6686,6046,6366,6314,0,6248,0,0,0,2017-04-19,32540000,6246,15,0,0,0,0,0,0,0,0,6248,214,0,0,0,0,0,0,0,0
295,2017-04-19,09:02:20,0,OI709,XZCE,6248,6200,6254,13446,837880920,293208,294612,6686,6046,6366,6314,0,6248,0,0,0,2017-04-19,32540000,6246,19,0,0,0,0,0,0,0,0,6248,208,0,0,0,0,0,0,0,0
296,2017-04-19,09:02:21,0,OI709,XZCE,6246,6200,6254,13458,838630440,293208,294612,6686,6046,6366,6314,0,6248,0,0,0,2017-04-19,32541000,6246,11,0,0,0,0,0,0,0,0,6248,208,0,0,0,0,0,0,0,0
297,2017-04-19,09:02:21,0,OI709,XZCE,6246,6200,6254,13476,839754720,293200,294612,6686,6046,6366,6314,0,6248,0,0,0,2017-04-19,32541000,6246,22,0,0,0,0,0,0,0,0,6248,207,0,0,0,0,0,0,0,0
298,2017-04-19,09:02:22,0,OI709,XZCE,6248,6200,6254,13576,846002720,293100,294612,6686,6046,6366,6314,0,6248,0,0,0,2017-04-19,32542000,6246,67,0,0,0,0,0,0,0,0,6248,155,0,0,0,0,0,0,0,0
299,2017-04-19,09:02:23,0,OI709,XZCE,6246,6200,6254,13578,846127640,293100,294612,6686,6046,6366,6314,0,6248,0,0,0,2017-04-19,32543000,6246,67,0,0,0,0,0,0,0,0,6248,155,0,0,0,0,0,0,0,0
300,2017-04-19,09:02:24,0,OI709,XZCE,6248,6200,6254,13888,865496440,293096,294612,6686,6046,6366,6314,0,6248,0,0,0,2017-04-19,32544000,6248,5,0,0,0,0,0,0,0,0,6250,36,0,0,0,0,0,0,0,0
301,2017-04-19,09:02:24,0,OI709,XZCE,6248,6200,6254,13888,865496440,293096,294612,6686,6046,6366,6314,0,6248,0,0,0,2017-04-19,32544000,6248,12,0,0,0,0,0,0,0,0,6250,36,0,0,0,0,0,0,0,0
302,2017-04-19,09:02:25,0,OI709,XZCE,6248,6200,6254,13896,865996280,293102,294612,6686,6046,6366,6314,0,6248,0,0,0,2017-04-19,32545000,6248,14,0,0,0,0,0,0,0,0,6250,36,0,0,0,0,0,0,0,0
303,2017-04-19,09:02:25,0,OI709,XZCE,6248,6200,6254,13902,866371160,293102,294612,6686,6046,6366,6314,0,6248,0,0,0,2017-04-19,32545000,6248,11,0,0,0,0,0,0,0,0,6250,35,0,0,0,0,0,0,0,0
304,2017-04-19,09:02:26,0,OI709,XZCE,6250,6200,6254,13930,868121160,293084,294612,6686,6046,6366,6314,0,6248,0,0,0,2017-04-19,32546000,6248,10,0,0,0,0,0,0,0,0,6250,23,0,0,0,0,0,0,0,0
305,2017-04-19,09:02:26,0,OI709,XZCE,6250,6200,6254,13942,868871160,293084,294612,6686,6046,6366,6314,0,6248,0,0,0,2017-04-19,32546000,6248,12,0,0,0,0,0,0,0,0,6250,16,0,0,0,0,0,0,0,0
306,2017-04-19,09:02:27,0,OI709,XZCE,6248,6200,6254,13982,871370360,293070,294612,6686,6046,6366,6314,0,6248,0,0,0,2017-04-19,32547000,6246,29,0,0,0,0,0,0,0,0,6248,31,0,0,0,0,0,0,0,0
307,2017-04-19,09:02:27,0,OI709,XZCE,6248,6200,6254,14042,875119160,293070,294612,6686,6046,6366,6314,0,6248,0,0,0,2017-04-19,32547000,6248,10,0,0,0,0,0,0,0,0,6250,27,0,0,0,0,0,0,0,0
308,2017-04-19,09:02:28,0,OI709,XZCE,6248,6200,6254,14048,875494040,293070,294612,6686,6046,6366,6314,0,6248,0,0,0,2017-04-19,32548000,6248,8,0,0,0,0,0,0,0,0,6250,27,0,0,0,0,0,0,0,0
309,2017-04-19,09:02:29,0,OI709,XZCE,6248,6200,6254,14072,876993560,293058,294612,6686,6046,6366,6314,0,6248,0,0,0,2017-04-19,32549000,6246,29,0,0,0,0,0,0,0,0,6248,17,0,0,0,0,0,0,0,0
310,2017-04-19,09:02:30,0,OI709,XZCE,6248,6200,6254,14074,877118520,293058,294612,6686,6046,6366,6314,0,6248,0,0,0,2017-04-19,32550000,6246,29,0,0,0,0,0,0,0,0,6248,17,0,0,0,0,0,0,0,0
311,2017-04-19,09:02:30,0,OI709,XZCE,6248,6200,6254,14080,877493400,293052,294612,6686,6046,6366,6314,0,6248,0,0,0,2017-04-19,32550000,6246,29,0,0,0,0,0,0,0,0,6248,16,0,0,0,0,0,0,0,0
312,2017-04-19,09:02:31,0,OI709,XZCE,6248,6200,6254,14082,877618360,293050,294612,6686,6046,6366,6314,0,6248,0,0,0,2017-04-19,32551000,6246,29,0,0,0,0,0,0,0,0,6248,16,0,0,0,0,0,0,0,0
313,2017-04-19,09:02:31,0,OI709,XZCE,6246,6200,6254,14084,877743280,293050,294612,6686,6046,6366,6314,0,6248,0,0,0,2017-04-19,32551000,6246,28,0,0,0,0,0,0,0,0,6248,18,0,0,0,0,0,0,0,0
314,2017-04-19,09:02:32,0,OI709,XZCE,6246,6200,6254,14084,877743280,293050,294612,6686,6046,6366,6314,0,6248,0,0,0,2017-04-19,32552000,6246,29,0,0,0,0,0,0,0,0,6248,21,0,0,0,0,0,0,0,0
315,2017-04-19,09:02:32,0,OI709,XZCE,6248,6200,6254,14086,877868240,293048,294612,6686,6046,6366,6314,0,6248,0,0,0,2017-04-19,32552000,6246,38,0,0,0,0,0,0,0,0,6248,19,0,0,0,0,0,0,0,0
316,2017-04-19,09:02:33,0,OI709,XZCE,6248,6200,6254,14096,878493040,293048,294612,6686,6046,6366,6314,0,6248,0,0,0,2017-04-19,32553000,6246,41,0,0,0,0,0,0,0,0,6248,24,0,0,0,0,0,0,0,0
317,2017-04-19,09:02:33,0,OI709,XZCE,6248,6200,6254,14116,879742640,293034,294612,6686,6046,6366,6314,0,6248,0,0,0,2017-04-19,32553000,6246,63,0,0,0,0,0,0,0,0,6248,14,0,0,0,0,0,0,0,0
318,2017-04-19,09:02:34,0,OI709,XZCE,6248,6200,6254,14146,881617040,293030,294612,6686,6046,6366,6314,0,6248,0,0,0,2017-04-19,32554000,6246,63,0,0,0,0,0,0,0,0,6250,31,0,0,0,0,0,0,0,0
319,2017-04-19,09:02:34,0,OI709,XZCE,6246,6200,6254,14152,881991800,293034,294612,6686,6046,6366,6314,0,6248,0,0,0,2017-04-19,32554000,6246,63,0,0,0,0,0,0,0,0,6250,31,0,0,0,0,0,0,0,0
320,2017-04-19,09:02:35,0,OI709,XZCE,6246,6200,6254,14158,882366560,293034,294612,6686,6046,6366,6314,0,6248,0,0,0,2017-04-19,32555000,6246,61,0,0,0,0,0,0,0,0,6250,31,0,0,0,0,0,0,0,0
321,2017-04-19,09:02:35,0,OI709,XZCE,6246,6200,6254,14158,882366560,293034,294612,6686,6046,6366,6314,0,6248,0,0,0,2017-04-19,32555000,6246,62,0,0,0,0,0,0,0,0,6248,3,0,0,0,0,0,0,0,0
322,2017-04-19,09:02:36,0,OI709,XZCE,6248,6200,6254,14170,883116320,293040,294612,6686,6046,6366,6314,0,6248,0,0,0,2017-04-19,32556000,6246,61,0,0,0,0,0,0,0,0,6248,10,0,0,0,0,0,0,0,0
323,2017-04-19,09:02:36,0,OI709,XZCE,6248,6200,6254,14184,883991040,293042,294612,6686,6046,6366,6314,0,6248,0,0,0,2017-04-19,32556000,6246,61,0,0,0,0,0,0,0,0,6250,31,0,0,0,0,0,0,0,0
324,2017-04-19,09:02:36,0,OI709,XZCE,6248,6200,6254,14186,884116000,293044,294612,6686,6046,6366,6314,0,6248,0,0,0,2017-04-19,32556000,6248,2,0,0,0,0,0,0,0,0,6250,31,0,0,0,0,0,0,0,0
325,2017-04-19,09:02:38,0,OI709,XZCE,6248,6200,6254,14190,884365920,293046,294612,6686,6046,6366,6314,0,6248,0,0,0,2017-04-19,32558000,6246,65,0,0,0,0,0,0,0,0,6250,33,0,0,0,0,0,0,0,0
326,2017-04-19,09:02:38,0,OI709,XZCE,6250,6200,6254,14196,884740920,293046,294612,6686,6046,6366,6314,0,6248,0,0,0,2017-04-19,32558000,6246,65,0,0,0,0,0,0,0,0,6250,31,0,0,0,0,0,0,0,0
327,2017-04-19,09:02:39,0,OI709,XZCE,6250,6200,6254,14296,890990920,293126,294612,6686,6046,6366,6314,0,6248,0,0,0,2017-04-19,32559000,6246,66,0,0,0,0,0,0,0,0,6250,72,0,0,0,0,0,0,0,0
328,2017-04-19,09:02:39,0,OI709,XZCE,6248,6200,6254,14298,891115880,293128,294612,6686,6046,6366,6314,0,6248,0,0,0,2017-04-19,32559000,6246,66,0,0,0,0,0,0,0,0,6250,72,0,0,0,0,0,0,0,0
329,2017-04-19,09:02:39,0,OI709,XZCE,6248,6200,6254,14298,891115880,293128,294612,6686,6046,6366,6314,0,6248,0,0,0,2017-04-19,32559000,6246,67,0,0,0,0,0,0,0,0,6250,72,0,0,0,0,0,0,0,0
330,2017-04-19,09:02:41,0,OI709,XZCE,6248,6200,6254,14302,891365800,293126,294612,6686,6046,6366,6314,0,6248,0,0,0,2017-04-19,32561000,6246,71,0,0,0,0,0,0,0,0,6248,43,0,0,0,0,0,0,0,0
331,2017-04-19,09:02:41,0,OI709,XZCE,6248,6200,6254,14322,892615400,293124,294612,6686,6046,6366,6314,0,6248,0,0,0,2017-04-19,32561000,6246,88,0,0,0,0,0,0,0,0,6248,35,0,0,0,0,0,0,0,0
332,2017-04-19,09:02:42,0,OI709,XZCE,6246,6200,6254,14330,893115080,293124,294612,6686,6046,6366,6314,0,6248,0,0,0,2017-04-19,32562000,6246,84,0,0,0,0,0,0,0,0,6248,2,0,0,0,0,0,0,0,0
333,2017-04-19,09:02:42,0,OI709,XZCE,6246,6200,6254,14334,893364920,293124,294612,6686,6046,6366,6314,0,6248,0,0,0,2017-04-19,32562000,6246,83,0,0,0,0,0,0,0,0,6248,2,0,0,0,0,0,0,0,0
334,2017-04-19,09:02:43,0,OI709,XZCE,6246,6200,6254,14334,893364920,293124,294612,6686,6046,6366,6314,0,6248,0,0,0,2017-04-19,32563000,6246,82,0,0,0,0,0,0,0,0,6248,2,0,0,0,0,0,0,0,0
335,2017-04-19,09:02:43,0,OI709,XZCE,6248,6200,6254,14340,893739800,293128,294612,6686,6046,6366,6314,0,6248,0,0,0,2017-04-19,32563000,6246,82,0,0,0,0,0,0,0,0,6248,5,0,0,0,0,0,0,0,0
336,2017-04-19,09:02:44,0,OI709,XZCE,6248,6200,6254,14350,894364600,293138,294612,6686,6046,6366,6314,0,6248,0,0,0,2017-04-19,32564000,6248,5,0,0,0,0,0,0,0,0,6250,72,0,0,0,0,0,0,0,0
337,2017-04-19,09:02:44,0,OI709,XZCE,6248,6200,6254,14360,894989400,293140,294612,6686,6046,6366,6314,0,6248,0,0,0,2017-04-19,32564000,6246,88,0,0,0,0,0,0,0,0,6250,83,0,0,0,0,0,0,0,0
338,2017-04-19,09:02:45,0,OI709,XZCE,6248,6200,6254,14360,894989400,293140,294612,6686,6046,6366,6314,0,6248,0,0,0,2017-04-19,32565000,6248,6,0,0,0,0,0,0,0,0,6250,83,0,0,0,0,0,0,0,0
339,2017-04-19,09:02:45,0,OI709,XZCE,6248,6200,6254,14362,895114360,293138,294612,6686,6046,6366,6314,0,6248,0,0,0,2017-04-19,32565000,6248,9,0,0,0,0,0,0,0,0,6250,83,0,0,0,0,0,0,0,0
340,2017-04-19,09:02:46,0,OI709,XZCE,6248,6200,6254,14368,895489240,293132,294612,6686,6046,6366,6314,0,6248,0,0,0,2017-04-19,32566000,6248,17,0,0,0,0,0,0,0,0,6250,83,0,0,0,0,0,0,0,0
341,2017-04-19,09:02:46,0,OI709,XZCE,6248,6200,6254,14368,895489240,293132,294612,6686,6046,6366,6314,0,6248,0,0,0,2017-04-19,32566000,6248,18,0,0,0,0,0,0,0,0,6250,83,0,0,0,0,0,0,0,0
342,2017-04-19,09:02:47,0,OI709,XZCE,6248,6200,6254,14370,895614200,293130,294612,6686,6046,6366,6314,0,6248,0,0,0,2017-04-19,32567000,6248,17,0,0,0,0,0,0,0,0,6250,83,0,0,0,0,0,0,0,0
343,2017-04-19,09:02:47,0,OI709,XZCE,6250,6200,6254,14372,895739200,293132,294612,6686,6046,6366,6314,0,6248,0,0,0,2017-04-19,32567000,6248,17,0,0,0,0,0,0,0,0,6250,82,0,0,0,0,0,0,0,0
344,2017-04-19,09:02:48,0,OI709,XZCE,6250,6200,6254,14374,895864200,293132,294612,6686,6046,6366,6314,0,6248,0,0,0,2017-04-19,32568000,6248,37,0,0,0,0,0,0,0,0,6250,80,0,0,0,0,0,0,0,0
345,2017-04-19,09:02:48,0,OI709,XZCE,6248,6200,6254,14462,901362440,293192,294612,6686,6046,6366,6314,0,6248,0,0,0,2017-04-19,32568000,6248,5,0,0,0,0,0,0,0,0,6250,76,0,0,0,0,0,0,0,0
346,2017-04-19,09:02:49,0,OI709,XZCE,6248,6200,6254,14482,902612040,293192,294612,6686,6046,6366,6314,0,6248,0,0,0,2017-04-19,32569000,6246,119,0,0,0,0,0,0,0,0,6248,35,0,0,0,0,0,0,0,0
347,2017-04-19,09:02:49,0,OI709,XZCE,6248,6200,6254,14482,902612040,293192,294612,6686,6046,6366,6314,0,6248,0,0,0,2017-04-19,32569000,6246,118,0,0,0,0,0,0,0,0,6248,35,0,0,0,0,0,0,0,0
348,2017-04-19,09:02:50,0,OI709,XZCE,6248,6200,6254,14484,902737000,293192,294612,6686,6046,6366,6314,0,6248,0,0,0,2017-04-19,32570000,6248,1,0,0,0,0,0,0,0,0,6250,65,0,0,0,0,0,0,0,0
349,2017-04-19,09:02:50,0,OI709,XZCE,6248,6200,6254,14492,903236840,293188,294612,6686,6046,6366,6314,0,6248,0,0,0,2017-04-19,32570000,6246,121,0,0,0,0,0,0,0,0,6248,6,0,0,0,0,0,0,0,0
350,2017-04-19,09:02:51,0,OI709,XZCE,6248,6200,6254,14492,903236840,293188,294612,6686,6046,6366,6314,0,6248,0,0,0,2017-04-19,32571000,6246,119,0,0,0,0,0,0,0,0,6248,44,0,0,0,0,0,0,0,0
351,2017-04-19,09:02:52,0,OI709,XZCE,6248,6200,6254,14534,905861000,293194,294612,6686,6046,6366,6314,0,6248,0,0,0,2017-04-19,32572000,6246,119,0,0,0,0,0,0,0,0,6248,25,0,0,0,0,0,0,0,0
352,2017-04-19,09:02:52,0,OI709,XZCE,6248,6200,6254,14540,906235880,293194,294612,6686,6046,6366,6314,0,6248,0,0,0,2017-04-19,32572000,6246,119,0,0,0,0,0,0,0,0,6248,24,0,0,0,0,0,0,0,0
353,2017-04-19,09:02:53,0,OI709,XZCE,6248,6200,6254,14540,906235880,293194,294612,6686,6046,6366,6314,0,6248,0,0,0,2017-04-19,32573000,6246,111,0,0,0,0,0,0,0,0,6248,32,0,0,0,0,0,0,0,0
354,2017-04-19,09:02:53,0,OI709,XZCE,6248,6200,6254,14598,909859720,293232,294612,6686,6046,6366,6314,0,6248,0,0,0,2017-04-19,32573000,6246,82,0,0,0,0,0,0,0,0,6248,61,0,0,0,0,0,0,0,0
355,2017-04-19,09:02:54,0,OI709,XZCE,6248,6200,6254,14600,909984680,293232,294612,6686,6046,6366,6314,0,6248,0,0,0,2017-04-19,32574000,6246,82,0,0,0,0,0,0,0,0,6248,62,0,0,0,0,0,0,0,0
356,2017-04-19,09:02:54,0,OI709,XZCE,6248,6200,6254,14636,912233960,293248,294612,6686,6046,6366,6314,0,6248,0,0,0,2017-04-19,32574000,6246,74,0,0,0,0,0,0,0,0,6248,61,0,0,0,0,0,0,0,0
357,2017-04-19,09:02:55,0,OI709,XZCE,6248,6200,6254,14714,917107400,293292,294612,6686,6046,6366,6314,0,6248,0,0,0,2017-04-19,32575000,6246,47,0,0,0,0,0,0,0,0,6248,42,0,0,0,0,0,0,0,0
358,2017-04-19,09:02:55,0,OI709,XZCE,6246,6200,6254,14794,922104200,293264,294612,6686,6046,6366,6314,0,6248,0,0,0,2017-04-19,32575000,6246,48,0,0,0,0,0,0,0,0,6248,24,0,0,0,0,0,0,0,0
359,2017-04-19,09:02:56,0,OI709,XZCE,6246,6200,6254,14798,922354040,293264,294612,6686,6046,6366,6314,0,6248,0,0,0,2017-04-19,32576000,6246,57,0,0,0,0,0,0,0,0,6248,28,0,0,0,0,0,0,0,0
360,2017-04-19,09:02:56,0,OI709,XZCE,6248,6200,6254,14800,922479000,293264,294612,6686,6046,6366,6314,0,6248,0,0,0,2017-04-19,32576000,6246,57,0,0,0,0,0,0,0,0,6248,28,0,0,0,0,0,0,0,0
361,2017-04-19,09:02:57,0,OI709,XZCE,6248,6200,6254,14830,924353400,293264,294612,6686,6046,6366,6314,0,6248,0,0,0,2017-04-19,32577000,6246,58,0,0,0,0,0,0,0,0,6248,33,0,0,0,0,0,0,0,0
362,2017-04-19,09:02:57,0,OI709,XZCE,6246,6200,6254,14832,924478320,293264,294612,6686,6046,6366,6314,0,6248,0,0,0,2017-04-19,32577000,6246,57,0,0,0,0,0,0,0,0,6248,33,0,0,0,0,0,0,0,0
363,2017-04-19,09:02:58,0,OI709,XZCE,6248,6200,6254,14834,924603280,293262,294612,6686,6046,6366,6314,0,6248,0,0,0,2017-04-19,32578000,6246,57,0,0,0,0,0,0,0,0,6248,33,0,0,0,0,0,0,0,0
364,2017-04-19,09:02:58,0,OI709,XZCE,6248,6200,6254,14836,924728240,293262,294612,6686,6046,6366,6314,0,6248,0,0,0,2017-04-19,32578000,6246,57,0,0,0,0,0,0,0,0,6248,33,0,0,0,0,0,0,0,0
365,2017-04-19,09:02:59,0,OI709,XZCE,6248,6200,6254,14846,925353040,293262,294612,6686,6046,6366,6314,0,6248,0,0,0,2017-04-19,32579000,6246,54,0,0,0,0,0,0,0,0,6248,32,0,0,0,0,0,0,0,0
366,2017-04-19,09:02:59,0,OI709,XZCE,6248,6200,6254,14848,925478000,293260,294612,6686,6046,6366,6314,0,6248,0,0,0,2017-04-19,32579000,6246,64,0,0,0,0,0,0,0,0,6248,32,0,0,0,0,0,0,0,0
367,2017-04-19,09:03:00,0,OI709,XZCE,6248,6200,6254,14910,929351760,293298,294612,6686,6046,6366,6314,0,6248,0,0,0,2017-04-19,32580000,6246,44,0,0,0,0,0,0,0,0,6248,22,0,0,0,0,0,0,0,0
368,2017-04-19,09:03:00,0,OI709,XZCE,6246,6200,6254,14926,930351120,293286,294612,6686,6046,6366,6314,0,6248,0,0,0,2017-04-19,32580000,6246,42,0,0,0,0,0,0,0,0,6248,22,0,0,0,0,0,0,0,0
369,2017-04-19,09:03:01,0,OI709,XZCE,6248,6200,6254,14934,930850960,293290,294612,6686,6046,6366,6314,0,6248,0,0,0,2017-04-19,32581000,6246,47,0,0,0,0,0,0,0,0,6248,23,0,0,0,0,0,0,0,0
370,2017-04-19,09:03:01,0,OI709,XZCE,6246,6200,6254,14954,932100160,293288,294612,6686,6046,6366,6314,0,6248,0,0,0,2017-04-19,32581000,6246,37,0,0,0,0,0,0,0,0,6248,34,0,0,0,0,0,0,0,0
371,2017-04-19,09:03:02,0,OI709,XZCE,6248,6200,6254,14958,932350080,293288,294612,6686,6046,6366,6314,0,6248,0,0,0,2017-04-19,32582000,6246,37,0,0,0,0,0,0,0,0,6248,32,0,0,0,0,0,0,0,0
372,2017-04-19,09:03:02,0,OI709,XZCE,6248,6200,6254,14958,932350080,293288,294612,6686,6046,6366,6314,0,6248,0,0,0,2017-04-19,32582000,6246,42,0,0,0,0,0,0,0,0,6248,40,0,0,0,0,0,0,0,0
373,2017-04-19,09:03:03,0,OI709,XZCE,6248,6200,6254,14960,932475040,293288,294612,6686,6046,6366,6314,0,6248,0,0,0,2017-04-19,32583000,6246,42,0,0,0,0,0,0,0,0,6248,39,0,0,0,0,0,0,0,0
374,2017-04-19,09:03:03,0,OI709,XZCE,6248,6200,6254,14964,932724960,293290,294612,6686,6046,6366,6314,0,6248,0,0,0,2017-04-19,32583000,6246,41,0,0,0,0,0,0,0,0,6248,38,0,0,0,0,0,0,0,0
375,2017-04-19,09:03:04,0,OI709,XZCE,6246,6200,6254,14970,933099720,293290,294612,6686,6046,6366,6314,0,6248,0,0,0,2017-04-19,32584000,6246,42,0,0,0,0,0,0,0,0,6248,39,0,0,0,0,0,0,0,0
376,2017-04-19,09:03:05,0,OI709,XZCE,6246,6200,6254,15000,934973520,293274,294612,6686,6046,6366,6314,0,6248,0,0,0,2017-04-19,32585000,6246,47,0,0,0,0,0,0,0,0,6248,39,0,0,0,0,0,0,0,0
377,2017-04-19,09:03:05,0,OI709,XZCE,6246,6200,6254,15012,935723040,293282,294612,6686,6046,6366,6314,0,6248,0,0,0,2017-04-19,32585000,6246,42,0,0,0,0,0,0,0,0,6248,39,0,0,0,0,0,0,0,0
378,2017-04-19,09:03:06,0,OI709,XZCE,6246,6200,6254,15098,941094600,293274,294612,6686,6046,6366,6314,0,6248,0,0,0,2017-04-19,32586000,6244,39,0,0,0,0,0,0,0,0,6246,10,0,0,0,0,0,0,0,0
379,2017-04-19,09:03:07,0,OI709,XZCE,6246,6200,6254,15118,942343800,293258,294612,6686,6046,6366,6314,0,6248,0,0,0,2017-04-19,32587000,6246,40,0,0,0,0,0,0,0,0,6248,43,0,0,0,0,0,0,0,0
380,2017-04-19,09:03:07,0,OI709,XZCE,6246,6200,6254,15154,944592360,293258,294612,6686,6046,6366,6314,0,6248,0,0,0,2017-04-19,32587000,6246,22,0,0,0,0,0,0,0,0,6248,43,0,0,0,0,0,0,0,0
381,2017-04-19,09:03:08,0,OI709,XZCE,6246,6200,6254,15154,944592360,293258,294612,6686,6046,6366,6314,0,6248,0,0,0,2017-04-19,32588000,6246,24,0,0,0,0,0,0,0,0,6248,43,0,0,0,0,0,0,0,0
382,2017-04-19,09:03:08,0,OI709,XZCE,6246,6200,6254,15154,944592360,293258,294612,6686,6046,6366,6314,0,6248,0,0,0,2017-04-19,32588000,6246,2,0,0,0,0,0,0,0,0,6248,43,0,0,0,0,0,0,0,0
383,2017-04-19,09:03:09,0,OI709,XZCE,6246,6200,6254,15160,944967120,293254,294612,6686,6046,6366,6314,0,6248,0,0,0,2017-04-19,32589000,6244,38,0,0,0,0,0,0,0,0,6246,12,0,0,0,0,0,0,0,0
384,2017-04-19,09:03:09,0,OI709,XZCE,6246,6200,6254,15160,944967120,293254,294612,6686,6046,6366,6314,0,6248,0,0,0,2017-04-19,32589000,6244,38,0,0,0,0,0,0,0,0,6246,14,0,0,0,0,0,0,0,0
385,2017-04-19,09:03:10,0,OI709,XZCE,6248,6200,6254,15200,947466320,293218,294612,6686,6046,6366,6314,0,6248,0,0,0,2017-04-19,32590000,6244,38,0,0,0,0,0,0,0,0,6248,52,0,0,0,0,0,0,0,0
386,2017-04-19,09:03:10,0,OI709,XZCE,6246,6200,6254,15202,947591240,293218,294612,6686,6046,6366,6314,0,6248,0,0,0,2017-04-19,32590000,6244,38,0,0,0,0,0,0,0,0,6246,10,0,0,0,0,0,0,0,0
387,2017-04-19,09:03:11,0,OI709,XZCE,6244,6200,6254,15240,949963960,293226,294612,6686,6046,6366,6314,0,6248,0,0,0,2017-04-19,32591000,6244,19,0,0,0,0,0,0,0,0,6246,12,0,0,0,0,0,0,0,0
388,2017-04-19,09:03:11,0,OI709,XZCE,6244,6200,6254,15240,949963960,293226,294612,6686,6046,6366,6314,0,6248,0,0,0,2017-04-19,32591000,6244,21,0,0,0,0,0,0,0,0,6246,18,0,0,0,0,0,0,0,0
389,2017-04-19,09:03:12,0,OI709,XZCE,6244,6200,6254,15240,949963960,293226,294612,6686,6046,6366,6314,0,6248,0,0,0,2017-04-19,32592000,6244,23,0,0,0,0,0,0,0,0,6246,19,0,0,0,0,0,0,0,0
390,2017-04-19,09:03:12,0,OI709,XZCE,6244,6200,6254,15244,950213720,293224,294612,6686,6046,6366,6314,0,6248,0,0,0,2017-04-19,32592000,6244,22,0,0,0,0,0,0,0,0,6246,19,0,0,0,0,0,0,0,0
391,2017-04-19,09:03:13,0,OI709,XZCE,6244,6200,6254,15244,950213720,293224,294612,6686,6046,6366,6314,0,6248,0,0,0,2017-04-19,32593000,6244,34,0,0,0,0,0,0,0,0,6246,21,0,0,0,0,0,0,0,0
392,2017-04-19,09:03:13,0,OI709,XZCE,6246,6200,6254,15288,952961960,293206,294612,6686,6046,6366,6314,0,6248,0,0,0,2017-04-19,32593000,6244,34,0,0,0,0,0,0,0,0,6248,49,0,0,0,0,0,0,0,0
393,2017-04-19,09:03:14,0,OI709,XZCE,6244,6200,6254,15298,953586360,293198,294612,6686,6046,6366,6314,0,6248,0,0,0,2017-04-19,32594000,6244,30,0,0,0,0,0,0,0,0,6246,33,0,0,0,0,0,0,0,0
394,2017-04-19,09:03:14,0,OI709,XZCE,6244,6200,6254,15298,953586360,293198,294612,6686,6046,6366,6314,0,6248,0,0,0,2017-04-19,32594000,6244,31,0,0,0,0,0,0,0,0,6246,35,0,0,0,0,0,0,0,0
395,2017-04-19,09:03:15,0,OI709,XZCE,6244,6200,6254,15304,953961000,293194,294612,6686,6046,6366,6314,0,6248,0,0,0,2017-04-19,32595000,6244,28,0,0,0,0,0,0,0,0,6246,35,0,0,0,0,0,0,0,0
396,2017-04-19,09:03:15,0,OI709,XZCE,6246,6200,6254,15312,954460680,293192,294612,6686,6046,6366,6314,0,6248,0,0,0,2017-04-19,32595000,6244,25,0,0,0,0,0,0,0,0,6246,34,0,0,0,0,0,0,0,0
397,2017-04-19,09:03:16,0,OI709,XZCE,6244,6200,6254,15316,954710440,293192,294612,6686,6046,6366,6314,0,6248,0,0,0,2017-04-19,32596000,6244,23,0,0,0,0,0,0,0,0,6246,34,0,0,0,0,0,0,0,0
398,2017-04-19,09:03:17,0,OI709,XZCE,6244,6200,6254,15364,957707560,293202,294612,6686,6046,6366,6314,0,6248,0,0,0,2017-04-19,32597000,6242,53,0,0,0,0,0,0,0,0,6244,80,0,0,0,0,0,0,0,0
399,2017-04-19,09:03:17,0,OI709,XZCE,6242,6200,6254,15368,957957240,293202,294612,6686,6046,6366,6314,0,6248,0,0,0,2017-04-19,32597000,6242,52,0,0,0,0,0,0,0,0,6244,81,0,0,0,0,0,0,0,0
400,2017-04-19,09:03:18,0,OI709,XZCE,6242,6200,6254,15496,965947000,293280,294612,6686,6046,6366,6314,0,6248,0,0,0,2017-04-19,32598000,6242,10,0,0,0,0,0,0,0,0,6244,106,0,0,0,0,0,0,0,0
401,2017-04-19,09:03:18,0,OI709,XZCE,6242,6200,6254,15516,967195400,293272,294612,6686,6046,6366,6314,0,6248,0,0,0,2017-04-19,32598000,6242,4,0,0,0,0,0,0,0,0,6244,106,0,0,0,0,0,0,0,0
402,2017-04-19,09:03:19,0,OI709,XZCE,6244,6200,6254,15518,967320280,293274,294612,6686,6046,6366,6314,0,6248,0,0,0,2017-04-19,32599000,6242,6,0,0,0,0,0,0,0,0,6244,106,0,0,0,0,0,0,0,0
403,2017-04-19,09:03:19,0,OI709,XZCE,6244,6200,6254,15518,967320280,293274,294612,6686,6046,6366,6314,0,6248,0,0,0,2017-04-19,32599000,6242,7,0,0,0,0,0,0,0,0,6244,106,0,0,0,0,0,0,0,0
404,2017-04-19,09:03:20,0,OI709,XZCE,6244,6200,6254,15578,971066680,293322,294612,6686,6046,6366,6314,0,6248,0,0,0,2017-04-19,32600000,6242,13,0,0,0,0,0,0,0,0,6244,95,0,0,0,0,0,0,0,0
405,2017-04-19,09:03:20,0,OI709,XZCE,6244,6200,6254,15578,971066680,293322,294612,6686,6046,6366,6314,0,6248,0,0,0,2017-04-19,32600000,6242,14,0,0,0,0,0,0,0,0,6244,95,0,0,0,0,0,0,0,0
406,2017-04-19,09:03:21,0,OI709,XZCE,6244,6200,6254,15578,971066680,293322,294612,6686,6046,6366,6314,0,6248,0,0,0,2017-04-19,32601000,6242,15,0,0,0,0,0,0,0,0,6244,95,0,0,0,0,0,0,0,0
407,2017-04-19,09:03:21,0,OI709,XZCE,6244,6200,6254,15578,971066680,293322,294612,6686,6046,6366,6314,0,6248,0,0,0,2017-04-19,32601000,6242,16,0,0,0,0,0,0,0,0,6244,95,0,0,0,0,0,0,0,0
408,2017-04-19,09:03:21,0,OI709,XZCE,6242,6200,6254,15582,971316360,293320,294612,6686,6046,6366,6314,0,6248,0,0,0,2017-04-19,32601000,6242,15,0,0,0,0,0,0,0,0,6244,94,0,0,0,0,0,0,0,0
409,2017-04-19,09:03:22,0,OI709,XZCE,6242,6200,6254,15582,971316360,293320,294612,6686,6046,6366,6314,0,6248,0,0,0,2017-04-19,32602000,6242,16,0,0,0,0,0,0,0,0,6244,94,0,0,0,0,0,0,0,0
410,2017-04-19,09:03:23,0,OI709,XZCE,6242,6200,6254,15584,971441200,293320,294612,6686,6046,6366,6314,0,6248,0,0,0,2017-04-19,32603000,6242,15,0,0,0,0,0,0,0,0,6244,94,0,0,0,0,0,0,0,0
411,2017-04-19,09:03:23,0,OI709,XZCE,6242,6200,6254,15624,973938000,293344,294612,6686,6046,6366,6314,0,6248,0,0,0,2017-04-19,32603000,6240,79,0,0,0,0,0,0,0,0,6242,37,0,0,0,0,0,0,0,0
412,2017-04-19,09:03:24,0,OI709,XZCE,6242,6200,6254,15628,974187680,293344,294612,6686,6046,6366,6314,0,6248,0,0,0,2017-04-19,32604000,6240,80,0,0,0,0,0,0,0,0,6242,35,0,0,0,0,0,0,0,0
413,2017-04-19,09:03:24,0,OI709,XZCE,6242,6200,6254,15658,976060280,293364,294612,6686,6046,6366,6314,0,6248,0,0,0,2017-04-19,32604000,6240,75,0,0,0,0,0,0,0,0,6242,21,0,0,0,0,0,0,0,0
414,2017-04-19,09:03:24,0,OI709,XZCE,6242,6200,6254,15660,976185120,293366,294612,6686,6046,6366,6314,0,6248,0,0,0,2017-04-19,32604000,6240,75,0,0,0,0,0,0,0,0,6242,20,0,0,0,0,0,0,0,0
415,2017-04-19,09:03:25,0,OI709,XZCE,6242,6200,6254,15662,976309960,293368,294612,6686,6046,6366,6314,0,6248,0,0,0,2017-04-19,32605000,6240,75,0,0,0,0,0,0,0,0,6242,19,0,0,0,0,0,0,0,0
416,2017-04-19,09:03:26,0,OI709,XZCE,6242,6200,6254,15666,976559640,293368,294612,6686,6046,6366,6314,0,6248,0,0,0,2017-04-19,32606000,6240,73,0,0,0,0,0,0,0,0,6242,17,0,0,0,0,0,0,0,0
417,2017-04-19,09:03:26,0,OI709,XZCE,6242,6200,6254,15666,976559640,293368,294612,6686,6046,6366,6314,0,6248,0,0,0,2017-04-19,32606000,6240,78,0,0,0,0,0,0,0,0,6242,17,0,0,0,0,0,0,0,0
418,2017-04-19,09:03:27,0,OI709,XZCE,6242,6200,6254,15670,976809320,293370,294612,6686,6046,6366,6314,0,6248,0,0,0,2017-04-19,32607000,6240,78,0,0,0,0,0,0,0,0,6242,16,0,0,0,0,0,0,0,0
419,2017-04-19,09:03:27,0,OI709,XZCE,6240,6200,6254,15778,983548520,293318,294612,6686,6046,6366,6314,0,6248,0,0,0,2017-04-19,32607000,6240,26,0,0,0,0,0,0,0,0,6242,22,0,0,0,0,0,0,0,0
420,2017-04-19,09:03:28,0,OI709,XZCE,6240,6200,6254,15778,983548520,293318,294612,6686,6046,6366,6314,0,6248,0,0,0,2017-04-19,32608000,6240,26,0,0,0,0,0,0,0,0,6242,26,0,0,0,0,0,0,0,0
421,2017-04-19,09:03:28,0,OI709,XZCE,6240,6200,6254,15784,983922920,293320,294612,6686,6046,6366,6314,0,6248,0,0,0,2017-04-19,32608000,6240,23,0,0,0,0,0,0,0,0,6242,28,0,0,0,0,0,0,0,0
422,2017-04-19,09:03:29,0,OI709,XZCE,6242,6200,6254,15786,984047760,293320,294612,6686,6046,6366,6314,0,6248,0,0,0,2017-04-19,32609000,6240,23,0,0,0,0,0,0,0,0,6242,27,0,0,0,0,0,0,0,0
423,2017-04-19,09:03:29,0,OI709,XZCE,6242,6200,6254,15790,984297440,293322,294612,6686,6046,6366,6314,0,6248,0,0,0,2017-04-19,32609000,6240,22,0,0,0,0,0,0,0,0,6242,25,0,0,0,0,0,0,0,0
424,2017-04-19,09:03:30,0,OI709,XZCE,6240,6200,6254,15840,987417440,293298,294612,6686,6046,6366,6314,0,6248,0,0,0,2017-04-19,32610000,6240,29,0,0,0,0,0,0,0,0,6242,25,0,0,0,0,0,0,0,0
425,2017-04-19,09:03:30,0,OI709,XZCE,6240,6200,6254,15842,987542240,293296,294612,6686,6046,6366,6314,0,6248,0,0,0,2017-04-19,32610000,6240,28,0,0,0,0,0,0,0,0,6242,25,0,0,0,0,0,0,0,0
426,2017-04-19,09:03:31,0,OI709,XZCE,6240,6200,6254,15842,987542240,293296,294612,6686,6046,6366,6314,0,6248,0,0,0,2017-04-19,32611000,6240,30,0,0,0,0,0,0,0,0,6242,25,0,0,0,0,0,0,0,0
427,2017-04-19,09:03:31,0,OI709,XZCE,6242,6200,6254,15844,987667080,293298,294612,6686,6046,6366,6314,0,6248,0,0,0,2017-04-19,32611000,6240,30,0,0,0,0,0,0,0,0,6242,25,0,0,0,0,0,0,0,0
428,2017-04-19,09:03:32,0,OI709,XZCE,6240,6200,6254,15914,992035080,293232,294612,6686,6046,6366,6314,0,6248,0,0,0,2017-04-19,32612000,6238,24,0,0,0,0,0,0,0,0,6240,66,0,0,0,0,0,0,0,0
429,2017-04-19,09:03:32,0,OI709,XZCE,6238,6200,6254,15980,996152160,293210,294612,6686,6046,6366,6314,0,6248,0,0,0,2017-04-19,32612000,6238,10,0,0,0,0,0,0,0,0,6240,63,0,0,0,0,0,0,0,0
430,2017-04-19,09:03:33,0,OI709,XZCE,6240,6200,6254,16002,997524960,293206,294612,6686,6046,6366,6314,0,6248,0,0,0,2017-04-19,32613000,6238,15,0,0,0,0,0,0,0,0,6240,52,0,0,0,0,0,0,0,0
431,2017-04-19,09:03:33,0,OI709,XZCE,6238,6200,6254,16034,999521120,293202,294612,6686,6046,6366,6314,0,6248,0,0,0,2017-04-19,32613000,6236,101,0,0,0,0,0,0,0,0,6238,12,0,0,0,0,0,0,0,0
432,2017-04-19,09:03:34,0,OI709,XZCE,6238,6200,6254,16038,999770640,293202,294612,6686,6046,6366,6314,0,6248,0,0,0,2017-04-19,32614000,6236,100,0,0,0,0,0,0,0,0,6238,10,0,0,0,0,0,0,0,0
433,2017-04-19,09:03:34,0,OI709,XZCE,6236,6200,6254,16042,1000020080,293202,294612,6686,6046,6366,6314,0,6248,0,0,0,2017-04-19,32614000,6236,98,0,0,0,0,0,0,0,0,6238,14,0,0,0,0,0,0,0,0
434,2017-04-19,09:03:35,0,OI709,XZCE,6238,6200,6254,16044,1000144840,293202,294612,6686,6046,6366,6314,0,6248,0,0,0,2017-04-19,32615000,6236,101,0,0,0,0,0,0,0,0,6238,4,0,0,0,0,0,0,0,0
435,2017-04-19,09:03:35,0,OI709,XZCE,6238,6200,6254,16044,1000144840,293202,294612,6686,6046,6366,6314,0,6248,0,0,0,2017-04-19,32615000,6238,1,0,0,0,0,0,0,0,0,6240,53,0,0,0,0,0,0,0,0
436,2017-04-19,09:03:36,0,OI709,XZCE,6238,6200,6254,16088,1002889560,293196,294612,6686,6046,6366,6314,0,6248,0,0,0,2017-04-19,32616000,6238,17,0,0,0,0,0,0,0,0,6240,53,0,0,0,0,0,0,0,0
437,2017-04-19,09:03:36,0,OI709,XZCE,6238,6200,6254,16124,1005135240,293172,294612,6686,6046,6366,6314,0,6248,0,0,0,2017-04-19,32616000,6236,84,0,0,0,0,0,0,0,0,6238,9,0,0,0,0,0,0,0,0
438,2017-04-19,09:03:37,0,OI709,XZCE,6238,6200,6254,16226,1011498000,293172,294612,6686,6046,6366,6314,0,6248,0,0,0,2017-04-19,32617000,6236,35,0,0,0,0,0,0,0,0,6238,16,0,0,0,0,0,0,0,0
439,2017-04-19,09:03:37,0,OI709,XZCE,6236,6200,6254,16296,1015863200,293178,294612,6686,6046,6366,6314,0,6248,0,0,0,2017-04-19,32617000,6234,21,0,0,0,0,0,0,0,0,6236,6,0,0,0,0,0,0,0,0
440,2017-04-19,09:03:38,0,OI709,XZCE,6238,6200,6254,16318,1017235560,293184,294612,6686,6046,6366,6314,0,6248,0,0,0,2017-04-19,32618000,6234,26,0,0,0,0,0,0,0,0,6238,17,0,0,0,0,0,0,0,0
441,2017-04-19,09:03:39,0,OI709,XZCE,6238,6200,6254,16318,1017235560,293184,294612,6686,6046,6366,6314,0,6248,0,0,0,2017-04-19,32619000,6234,26,0,0,0,0,0,0,0,0,6238,18,0,0,0,0,0,0,0,0
442,2017-04-19,09:03:39,0,OI709,XZCE,6238,6200,6254,16320,1017360320,293186,294612,6686,6046,6366,6314,0,6248,0,0,0,2017-04-19,32619000,6234,26,0,0,0,0,0,0,0,0,6238,17,0,0,0,0,0,0,0,0
443,2017-04-19,09:03:40,0,OI709,XZCE,6236,6200,6254,16330,1017983920,293190,294612,6686,6046,6366,6314,0,6248,0,0,0,2017-04-19,32620000,6236,13,0,0,0,0,0,0,0,0,6238,21,0,0,0,0,0,0,0,0
444,2017-04-19,09:03:40,0,OI709,XZCE,6236,6200,6254,16332,1018108640,293192,294612,6686,6046,6366,6314,0,6248,0,0,0,2017-04-19,32620000,6236,13,0,0,0,0,0,0,0,0,6238,20,0,0,0,0,0,0,0,0
445,2017-04-19,09:03:41,0,OI709,XZCE,6236,6200,6254,16344,1018856960,293196,294612,6686,6046,6366,6314,0,6248,0,0,0,2017-04-19,32621000,6236,13,0,0,0,0,0,0,0,0,6238,14,0,0,0,0,0,0,0,0
446,2017-04-19,09:03:42,0,OI709,XZCE,6236,6200,6254,16348,1019106400,293198,294612,6686,6046,6366,6314,0,6248,0,0,0,2017-04-19,32622000,6236,12,0,0,0,0,0,0,0,0,6238,14,0,0,0,0,0,0,0,0
447,2017-04-19,09:03:42,0,OI709,XZCE,6236,6200,6254,16350,1019231120,293198,294612,6686,6046,6366,6314,0,6248,0,0,0,2017-04-19,32622000,6236,11,0,0,0,0,0,0,0,0,6238,14,0,0,0,0,0,0,0,0
448,2017-04-19,09:03:43,0,OI709,XZCE,6236,6200,6254,16350,1019231120,293198,294612,6686,6046,6366,6314,0,6248,0,0,0,2017-04-19,32623000,6236,13,0,0,0,0,0,0,0,0,6238,14,0,0,0,0,0,0,0,0
449,2017-04-19,09:03:44,0,OI709,XZCE,6236,6200,6254,16350,1019231120,293198,294612,6686,6046,6366,6314,0,6248,0,0,0,2017-04-19,32624000,6236,15,0,0,0,0,0,0,0,0,6238,14,0,0,0,0,0,0,0,0
450,2017-04-19,09:03:45,0,OI709,XZCE,6238,6200,6254,16352,1019355880,293198,294612,6686,6046,6366,6314,0,6248,0,0,0,2017-04-19,32625000,6236,15,0,0,0,0,0,0,0,0,6238,13,0,0,0,0,0,0,0,0
451,2017-04-19,09:03:46,0,OI709,XZCE,6238,6200,6254,16354,1019480640,293198,294612,6686,6046,6366,6314,0,6248,0,0,0,2017-04-19,32626000,6236,18,0,0,0,0,0,0,0,0,6238,12,0,0,0,0,0,0,0,0
452,2017-04-19,09:03:46,0,OI709,XZCE,6236,6200,6254,16356,1019605360,293200,294612,6686,6046,6366,6314,0,6248,0,0,0,2017-04-19,32626000,6236,17,0,0,0,0,0,0,0,0,6238,12,0,0,0,0,0,0,0,0
453,2017-04-19,09:03:47,0,OI709,XZCE,6236,6200,6254,16370,1020478400,293200,294612,6686,6046,6366,6314,0,6248,0,0,0,2017-04-19,32627000,6236,11,0,0,0,0,0,0,0,0,6238,13,0,0,0,0,0,0,0,0
454,2017-04-19,09:03:47,0,OI709,XZCE,6238,6200,6254,16376,1020852680,293200,294612,6686,6046,6366,6314,0,6248,0,0,0,2017-04-19,32627000,6236,11,0,0,0,0,0,0,0,0,6238,12,0,0,0,0,0,0,0,0
455,2017-04-19,09:03:48,0,OI709,XZCE,6238,6200,6254,16382,1021226960,293202,294612,6686,6046,6366,6314,0,6248,0,0,0,2017-04-19,32628000,6236,10,0,0,0,0,0,0,0,0,6238,10,0,0,0,0,0,0,0,0
456,2017-04-19,09:03:48,0,OI709,XZCE,6236,6200,6254,16392,1021850560,293200,294612,6686,6046,6366,6314,0,6248,0,0,0,2017-04-19,32628000,6236,7,0,0,0,0,0,0,0,0,6238,13,0,0,0,0,0,0,0,0
457,2017-04-19,09:03:49,0,OI709,XZCE,6236,6200,6254,16416,1023347200,293206,294612,6686,6046,6366,6314,0,6248,0,0,0,2017-04-19,32629000,6234,29,0,0,0,0,0,0,0,0,6236,4,0,0,0,0,0,0,0,0
458,2017-04-19,09:03:49,0,OI709,XZCE,6236,6200,6254,16418,1023471920,293204,294612,6686,6046,6366,6314,0,6248,0,0,0,2017-04-19,32629000,6234,29,0,0,0,0,0,0,0,0,6236,7,0,0,0,0,0,0,0,0
459,2017-04-19,09:03:50,0,OI709,XZCE,6236,6200,6254,16426,1023970800,293196,294612,6686,6046,6366,6314,0,6248,0,0,0,2017-04-19,32630000,6234,29,0,0,0,0,0,0,0,0,6236,1,0,0,0,0,0,0,0,0
460,2017-04-19,09:03:50,0,OI709,XZCE,6236,6200,6254,16432,1024344960,293192,294612,6686,6046,6366,6314,0,6248,0,0,0,2017-04-19,32630000,6236,5,0,0,0,0,0,0,0,0,6238,17,0,0,0,0,0,0,0,0
461,2017-04-19,09:03:51,0,OI709,XZCE,6234,6200,6254,16472,1026838560,293214,294612,6686,6046,6366,6314,0,6248,0,0,0,2017-04-19,32631000,6234,21,0,0,0,0,0,0,0,0,6238,21,0,0,0,0,0,0,0,0
462,2017-04-19,09:03:51,0,OI709,XZCE,6236,6200,6254,16484,1027586880,293210,294612,6686,6046,6366,6314,0,6248,0,0,0,2017-04-19,32631000,6234,17,0,0,0,0,0,0,0,0,6236,47,0,0,0,0,0,0,0,0
463,2017-04-19,09:03:52,0,OI709,XZCE,6236,6200,6254,16496,1028335200,293210,294612,6686,6046,6366,6314,0,6248,0,0,0,2017-04-19,32632000,6234,17,0,0,0,0,0,0,0,0,6236,43,0,0,0,0,0,0,0,0
464,2017-04-19,09:03:52,0,OI709,XZCE,6234,6200,6254,16502,1028709240,293208,294612,6686,6046,6366,6314,0,6248,0,0,0,2017-04-19,32632000,6234,13,0,0,0,0,0,0,0,0,6236,43,0,0,0,0,0,0,0,0
465,2017-04-19,09:03:53,0,OI709,XZCE,6234,6200,6254,16536,1030828800,293208,294612,6686,6046,6366,6314,0,6248,0,0,0,2017-04-19,32633000,6234,5,0,0,0,0,0,0,0,0,6236,38,0,0,0,0,0,0,0,0
466,2017-04-19,09:03:53,0,OI709,XZCE,6234,6200,6254,16576,1033322400,293232,294612,6686,6046,6366,6314,0,6248,0,0,0,2017-04-19,32633000,6232,21,0,0,0,0,0,0,0,0,6236,38,0,0,0,0,0,0,0,0
467,2017-04-19,09:03:54,0,OI709,XZCE,6234,6200,6254,16588,1034070480,293220,294612,6686,6046,6366,6314,0,6248,0,0,0,2017-04-19,32634000,6232,24,0,0,0,0,0,0,0,0,6234,46,0,0,0,0,0,0,0,0
468,2017-04-19,09:03:54,0,OI709,XZCE,6232,6200,6254,16590,1034195120,293220,294612,6686,6046,6366,6314,0,6248,0,0,0,2017-04-19,32634000,6232,19,0,0,0,0,0,0,0,0,6234,46,0,0,0,0,0,0,0,0
469,2017-04-19,09:03:55,0,OI709,XZCE,6232,6200,6254,16592,1034319760,293220,294612,6686,6046,6366,6314,0,6248,0,0,0,2017-04-19,32635000,6232,18,0,0,0,0,0,0,0,0,6234,46,0,0,0,0,0,0,0,0
470,2017-04-19,09:03:55,0,OI709,XZCE,6232,6200,6254,16628,1036563280,293234,294612,6686,6046,6366,6314,0,6248,0,0,0,2017-04-19,32635000,6230,41,0,0,0,0,0,0,0,0,6234,46,0,0,0,0,0,0,0,0
471,2017-04-19,09:03:56,0,OI709,XZCE,6232,6200,6254,16644,1037560400,293246,294612,6686,6046,6366,6314,0,6248,0,0,0,2017-04-19,32636000,6230,38,0,0,0,0,0,0,0,0,6232,35,0,0,0,0,0,0,0,0
472,2017-04-19,09:03:56,0,OI709,XZCE,6232,6200,6254,16660,1038557520,293260,294612,6686,6046,6366,6314,0,6248,0,0,0,2017-04-19,32636000,6230,40,0,0,0,0,0,0,0,0,6232,31,0,0,0,0,0,0,0,0
473,2017-04-19,09:03:57,0,OI709,XZCE,6234,6200,6254,16728,1042796640,293264,294612,6686,6046,6366,6314,0,6248,0,0,0,2017-04-19,32637000,6232,3,0,0,0,0,0,0,0,0,6234,22,0,0,0,0,0,0,0,0
474,2017-04-19,09:03:57,0,OI709,XZCE,6232,6200,6254,16734,1043170560,293264,294612,6686,6046,6366,6314,0,6248,0,0,0,2017-04-19,32637000,6230,34,0,0,0,0,0,0,0,0,6234,27,0,0,0,0,0,0,0,0
475,2017-04-19,09:03:58,0,OI709,XZCE,6230,6200,6254,16738,1043419760,293264,294612,6686,6046,6366,6314,0,6248,0,0,0,2017-04-19,32638000,6230,32,0,0,0,0,0,0,0,0,6232,50,0,0,0,0,0,0,0,0
476,2017-04-19,09:03:58,0,OI709,XZCE,6232,6200,6254,16750,1044167600,293266,294612,6686,6046,6366,6314,0,6248,0,0,0,2017-04-19,32638000,6230,37,0,0,0,0,0,0,0,0,6232,45,0,0,0,0,0,0,0,0
477,2017-04-19,09:03:59,0,OI709,XZCE,6232,6200,6254,16814,1048156080,293244,294612,6686,6046,6366,6314,0,6248,0,0,0,2017-04-19,32639000,6230,38,0,0,0,0,0,0,0,0,6232,18,0,0,0,0,0,0,0,0
478,2017-04-19,09:03:59,0,OI709,XZCE,6232,6200,6254,16826,1048903920,293242,294612,6686,6046,6366,6314,0,6248,0,0,0,2017-04-19,32639000,6230,40,0,0,0,0,0,0,0,0,6232,12,0,0,0,0,0,0,0,0
479,2017-04-19,09:04:00,0,OI709,XZCE,6232,6200,6254,16852,1050524240,293242,294612,6686,6046,6366,6314,0,6248,0,0,0,2017-04-19,32640000,6232,87,0,0,0,0,0,0,0,0,6234,27,0,0,0,0,0,0,0,0
480,2017-04-19,09:04:00,0,OI709,XZCE,6234,6200,6254,16856,1050773600,293240,294612,6686,6046,6366,6314,0,6248,0,0,0,2017-04-19,32640000,6232,91,0,0,0,0,0,0,0,0,6234,26,0,0,0,0,0,0,0,0
481,2017-04-19,09:04:01,0,OI709,XZCE,6232,6200,6254,16872,1051770720,293246,294612,6686,6046,6366,6314,0,6248,0,0,0,2017-04-19,32641000,6232,80,0,0,0,0,0,0,0,0,6234,83,0,0,0,0,0,0,0,0
482,2017-04-19,09:04:01,0,OI709,XZCE,6232,6200,6254,16878,1052144640,293246,294612,6686,6046,6366,6314,0,6248,0,0,0,2017-04-19,32641000,6232,81,0,0,0,0,0,0,0,0,6234,83,0,0,0,0,0,0,0,0
483,2017-04-19,09:04:02,0,OI709,XZCE,6232,6200,6254,16898,1053391040,293246,294612,6686,6046,6366,6314,0,6248,0,0,0,2017-04-19,32642000,6232,72,0,0,0,0,0,0,0,0,6234,91,0,0,0,0,0,0,0,0
484,2017-04-19,09:04:02,0,OI709,XZCE,6232,6200,6254,17042,1062365120,293362,294612,6686,6046,6366,6314,0,6248,0,0,0,2017-04-19,32642000,6230,29,0,0,0,0,0,0,0,0,6232,20,0,0,0,0,0,0,0,0
485,2017-04-19,09:04:03,0,OI709,XZCE,6232,6200,6254,17082,1064857920,293354,294612,6686,6046,6366,6314,0,6248,0,0,0,2017-04-19,32643000,6230,24,0,0,0,0,0,0,0,0,6232,6,0,0,0,0,0,0,0,0
486,2017-04-19,09:04:03,0,OI709,XZCE,6232,6200,6254,17100,1065979680,293368,294612,6686,6046,6366,6314,0,6248,0,0,0,2017-04-19,32643000,6230,60,0,0,0,0,0,0,0,0,6232,7,0,0,0,0,0,0,0,0
487,2017-04-19,09:04:04,0,OI709,XZCE,6232,6200,6254,17102,1066104320,293366,294612,6686,6046,6366,6314,0,6248,0,0,0,2017-04-19,32644000,6230,60,0,0,0,0,0,0,0,0,6232,12,0,0,0,0,0,0,0,0
488,2017-04-19,09:04:04,0,OI709,XZCE,6232,6200,6254,17102,1066104320,293366,294612,6686,6046,6366,6314,0,6248,0,0,0,2017-04-19,32644000,6230,61,0,0,0,0,0,0,0,0,6232,12,0,0,0,0,0,0,0,0
489,2017-04-19,09:04:05,0,OI709,XZCE,6230,6200,6254,17104,1066228920,293368,294612,6686,6046,6366,6314,0,6248,0,0,0,2017-04-19,32645000,6230,63,0,0,0,0,0,0,0,0,6232,20,0,0,0,0,0,0,0,0
490,2017-04-19,09:04:06,0,OI709,XZCE,6230,6200,6254,17104,1066228920,293368,294612,6686,6046,6366,6314,0,6248,0,0,0,2017-04-19,32646000,6230,63,0,0,0,0,0,0,0,0,6232,17,0,0,0,0,0,0,0,0
491,2017-04-19,09:04:06,0,OI709,XZCE,6230,6200,6254,17238,1074577120,293370,294612,6686,6046,6366,6314,0,6248,0,0,0,2017-04-19,32646000,6228,33,0,0,0,0,0,0,0,0,6230,6,0,0,0,0,0,0,0,0
492,2017-04-19,09:04:07,0,OI709,XZCE,6228,6200,6254,17242,1074826240,293368,294612,6686,6046,6366,6314,0,6248,0,0,0,2017-04-19,32647000,6228,27,0,0,0,0,0,0,0,0,6230,14,0,0,0,0,0,0,0,0
493,2017-04-19,09:04:07,0,OI709,XZCE,6228,6200,6254,17282,1077317440,293364,294612,6686,6046,6366,6314,0,6248,0,0,0,2017-04-19,32647000,6228,16,0,0,0,0,0,0,0,0,6230,13,0,0,0,0,0,0,0,0
494,2017-04-19,09:04:08,0,OI709,XZCE,6230,6200,6254,17288,1077691240,293366,294612,6686,6046,6366,6314,0,6248,0,0,0,2017-04-19,32648000,6228,17,0,0,0,0,0,0,0,0,6230,12,0,0,0,0,0,0,0,0
495,2017-04-19,09:04:08,0,OI709,XZCE,6228,6200,6254,17292,1077940360,293368,294612,6686,6046,6366,6314,0,6248,0,0,0,2017-04-19,32648000,6228,17,0,0,0,0,0,0,0,0,6230,11,0,0,0,0,0,0,0,0
496,2017-04-19,09:04:09,0,OI709,XZCE,6228,6200,6254,17292,1077940360,293368,294612,6686,6046,6366,6314,0,6248,0,0,0,2017-04-19,32649000,6228,17,0,0,0,0,0,0,0,0,6230,13,0,0,0,0,0,0,0,0
497,2017-04-19,09:04:09,0,OI709,XZCE,6228,6200,6254,17304,1078687720,293366,294612,6686,6046,6366,6314,0,6248,0,0,0,2017-04-19,32649000,6228,11,0,0,0,0,0,0,0,0,6230,13,0,0,0,0,0,0,0,0
498,2017-04-19,09:04:10,0,OI709,XZCE,6228,6200,6254,17308,1078936840,293368,294612,6686,6046,6366,6314,0,6248,0,0,0,2017-04-19,32650000,6228,11,0,0,0,0,0,0,0,0,6230,16,0,0,0,0,0,0,0,0
499,2017-04-19,09:04:10,0,OI709,XZCE,6230,6200,6254,17318,1079559840,293376,294612,6686,6046,6366,6314,0,6248,0,0,0,2017-04-19,32650000,6228,14,0,0,0,0,0,0,0,0,6230,17,0,0,0,0,0,0,0,0
500,2017-04-19,09:04:11,0,OI709,XZCE,6228,6200,6254,17344,1081179120,293370,294612,6686,6046,6366,6314,0,6248,0,0,0,2017-04-19,32651000,6228,8,0,0,0,0,0,0,0,0,6230,19,0,0,0,0,0,0,0,0
501,2017-04-19,09:04:11,0,OI709,XZCE,6228,6200,6254,17376,1083172080,293372,294612,6686,6046,6366,6314,0,6248,0,0,0,2017-04-19,32651000,6226,54,0,0,0,0,0,0,0,0,6228,12,0,0,0,0,0,0,0,0
502,2017-04-19,09:04:12,0,OI709,XZCE,6230,6200,6254,17402,1084791880,293372,294612,6686,6046,6366,6314,0,6248,0,0,0,2017-04-19,32652000,6228,6,0,0,0,0,0,0,0,0,6230,22,0,0,0,0,0,0,0,0
503,2017-04-19,09:04:12,0,OI709,XZCE,6228,6200,6254,17404,1084916440,293370,294612,6686,6046,6366,6314,0,6248,0,0,0,2017-04-19,32652000,6228,19,0,0,0,0,0,0,0,0,6230,22,0,0,0,0,0,0,0,0
504,2017-04-19,09:04:13,0,OI709,XZCE,6228,6200,6254,17444,1087407640,293396,294612,6686,6046,6366,6314,0,6248,0,0,0,2017-04-19,32653000,6226,62,0,0,0,0,0,0,0,0,6228,43,0,0,0,0,0,0,0,0
505,2017-04-19,09:04:13,0,OI709,XZCE,6228,6200,6254,17448,1087656760,293400,294612,6686,6046,6366,6314,0,6248,0,0,0,2017-04-19,32653000,6226,67,0,0,0,0,0,0,0,0,6228,52,0,0,0,0,0,0,0,0
506,2017-04-19,09:04:14,0,OI709,XZCE,6226,6200,6254,17562,1094754400,293502,294612,6686,6046,6366,6314,0,6248,0,0,0,2017-04-19,32654000,6224,14,0,0,0,0,0,0,0,0,6226,5,0,0,0,0,0,0,0,0
507,2017-04-19,09:04:14,0,OI709,XZCE,6224,6200,6254,17564,1094878880,293502,294612,6686,6046,6366,6314,0,6248,0,0,0,2017-04-19,32654000,6224,28,0,0,0,0,0,0,0,0,6226,21,0,0,0,0,0,0,0,0
508,2017-04-19,09:04:15,0,OI709,XZCE,6226,6200,6254,17576,1095626000,293494,294612,6686,6046,6366,6314,0,6248,0,0,0,2017-04-19,32655000,6224,34,0,0,0,0,0,0,0,0,6226,18,0,0,0,0,0,0,0,0
509,2017-04-19,09:04:15,0,OI709,XZCE,6224,6200,6254,17588,1096372880,293506,294612,6686,6046,6366,6314,0,6248,0,0,0,2017-04-19,32655000,6224,33,0,0,0,0,0,0,0,0,6226,12,0,0,0,0,0,0,0,0
510,2017-04-19,09:04:16,0,OI709,XZCE,6224,6200,6254,17596,1096870800,293508,294612,6686,6046,6366,6314,0,6248,0,0,0,2017-04-19,32656000,6224,34,0,0,0,0,0,0,0,0,6226,9,0,0,0,0,0,0,0,0
511,2017-04-19,09:04:16,0,OI709,XZCE,6228,6200,6254,17626,1098739200,293498,294612,6686,6046,6366,6314,0,6248,0,0,0,2017-04-19,32656000,6226,10,0,0,0,0,0,0,0,0,6228,24,0,0,0,0,0,0,0,0
512,2017-04-19,09:04:17,0,OI709,XZCE,6228,6200,6254,17630,1098988320,293498,294612,6686,6046,6366,6314,0,6248,0,0,0,2017-04-19,32657000,6226,43,0,0,0,0,0,0,0,0,6228,23,0,0,0,0,0,0,0,0
513,2017-04-19,09:04:17,0,OI709,XZCE,6226,6200,6254,17636,1099361880,293494,294612,6686,6046,6366,6314,0,6248,0,0,0,2017-04-19,32657000,6226,42,0,0,0,0,0,0,0,0,6228,23,0,0,0,0,0,0,0,0
514,2017-04-19,09:04:18,0,OI709,XZCE,6226,6200,6254,17638,1099486400,293494,294612,6686,6046,6366,6314,0,6248,0,0,0,2017-04-19,32658000,6226,42,0,0,0,0,0,0,0,0,6228,153,0,0,0,0,0,0,0,0
515,2017-04-19,09:04:18,0,OI709,XZCE,6226,6200,6254,17638,1099486400,293494,294612,6686,6046,6366,6314,0,6248,0,0,0,2017-04-19,32658000,6226,42,0,0,0,0,0,0,0,0,6228,145,0,0,0,0,0,0,0,0
516,2017-04-19,09:04:19,0,OI709,XZCE,6226,6200,6254,17722,1104716240,293482,294612,6686,6046,6366,6314,0,6248,0,0,0,2017-04-19,32659000,6224,39,0,0,0,0,0,0,0,0,6226,13,0,0,0,0,0,0,0,0
517,2017-04-19,09:04:19,0,OI709,XZCE,6226,6200,6254,17724,1104840760,293482,294612,6686,6046,6366,6314,0,6248,0,0,0,2017-04-19,32659000,6224,38,0,0,0,0,0,0,0,0,6226,12,0,0,0,0,0,0,0,0
518,2017-04-19,09:04:20,0,OI709,XZCE,6224,6200,6254,17734,1105463160,293482,294612,6686,6046,6366,6314,0,6248,0,0,0,2017-04-19,32660000,6224,34,0,0,0,0,0,0,0,0,6226,20,0,0,0,0,0,0,0,0
519,2017-04-19,09:04:20,0,OI709,XZCE,6226,6200,6254,17736,1105587680,293482,294612,6686,6046,6366,6314,0,6248,0,0,0,2017-04-19,32660000,6224,34,0,0,0,0,0,0,0,0,6226,20,0,0,0,0,0,0,0,0
520,2017-04-19,09:04:21,0,OI709,XZCE,6226,6200,6254,17746,1106210280,293482,294612,6686,6046,6366,6314,0,6248,0,0,0,2017-04-19,32661000,6224,34,0,0,0,0,0,0,0,0,6226,15,0,0,0,0,0,0,0,0
521,2017-04-19,09:04:21,0,OI709,XZCE,6226,6200,6254,17746,1106210280,293482,294612,6686,6046,6366,6314,0,6248,0,0,0,2017-04-19,32661000,6224,34,0,0,0,0,0,0,0,0,6226,16,0,0,0,0,0,0,0,0
522,2017-04-19,09:04:22,0,OI709,XZCE,6226,6200,6254,17760,1107081920,293488,294612,6686,6046,6366,6314,0,6248,0,0,0,2017-04-19,32662000,6224,33,0,0,0,0,0,0,0,0,6226,15,0,0,0,0,0,0,0,0
523,2017-04-19,09:04:22,0,OI709,XZCE,6226,6200,6254,17770,1107704520,293486,294612,6686,6046,6366,6314,0,6248,0,0,0,2017-04-19,32662000,6224,33,0,0,0,0,0,0,0,0,6226,10,0,0,0,0,0,0,0,0
524,2017-04-19,09:04:23,0,OI709,XZCE,6226,6200,6254,17776,1108078080,293486,294612,6686,6046,6366,6314,0,6248,0,0,0,2017-04-19,32663000,6224,34,0,0,0,0,0,0,0,0,6226,8,0,0,0,0,0,0,0,0
525,2017-04-19,09:04:23,0,OI709,XZCE,6226,6200,6254,17792,1109074240,293482,294612,6686,6046,6366,6314,0,6248,0,0,0,2017-04-19,32663000,6224,34,0,0,0,0,0,0,0,0,6226,4,0,0,0,0,0,0,0,0
526,2017-04-19,09:04:24,0,OI709,XZCE,6226,6200,6254,17818,1110693000,293472,294612,6686,6046,6366,6314,0,6248,0,0,0,2017-04-19,32664000,6226,13,0,0,0,0,0,0,0,0,6228,145,0,0,0,0,0,0,0,0
527,2017-04-19,09:04:24,0,OI709,XZCE,6228,6200,6254,18110,1128878760,293314,294612,6686,6046,6366,6314,0,6248,0,0,0,2017-04-19,32664000,6228,50,0,0,0,0,0,0,0,0,6230,23,0,0,0,0,0,0,0,0
528,2017-04-19,09:04:25,0,OI709,XZCE,6230,6200,6254,18162,1132118360,293302,294612,6686,6046,6366,6314,0,6248,0,0,0,2017-04-19,32665000,6230,28,0,0,0,0,0,0,0,0,6232,18,0,0,0,0,0,0,0,0
529,2017-04-19,09:04:25,0,OI709,XZCE,6230,6200,6254,18216,1135482560,293266,294612,6686,6046,6366,6314,0,6248,0,0,0,2017-04-19,32665000,6230,7,0,0,0,0,0,0,0,0,6232,17,0,0,0,0,0,0,0,0
530,2017-04-19,09:04:26,0,OI709,XZCE,6228,6200,6254,18296,1140464960,293222,294612,6686,6046,6366,6314,0,6248,0,0,0,2017-04-19,32666000,6228,32,0,0,0,0,0,0,0,0,6230,17,0,0,0,0,0,0,0,0
531,2017-04-19,09:04:26,0,OI709,XZCE,6230,6200,6254,18306,1141087960,293228,294612,6686,6046,6366,6314,0,6248,0,0,0,2017-04-19,32666000,6228,35,0,0,0,0,0,0,0,0,6230,12,0,0,0,0,0,0,0,0
532,2017-04-19,09:04:27,0,OI709,XZCE,6230,6200,6254,18306,1141087960,293228,294612,6686,6046,6366,6314,0,6248,0,0,0,2017-04-19,32667000,6228,35,0,0,0,0,0,0,0,0,6230,13,0,0,0,0,0,0,0,0
533,2017-04-19,09:04:27,0,OI709,XZCE,6230,6200,6254,18306,1141087960,293228,294612,6686,6046,6366,6314,0,6248,0,0,0,2017-04-19,32667000,6228,25,0,0,0,0,0,0,0,0,6230,14,0,0,0,0,0,0,0,0
534,2017-04-19,09:04:28,0,OI709,XZCE,6228,6200,6254,18308,1141212520,293226,294612,6686,6046,6366,6314,0,6248,0,0,0,2017-04-19,32668000,6228,25,0,0,0,0,0,0,0,0,6230,22,0,0,0,0,0,0,0,0
535,2017-04-19,09:04:28,0,OI709,XZCE,6230,6200,6254,18320,1141960120,293234,294612,6686,6046,6366,6314,0,6248,0,0,0,2017-04-19,32668000,6228,24,0,0,0,0,0,0,0,0,6230,18,0,0,0,0,0,0,0,0
536,2017-04-19,09:04:29,0,OI709,XZCE,6228,6200,6254,18344,1143454840,293230,294612,6686,6046,6366,6314,0,6248,0,0,0,2017-04-19,32669000,6228,32,0,0,0,0,0,0,0,0,6230,18,0,0,0,0,0,0,0,0
537,2017-04-19,09:04:29,0,OI709,XZCE,6228,6200,6254,18406,1147316200,293208,294612,6686,6046,6366,6314,0,6248,0,0,0,2017-04-19,32669000,6226,34,0,0,0,0,0,0,0,0,6230,38,0,0,0,0,0,0,0,0
538,2017-04-19,09:04:30,0,OI709,XZCE,6228,6200,6254,18406,1147316200,293208,294612,6686,6046,6366,6314,0,6248,0,0,0,2017-04-19,32670000,6226,34,0,0,0,0,0,0,0,0,6228,3,0,0,0,0,0,0,0,0
539,2017-04-19,09:04:30,0,OI709,XZCE,6228,6200,6254,18406,1147316200,293208,294612,6686,6046,6366,6314,0,6248,0,0,0,2017-04-19,32670000,6226,34,0,0,0,0,0,0,0,0,6228,7,0,0,0,0,0,0,0,0
540,2017-04-19,09:04:31,0,OI709,XZCE,6226,6200,6254,18526,1154787400,293118,294612,6686,6046,6366,6314,0,6248,0,0,0,2017-04-19,32671000,6226,23,0,0,0,0,0,0,0,0,6228,11,0,0,0,0,0,0,0,0
541,2017-04-19,09:04:32,0,OI709,XZCE,6230,6200,6254,18578,1158027000,293142,294612,6686,6046,6366,6314,0,6248,0,0,0,2017-04-19,32672000,6226,28,0,0,0,0,0,0,0,0,6228,5,0,0,0,0,0,0,0,0
542,2017-04-19,09:04:32,0,OI709,XZCE,6226,6200,6254,18588,1158649600,293132,294612,6686,6046,6366,6314,0,6248,0,0,0,2017-04-19,32672000,6226,39,0,0,0,0,0,0,0,0,6228,11,0,0,0,0,0,0,0,0
543,2017-04-19,09:04:33,0,OI709,XZCE,6228,6200,6254,18592,1158898720,293134,294612,6686,6046,6366,6314,0,6248,0,0,0,2017-04-19,32673000,6226,41,0,0,0,0,0,0,0,0,6228,9,0,0,0,0,0,0,0,0
544,2017-04-19,09:04:33,0,OI709,XZCE,6228,6200,6254,18592,1158898720,293134,294612,6686,6046,6366,6314,0,6248,0,0,0,2017-04-19,32673000,6226,41,0,0,0,0,0,0,0,0,6228,11,0,0,0,0,0,0,0,0
545,2017-04-19,09:04:34,0,OI709,XZCE,6226,6200,6254,18594,1159023240,293134,294612,6686,6046,6366,6314,0,6248,0,0,0,2017-04-19,32674000,6226,25,0,0,0,0,0,0,0,0,6228,13,0,0,0,0,0,0,0,0
546,2017-04-19,09:04:34,0,OI709,XZCE,6226,6200,6254,18596,1159147760,293132,294612,6686,6046,6366,6314,0,6248,0,0,0,2017-04-19,32674000,6226,40,0,0,0,0,0,0,0,0,6228,15,0,0,0,0,0,0,0,0
