,dataDate,dataTime,dataMillisec,instrumentID,exchangeCD,lastPrice,lowPrice,highPrice,volume,value,openInterest,preOpenInterest,upperLimitPrice,lowerLimitPrice,preSettlementPrice,prevClosePrice,settlementPrice,openPrice,closePrice,preDelta,currDelta,clearingDay,milliSecOffset,bidPrice1,bidVolume1,bidPrice2,bidVolume2,bidPrice3,bidVolume3,bidPrice4,bidVolume4,bidPrice5,bidVolume5,askPrice1,askVolume1,askPrice2,askVolume2,askPrice3,askVolume3,askPrice4,askVolume4,askPrice5,askVolume5
0,2017-04-19,08:59:00,311,pp1709,XDCE,7660,7660,7660,836,32018800,540490,540702,8033,7269,7651,7687,0,7660,0,0,0,2017-04-19,32340311,7660,5,0,0,0,0,0,0,0,0,7665,12,0,0,0,0,0,0,0,0
1,2017-04-19,09:00:00,569,pp1709,XDCE,7659,7651,7660,946,36229560,540466,540702,8033,7269,7651,7687,0,7660,0,0,0,2017-04-19,32400569,7651,43,0,0,0,0,0,0,0,0,7659,2,0,0,0,0,0,0,0,0
2,2017-04-19,09:00:01,72,pp1709,XDCE,7640,7640,7660,1314,50304950,540370,540702,8033,7269,7651,7687,0,7660,0,0,0,2017-04-19,32401072,7639,3,0,0,0,0,0,0,0,0,7640,129,0,0,0,0,0,0,0,0
3,2017-04-19,09:00:01,573,pp1709,XDCE,7640,7632,7660,1724,65960090,540302,540702,8033,7269,7651,7687,0,7660,0,0,0,2017-04-19,32401573,7633,5,0,0,0,0,0,0,0,0,7639,1,0,0,0,0,0,0,0,0
4,2017-04-19,09:00:02,62,pp1709,XDCE,7633,7630,7660,1840,70387430,540278,540702,8033,7269,7651,7687,0,7660,0,0,0,2017-04-19,32402062,7631,62,0,0,0,0,0,0,0,0,7638,38,0,0,0,0,0,0,0,0
5,2017-04-19,09:00:02,579,pp1709,XDCE,7632,7630,7660,1948,74509830,540250,540702,8033,7269,7651,7687,0,7660,0,0,0,2017-04-19,32402579,7632,5,0,0,0,0,0,0,0,0,7637,4,0,0,0,0,0,0,0,0
6,2017-04-19,09:00:03,78,pp1709,XDCE,7630,7630,7660,2152,82296440,540152,540702,8033,7269,7651,7687,0,7660,0,0,0,2017-04-19,32403078,7633,2,0,0,0,0,0,0,0,0,7636,2,0,0,0,0,0,0,0,0
7,2017-04-19,09:00:03,558,pp1709,XDCE,7623,7623,7660,2292,87638140,540094,540702,8033,7269,7651,7687,0,7660,0,0,0,2017-04-19,32403558,7622,16,0,0,0,0,0,0,0,0,7631,25,0,0,0,0,0,0,0,0
8,2017-04-19,09:00:04,77,pp1709,XDCE,7603,7603,7660,2680,102414900,539856,540702,8033,7269,7651,7687,0,7660,0,0,0,2017-04-19,32404077,7602,35,0,0,0,0,0,0,0,0,7622,28,0,0,0,0,0,0,0,0
9,2017-04-19,09:00:04,541,pp1709,XDCE,7603,7603,7660,3074,117407530,539874,540702,8033,7269,7651,7687,0,7660,0,0,0,2017-04-19,32404541,7602,35,0,0,0,0,0,0,0,0,7612,5,0,0,0,0,0,0,0,0
10,2017-04-19,09:00:05,51,pp1709,XDCE,7610,7603,7660,3290,125630470,539806,540702,8033,7269,7651,7687,0,7660,0,0,0,2017-04-19,32405051,7605,2,0,0,0,0,0,0,0,0,7610,33,0,0,0,0,0,0,0,0
11,2017-04-19,09:00:05,577,pp1709,XDCE,7610,7603,7660,3624,138341370,539618,540702,8033,7269,7651,7687,0,7660,0,0,0,2017-04-19,32405577,7610,1,0,0,0,0,0,0,0,0,7619,7,0,0,0,0,0,0,0,0
12,2017-04-19,09:00:06,75,pp1709,XDCE,7613,7603,7660,3782,144357430,539584,540702,8033,7269,7651,7687,0,7660,0,0,0,2017-04-19,32406075,7613,2,0,0,0,0,0,0,0,0,7620,1,0,0,0,0,0,0,0,0
13,2017-04-19,09:00:06,565,pp1709,XDCE,7622,7603,7660,3830,146186610,539540,540702,8033,7269,7651,7687,0,7660,0,0,0,2017-04-19,32406565,7621,6,0,0,0,0,0,0,0,0,7622,13,0,0,0,0,0,0,0,0
14,2017-04-19,09:00:07,66,pp1709,XDCE,7610,7603,7660,4098,156394970,539536,540702,8033,7269,7651,7687,0,7660,0,0,0,2017-04-19,32407066,7609,69,0,0,0,0,0,0,0,0,7610,45,0,0,0,0,0,0,0,0
15,2017-04-19,09:00:07,562,pp1709,XDCE,7612,7603,7660,4300,164084430,539422,540702,8033,7269,7651,7687,0,7660,0,0,0,2017-04-19,32407562,7612,3,0,0,0,0,0,0,0,0,7615,1,0,0,0,0,0,0,0,0
16,2017-04-19,09:00:08,79,pp1709,XDCE,7619,7603,7660,4350,165988720,539382,540702,8033,7269,7651,7687,0,7660,0,0,0,2017-04-19,32408079,7612,4,0,0,0,0,0,0,0,0,7619,2,0,0,0,0,0,0,0,0
17,2017-04-19,09:00:08,536,pp1709,XDCE,7618,7603,7660,4400,167893120,539358,540702,8033,7269,7651,7687,0,7660,0,0,0,2017-04-19,32408536,7615,8,0,0,0,0,0,0,0,0,7619,6,0,0,0,0,0,0,0,0
18,2017-04-19,09:00:09,75,pp1709,XDCE,7621,7603,7660,4488,171245620,539306,540702,8033,7269,7651,7687,0,7660,0,0,0,2017-04-19,32409075,7619,27,0,0,0,0,0,0,0,0,7621,129,0,0,0,0,0,0,0,0
19,2017-04-19,09:00:09,567,pp1709,XDCE,7619,7603,7660,4540,173226660,539310,540702,8033,7269,7651,7687,0,7660,0,0,0,2017-04-19,32409567,7619,8,0,0,0,0,0,0,0,0,7621,125,0,0,0,0,0,0,0,0
20,2017-04-19,09:00:10,67,pp1709,XDCE,7620,7603,7660,4576,174598080,539308,540702,8033,7269,7651,7687,0,7660,0,0,0,2017-04-19,32410067,7615,13,0,0,0,0,0,0,0,0,7620,10,0,0,0,0,0,0,0,0
21,2017-04-19,09:00:10,573,pp1709,XDCE,7619,7603,7660,4618,176198070,539270,540702,8033,7269,7651,7687,0,7660,0,0,0,2017-04-19,32410573,7617,3,0,0,0,0,0,0,0,0,7619,5,0,0,0,0,0,0,0,0
22,2017-04-19,09:00:11,57,pp1709,XDCE,7621,7603,7660,4686,178788950,539308,540702,8033,7269,7651,7687,0,7660,0,0,0,2017-04-19,32411057,7618,1,0,0,0,0,0,0,0,0,7621,95,0,0,0,0,0,0,0,0
23,2017-04-19,09:00:11,571,pp1709,XDCE,7621,7603,7660,4760,181608720,539308,540702,8033,7269,7651,7687,0,7660,0,0,0,2017-04-19,32411571,7620,7,0,0,0,0,0,0,0,0,7621,58,0,0,0,0,0,0,0,0
24,2017-04-19,09:00:12,69,pp1709,XDCE,7621,7603,7660,4878,186105110,539318,540702,8033,7269,7651,7687,0,7660,0,0,0,2017-04-19,32412069,7621,3,0,0,0,0,0,0,0,0,7622,2,0,0,0,0,0,0,0,0
25,2017-04-19,09:00:12,577,pp1709,XDCE,7622,7603,7660,4910,187324450,539310,540702,8033,7269,7651,7687,0,7660,0,0,0,2017-04-19,32412577,7622,1,0,0,0,0,0,0,0,0,7623,94,0,0,0,0,0,0,0,0
26,2017-04-19,09:00:13,36,pp1709,XDCE,7623,7603,7660,4966,189458760,539300,540702,8033,7269,7651,7687,0,7660,0,0,0,2017-04-19,32413036,7621,18,0,0,0,0,0,0,0,0,7623,75,0,0,0,0,0,0,0,0
27,2017-04-19,09:00:13,560,pp1709,XDCE,7623,7603,7660,5032,191974200,539322,540702,8033,7269,7651,7687,0,7660,0,0,0,2017-04-19,32413560,7621,13,0,0,0,0,0,0,0,0,7623,51,0,0,0,0,0,0,0,0
28,2017-04-19,09:00:14,35,pp1709,XDCE,7623,7603,7660,5132,195785360,539292,540702,8033,7269,7651,7687,0,7660,0,0,0,2017-04-19,32414035,7621,6,0,0,0,0,0,0,0,0,7623,20,0,0,0,0,0,0,0,0
29,2017-04-19,09:00:14,576,pp1709,XDCE,7624,7603,7660,5198,198301150,539276,540702,8033,7269,7651,7687,0,7660,0,0,0,2017-04-19,32414576,7624,9,0,0,0,0,0,0,0,0,7629,22,0,0,0,0,0,0,0,0
30,2017-04-19,09:00:15,54,pp1709,XDCE,7623,7603,7660,5292,201884020,539222,540702,8033,7269,7651,7687,0,7660,0,0,0,2017-04-19,32415054,7621,1,0,0,0,0,0,0,0,0,7623,4,0,0,0,0,0,0,0,0
31,2017-04-19,09:00:15,575,pp1709,XDCE,7623,7603,7660,5328,203256030,539206,540702,8033,7269,7651,7687,0,7660,0,0,0,2017-04-19,32415575,7620,16,0,0,0,0,0,0,0,0,7624,202,0,0,0,0,0,0,0,0
32,2017-04-19,09:00:16,74,pp1709,XDCE,7624,7603,7660,5350,204094610,539216,540702,8033,7269,7651,7687,0,7660,0,0,0,2017-04-19,32416074,7621,1,0,0,0,0,0,0,0,0,7624,197,0,0,0,0,0,0,0,0
33,2017-04-19,09:00:16,535,pp1709,XDCE,7621,7603,7660,5402,206075940,539210,540702,8033,7269,7651,7687,0,7660,0,0,0,2017-04-19,32416535,7621,14,0,0,0,0,0,0,0,0,7623,6,0,0,0,0,0,0,0,0
34,2017-04-19,09:00:17,35,pp1709,XDCE,7623,7603,7660,5472,208744120,539182,540702,8033,7269,7651,7687,0,7660,0,0,0,2017-04-19,32417035,7623,30,0,0,0,0,0,0,0,0,7624,182,0,0,0,0,0,0,0,0
35,2017-04-19,09:00:17,573,pp1709,XDCE,7624,7603,7660,5514,210344970,539166,540702,8033,7269,7651,7687,0,7660,0,0,0,2017-04-19,32417573,7623,11,0,0,0,0,0,0,0,0,7624,180,0,0,0,0,0,0,0,0
36,2017-04-19,09:00:18,71,pp1709,XDCE,7624,7603,7660,5640,215148020,539172,540702,8033,7269,7651,7687,0,7660,0,0,0,2017-04-19,32418071,7623,5,0,0,0,0,0,0,0,0,7624,124,0,0,0,0,0,0,0,0
37,2017-04-19,09:00:18,579,pp1709,XDCE,7623,7603,7660,5662,215986590,539180,540702,8033,7269,7651,7687,0,7660,0,0,0,2017-04-19,32418579,7622,2,0,0,0,0,0,0,0,0,7623,3,0,0,0,0,0,0,0,0
38,2017-04-19,09:00:19,35,pp1709,XDCE,7624,7603,7660,5876,224144090,539386,540702,8033,7269,7651,7687,0,7660,0,0,0,2017-04-19,32419035,7621,2,0,0,0,0,0,0,0,0,7622,1,0,0,0,0,0,0,0,0
39,2017-04-19,09:00:19,535,pp1709,XDCE,7622,7603,7660,5918,225744630,539366,540702,8033,7269,7651,7687,0,7660,0,0,0,2017-04-19,32419535,7620,4,0,0,0,0,0,0,0,0,7622,5,0,0,0,0,0,0,0,0
40,2017-04-19,09:00:20,76,pp1709,XDCE,7623,7603,7660,5930,226201960,539368,540702,8033,7269,7651,7687,0,7660,0,0,0,2017-04-19,32420076,7622,2,0,0,0,0,0,0,0,0,7623,2,0,0,0,0,0,0,0,0
41,2017-04-19,09:00:20,577,pp1709,XDCE,7622,7603,7660,6008,229174860,539378,540702,8033,7269,7651,7687,0,7660,0,0,0,2017-04-19,32420577,7622,5,0,0,0,0,0,0,0,0,7624,24,0,0,0,0,0,0,0,0
42,2017-04-19,09:00:21,30,pp1709,XDCE,7623,7603,7660,6062,231233320,539370,540702,8033,7269,7651,7687,0,7660,0,0,0,2017-04-19,32421030,7623,42,0,0,0,0,0,0,0,0,7628,6,0,0,0,0,0,0,0,0
43,2017-04-19,09:00:21,555,pp1709,XDCE,7627,7603,7660,6076,231767180,539370,540702,8033,7269,7651,7687,0,7660,0,0,0,2017-04-19,32421555,7628,1,0,0,0,0,0,0,0,0,7629,5,0,0,0,0,0,0,0,0
44,2017-04-19,09:00:22,79,pp1709,XDCE,7624,7603,7660,6136,234054700,539368,540702,8033,7269,7651,7687,0,7660,0,0,0,2017-04-19,32422079,7624,17,0,0,0,0,0,0,0,0,7627,3,0,0,0,0,0,0,0,0
45,2017-04-19,09:00:22,518,pp1709,XDCE,7623,7603,7660,6204,236646780,539350,540702,8033,7269,7651,7687,0,7660,0,0,0,2017-04-19,32422518,7623,35,0,0,0,0,0,0,0,0,7624,1,0,0,0,0,0,0,0,0
46,2017-04-19,09:00:22,954,pp1709,XDCE,7623,7603,7660,6226,237485370,539342,540702,8033,7269,7651,7687,0,7660,0,0,0,2017-04-19,32422954,7623,30,0,0,0,0,0,0,0,0,7624,4,0,0,0,0,0,0,0,0
47,2017-04-19,09:00:23,504,pp1709,XDCE,7623,7603,7660,6376,243203230,539360,540702,8033,7269,7651,7687,0,7660,0,0,0,2017-04-19,32423504,7621,7,0,0,0,0,0,0,0,0,7623,47,0,0,0,0,0,0,0,0
48,2017-04-19,09:00:24,79,pp1709,XDCE,7624,7603,7660,6614,252275040,539232,540702,8033,7269,7651,7687,0,7660,0,0,0,2017-04-19,32424079,7624,31,0,0,0,0,0,0,0,0,7628,20,0,0,0,0,0,0,0,0
49,2017-04-19,09:00:24,580,pp1709,XDCE,7628,7603,7660,6716,256164380,539166,540702,8033,7269,7651,7687,0,7660,0,0,0,2017-04-19,32424580,7624,12,0,0,0,0,0,0,0,0,7628,4,0,0,0,0,0,0,0,0
50,2017-04-19,09:00:25,71,pp1709,XDCE,7625,7603,7660,6740,257079440,539152,540702,8033,7269,7651,7687,0,7660,0,0,0,2017-04-19,32425071,7626,1,0,0,0,0,0,0,0,0,7630,33,0,0,0,0,0,0,0,0
51,2017-04-19,09:00:25,534,pp1709,XDCE,7628,7603,7660,6746,257308220,539148,540702,8033,7269,7651,7687,0,7660,0,0,0,2017-04-19,32425534,7625,2,0,0,0,0,0,0,0,0,7629,6,0,0,0,0,0,0,0,0
52,2017-04-19,09:00:26,35,pp1709,XDCE,7625,7603,7660,6778,258528130,539144,540702,8033,7269,7651,7687,0,7660,0,0,0,2017-04-19,32426035,7624,81,0,0,0,0,0,0,0,0,7625,95,0,0,0,0,0,0,0,0
53,2017-04-19,09:00:26,503,pp1709,XDCE,7624,7603,7660,6962,265542110,538988,540702,8033,7269,7651,7687,0,7660,0,0,0,2017-04-19,32426503,7623,1,0,0,0,0,0,0,0,0,7624,46,0,0,0,0,0,0,0,0
54,2017-04-19,09:00:27,62,pp1709,XDCE,7620,7603,7660,7038,268438010,538990,540702,8033,7269,7651,7687,0,7660,0,0,0,2017-04-19,32427062,7620,5,0,0,0,0,0,0,0,0,7624,8,0,0,0,0,0,0,0,0
55,2017-04-19,09:00:27,566,pp1709,XDCE,7623,7603,7660,7040,268514240,538990,540702,8033,7269,7651,7687,0,7660,0,0,0,2017-04-19,32427566,7621,1,0,0,0,0,0,0,0,0,7623,7,0,0,0,0,0,0,0,0
56,2017-04-19,09:00:27,954,pp1709,XDCE,7624,7603,7660,7154,272859780,539022,540702,8033,7269,7651,7687,0,7660,0,0,0,2017-04-19,32427954,7624,52,0,0,0,0,0,0,0,0,7625,96,0,0,0,0,0,0,0,0
57,2017-04-19,09:00:28,562,pp1709,XDCE,7624,7603,7660,7266,277129190,539024,540702,8033,7269,7651,7687,0,7660,0,0,0,2017-04-19,32428562,7621,1,0,0,0,0,0,0,0,0,7623,2,0,0,0,0,0,0,0,0
58,2017-04-19,09:00:29,36,pp1709,XDCE,7623,7603,7660,7280,277662660,539024,540702,8033,7269,7651,7687,0,7660,0,0,0,2017-04-19,32429036,7620,24,0,0,0,0,0,0,0,0,7624,20,0,0,0,0,0,0,0,0
59,2017-04-19,09:00:29,554,pp1709,XDCE,7617,7603,7660,7340,279948660,539028,540702,8033,7269,7651,7687,0,7660,0,0,0,2017-04-19,32429554,7617,5,0,0,0,0,0,0,0,0,7619,6,0,0,0,0,0,0,0,0
60,2017-04-19,09:00:30,70,pp1709,XDCE,7619,7603,7660,7448,284063260,539026,540702,8033,7269,7651,7687,0,7660,0,0,0,2017-04-19,32430070,7617,3,0,0,0,0,0,0,0,0,7620,35,0,0,0,0,0,0,0,0
61,2017-04-19,09:00:30,530,pp1709,XDCE,7617,7603,7660,7528,287111200,539032,540702,8033,7269,7651,7687,0,7660,0,0,0,2017-04-19,32430530,7620,20,0,0,0,0,0,0,0,0,7621,11,0,0,0,0,0,0,0,0
62,2017-04-19,09:00:31,34,pp1709,XDCE,7624,7603,7660,7626,290846340,539000,540702,8033,7269,7651,7687,0,7660,0,0,0,2017-04-19,32431034,7624,72,0,0,0,0,0,0,0,0,7625,99,0,0,0,0,0,0,0,0
63,2017-04-19,09:00:31,531,pp1709,XDCE,7624,7603,7660,7846,299232130,538822,540702,8033,7269,7651,7687,0,7660,0,0,0,2017-04-19,32431531,7620,49,0,0,0,0,0,0,0,0,7624,14,0,0,0,0,0,0,0,0
64,2017-04-19,09:00:32,70,pp1709,XDCE,7624,7603,7660,7868,300070770,538840,540702,8033,7269,7651,7687,0,7660,0,0,0,2017-04-19,32432070,7621,2,0,0,0,0,0,0,0,0,7624,4,0,0,0,0,0,0,0,0
65,2017-04-19,09:00:32,474,pp1709,XDCE,7620,7603,7660,7992,304795130,538840,540702,8033,7269,7651,7687,0,7660,0,0,0,2017-04-19,32432474,7617,1,0,0,0,0,0,0,0,0,7620,43,0,0,0,0,0,0,0,0
66,2017-04-19,09:00:33,78,pp1709,XDCE,7615,7603,7660,8052,307080430,538844,540702,8033,7269,7651,7687,0,7660,0,0,0,2017-04-19,32433078,7615,15,0,0,0,0,0,0,0,0,7619,3,0,0,0,0,0,0,0,0
67,2017-04-19,09:00:33,557,pp1709,XDCE,7620,7603,7660,8060,307385200,538840,540702,8033,7269,7651,7687,0,7660,0,0,0,2017-04-19,32433557,7619,3,0,0,0,0,0,0,0,0,7620,32,0,0,0,0,0,0,0,0
68,2017-04-19,09:00:34,50,pp1709,XDCE,7618,7603,7660,8090,308527800,538834,540702,8033,7269,7651,7687,0,7660,0,0,0,2017-04-19,32434050,7615,14,0,0,0,0,0,0,0,0,7617,1,0,0,0,0,0,0,0,0
69,2017-04-19,09:00:34,526,pp1709,XDCE,7617,7603,7660,8184,312108510,538796,540702,8033,7269,7651,7687,0,7660,0,0,0,2017-04-19,32434526,7619,3,0,0,0,0,0,0,0,0,7620,37,0,0,0,0,0,0,0,0
70,2017-04-19,09:00:35,38,pp1709,XDCE,7620,7603,7660,8298,316451780,538764,540702,8033,7269,7651,7687,0,7660,0,0,0,2017-04-19,32435038,7620,2,0,0,0,0,0,0,0,0,7621,6,0,0,0,0,0,0,0,0
71,2017-04-19,09:00:35,535,pp1709,XDCE,7620,7603,7660,8346,318280630,538734,540702,8033,7269,7651,7687,0,7660,0,0,0,2017-04-19,32435535,7620,26,0,0,0,0,0,0,0,0,7621,1,0,0,0,0,0,0,0,0
72,2017-04-19,09:00:35,983,pp1709,XDCE,7620,7603,7660,8526,325138860,538730,540702,8033,7269,7651,7687,0,7660,0,0,0,2017-04-19,32435983,7618,1,0,0,0,0,0,0,0,0,7620,38,0,0,0,0,0,0,0,0
73,2017-04-19,09:00:36,570,pp1709,XDCE,7620,7603,7660,8568,326739060,538730,540702,8033,7269,7651,7687,0,7660,0,0,0,2017-04-19,32436570,7618,49,0,0,0,0,0,0,0,0,7620,32,0,0,0,0,0,0,0,0
74,2017-04-19,09:00:37,79,pp1709,XDCE,7620,7603,7660,8674,330777700,538722,540702,8033,7269,7651,7687,0,7660,0,0,0,2017-04-19,32437079,7620,10,0,0,0,0,0,0,0,0,7622,7,0,0,0,0,0,0,0,0
75,2017-04-19,09:00:37,549,pp1709,XDCE,7623,7603,7660,8786,335045330,538668,540702,8033,7269,7651,7687,0,7660,0,0,0,2017-04-19,32437549,7623,13,0,0,0,0,0,0,0,0,7624,11,0,0,0,0,0,0,0,0
76,2017-04-19,09:00:38,77,pp1709,XDCE,7620,7603,7660,8884,338779660,538614,540702,8033,7269,7651,7687,0,7660,0,0,0,2017-04-19,32438077,7620,151,0,0,0,0,0,0,0,0,7622,2,0,0,0,0,0,0,0,0
77,2017-04-19,09:00:38,522,pp1709,XDCE,7620,7603,7660,8918,340075170,538622,540702,8033,7269,7651,7687,0,7660,0,0,0,2017-04-19,32438522,7620,146,0,0,0,0,0,0,0,0,7623,22,0,0,0,0,0,0,0,0
78,2017-04-19,09:00:39,60,pp1709,XDCE,7620,7603,7660,9122,347847570,538624,540702,8033,7269,7651,7687,0,7660,0,0,0,2017-04-19,32439060,7621,3,0,0,0,0,0,0,0,0,7622,5,0,0,0,0,0,0,0,0
79,2017-04-19,09:00:39,548,pp1709,XDCE,7622,7603,7660,9180,350057500,538628,540702,8033,7269,7651,7687,0,7660,0,0,0,2017-04-19,32439548,7621,92,0,0,0,0,0,0,0,0,7622,1,0,0,0,0,0,0,0,0
80,2017-04-19,09:00:40,12,pp1709,XDCE,7621,7603,7660,9218,351505530,538658,540702,8033,7269,7651,7687,0,7660,0,0,0,2017-04-19,32440012,7621,76,0,0,0,0,0,0,0,0,7623,31,0,0,0,0,0,0,0,0
81,2017-04-19,09:00:40,571,pp1709,XDCE,7621,7603,7660,9376,357526130,538812,540702,8033,7269,7651,7687,0,7660,0,0,0,2017-04-19,32440571,7620,120,0,0,0,0,0,0,0,0,7621,32,0,0,0,0,0,0,0,0
82,2017-04-19,09:00:41,60,pp1709,XDCE,7620,7603,7660,9634,367355980,538604,540702,8033,7269,7651,7687,0,7660,0,0,0,2017-04-19,32441060,7619,21,0,0,0,0,0,0,0,0,7620,7,0,0,0,0,0,0,0,0
83,2017-04-19,09:00:41,543,pp1709,XDCE,7621,7603,7660,9666,368575090,538596,540702,8033,7269,7651,7687,0,7660,0,0,0,2017-04-19,32441543,7619,11,0,0,0,0,0,0,0,0,7621,36,0,0,0,0,0,0,0,0
84,2017-04-19,09:00:42,49,pp1709,XDCE,7619,7603,7660,9762,372231800,538586,540702,8033,7269,7651,7687,0,7660,0,0,0,2017-04-19,32442049,7617,31,0,0,0,0,0,0,0,0,7619,28,0,0,0,0,0,0,0,0
85,2017-04-19,09:00:42,547,pp1709,XDCE,7615,7603,7660,9860,375963950,538520,540702,8033,7269,7651,7687,0,7660,0,0,0,2017-04-19,32442547,7615,111,0,0,0,0,0,0,0,0,7617,25,0,0,0,0,0,0,0,0
86,2017-04-19,09:00:43,74,pp1709,XDCE,7616,7603,7660,9954,379543080,538448,540702,8033,7269,7651,7687,0,7660,0,0,0,2017-04-19,32443074,7615,69,0,0,0,0,0,0,0,0,7616,2,0,0,0,0,0,0,0,0
87,2017-04-19,09:00:43,549,pp1709,XDCE,7616,7603,7660,10016,381903760,538410,540702,8033,7269,7651,7687,0,7660,0,0,0,2017-04-19,32443549,7615,41,0,0,0,0,0,0,0,0,7616,5,0,0,0,0,0,0,0,0
88,2017-04-19,09:00:44,41,pp1709,XDCE,7616,7603,7660,10314,393250050,538378,540702,8033,7269,7651,7687,0,7660,0,0,0,2017-04-19,32444041,7616,4,0,0,0,0,0,0,0,0,7617,55,0,0,0,0,0,0,0,0
89,2017-04-19,09:00:44,567,pp1709,XDCE,7614,7603,7660,10330,393859230,538372,540702,8033,7269,7651,7687,0,7660,0,0,0,2017-04-19,32444567,7611,3,0,0,0,0,0,0,0,0,7614,1,0,0,0,0,0,0,0,0
90,2017-04-19,09:00:45,73,pp1709,XDCE,7611,7603,7660,10354,394772580,538352,540702,8033,7269,7651,7687,0,7660,0,0,0,2017-04-19,32445073,7610,42,0,0,0,0,0,0,0,0,7611,55,0,0,0,0,0,0,0,0
91,2017-04-19,09:00:45,509,pp1709,XDCE,7610,7603,7660,10446,398273480,538278,540702,8033,7269,7651,7687,0,7660,0,0,0,2017-04-19,32445509,7610,27,0,0,0,0,0,0,0,0,7611,27,0,0,0,0,0,0,0,0
92,2017-04-19,09:00:46,74,pp1709,XDCE,7611,7603,7660,10506,400556510,538230,540702,8033,7269,7651,7687,0,7660,0,0,0,2017-04-19,32446074,7610,1,0,0,0,0,0,0,0,0,7611,27,0,0,0,0,0,0,0,0
93,2017-04-19,09:00:46,551,pp1709,XDCE,7610,7603,7660,10758,410146000,538218,540702,8033,7269,7651,7687,0,7660,0,0,0,2017-04-19,32446551,7608,5,0,0,0,0,0,0,0,0,7610,11,0,0,0,0,0,0,0,0
94,2017-04-19,09:00:47,74,pp1709,XDCE,7611,7603,7660,10926,416538430,538086,540702,8033,7269,7651,7687,0,7660,0,0,0,2017-04-19,32447074,7611,99,0,0,0,0,0,0,0,0,7614,1,0,0,0,0,0,0,0,0
95,2017-04-19,09:00:47,576,pp1709,XDCE,7611,7603,7660,10954,417603970,538080,540702,8033,7269,7651,7687,0,7660,0,0,0,2017-04-19,32447576,7611,90,0,0,0,0,0,0,0,0,7613,11,0,0,0,0,0,0,0,0
96,2017-04-19,09:00:47,999,pp1709,XDCE,7611,7603,7660,10970,418212880,538066,540702,8033,7269,7651,7687,0,7660,0,0,0,2017-04-19,32447999,7611,84,0,0,0,0,0,0,0,0,7612,4,0,0,0,0,0,0,0,0
97,2017-04-19,09:00:48,553,pp1709,XDCE,7612,7603,7660,11022,420191760,538028,540702,8033,7269,7651,7687,0,7660,0,0,0,2017-04-19,32448553,7612,2,0,0,0,0,0,0,0,0,7613,23,0,0,0,0,0,0,0,0
98,2017-04-19,09:00:49,47,pp1709,XDCE,7611,7603,7660,11134,424453940,537960,540702,8033,7269,7651,7687,0,7660,0,0,0,2017-04-19,32449047,7611,22,0,0,0,0,0,0,0,0,7612,15,0,0,0,0,0,0,0,0
99,2017-04-19,09:00:49,573,pp1709,XDCE,7611,7603,7660,11170,425823920,537944,540702,8033,7269,7651,7687,0,7660,0,0,0,2017-04-19,32449573,7611,15,0,0,0,0,0,0,0,0,7612,34,0,0,0,0,0,0,0,0
100,2017-04-19,09:00:50,53,pp1709,XDCE,7611,7603,7660,11236,428335690,537914,540702,8033,7269,7651,7687,0,7660,0,0,0,2017-04-19,32450053,7610,8,0,0,0,0,0,0,0,0,7612,18,0,0,0,0,0,0,0,0
101,2017-04-19,09:00:50,567,pp1709,XDCE,7611,7603,7660,11250,428868410,537914,540702,8033,7269,7651,7687,0,7660,0,0,0,2017-04-19,32450567,7610,3,0,0,0,0,0,0,0,0,7611,17,0,0,0,0,0,0,0,0
102,2017-04-19,09:00:50,997,pp1709,XDCE,7608,7603,7660,11288,430314220,537906,540702,8033,7269,7651,7687,0,7660,0,0,0,2017-04-19,32450997,7608,7,0,0,0,0,0,0,0,0,7611,32,0,0,0,0,0,0,0,0
103,2017-04-19,09:00:51,568,pp1709,XDCE,7613,7603,7660,11414,435109200,537854,540702,8033,7269,7651,7687,0,7660,0,0,0,2017-04-19,32451568,7612,61,0,0,0,0,0,0,0,0,7614,1,0,0,0,0,0,0,0,0
104,2017-04-19,09:00:51,976,pp1709,XDCE,7609,7603,7660,11568,440970120,537818,540702,8033,7269,7651,7687,0,7660,0,0,0,2017-04-19,32451976,7609,6,0,0,0,0,0,0,0,0,7612,5,0,0,0,0,0,0,0,0
105,2017-04-19,09:00:52,563,pp1709,XDCE,7609,7603,7660,11594,441959450,537814,540702,8033,7269,7651,7687,0,7660,0,0,0,2017-04-19,32452563,7608,1,0,0,0,0,0,0,0,0,7609,97,0,0,0,0,0,0,0,0
106,2017-04-19,09:00:53,32,pp1709,XDCE,7609,7603,7660,11610,442568160,537814,540702,8033,7269,7651,7687,0,7660,0,0,0,2017-04-19,32453032,7606,29,0,0,0,0,0,0,0,0,7609,98,0,0,0,0,0,0,0,0
107,2017-04-19,09:00:53,558,pp1709,XDCE,7608,7603,7660,11628,443252860,537812,540702,8033,7269,7651,7687,0,7660,0,0,0,2017-04-19,32453558,7606,26,0,0,0,0,0,0,0,0,7608,1,0,0,0,0,0,0,0,0
108,2017-04-19,09:00:54,53,pp1709,XDCE,7609,7603,7660,11832,451013940,537828,540702,8033,7269,7651,7687,0,7660,0,0,0,2017-04-19,32454053,7609,20,0,0,0,0,0,0,0,0,7610,4,0,0,0,0,0,0,0,0
109,2017-04-19,09:00:54,460,pp1709,XDCE,7612,7603,7660,11948,455428520,537778,540702,8033,7269,7651,7687,0,7660,0,0,0,2017-04-19,32454460,7609,18,0,0,0,0,0,0,0,0,7612,244,0,0,0,0,0,0,0,0
110,2017-04-19,09:00:55,64,pp1709,XDCE,7612,7603,7660,11980,456646440,537780,540702,8033,7269,7651,7687,0,7660,0,0,0,2017-04-19,32455064,7610,4,0,0,0,0,0,0,0,0,7612,243,0,0,0,0,0,0,0,0
111,2017-04-19,09:00:55,430,pp1709,XDCE,7611,7603,7660,11994,457179150,537780,540702,8033,7269,7651,7687,0,7660,0,0,0,2017-04-19,32455430,7610,3,0,0,0,0,0,0,0,0,7611,3,0,0,0,0,0,0,0,0
112,2017-04-19,09:00:56,34,pp1709,XDCE,7612,7603,7660,12006,457635770,537778,540702,8033,7269,7651,7687,0,7660,0,0,0,2017-04-19,32456034,7610,1,0,0,0,0,0,0,0,0,7612,253,0,0,0,0,0,0,0,0
113,2017-04-19,09:00:56,566,pp1709,XDCE,7609,7603,7660,12220,465780410,537764,540702,8033,7269,7651,7687,0,7660,0,0,0,2017-04-19,32456566,7610,2,0,0,0,0,0,0,0,0,7611,4,0,0,0,0,0,0,0,0
114,2017-04-19,09:00:57,71,pp1709,XDCE,7610,7603,7660,12246,466769790,537750,540702,8033,7269,7651,7687,0,7660,0,0,0,2017-04-19,32457071,7611,29,0,0,0,0,0,0,0,0,7612,172,0,0,0,0,0,0,0,0
115,2017-04-19,09:00:57,520,pp1709,XDCE,7612,7603,7660,12534,477731060,537750,540702,8033,7269,7651,7687,0,7660,0,0,0,2017-04-19,32457520,7611,40,0,0,0,0,0,0,0,0,7612,29,0,0,0,0,0,0,0,0
116,2017-04-19,09:00:58,78,pp1709,XDCE,7613,7603,7660,12694,483821370,537658,540702,8033,7269,7651,7687,0,7660,0,0,0,2017-04-19,32458078,7613,26,0,0,0,0,0,0,0,0,7616,1,0,0,0,0,0,0,0,0
117,2017-04-19,09:00:58,547,pp1709,XDCE,7615,7603,7660,12736,485420530,537620,540702,8033,7269,7651,7687,0,7660,0,0,0,2017-04-19,32458547,7616,3,0,0,0,0,0,0,0,0,7618,6,0,0,0,0,0,0,0,0
118,2017-04-19,09:00:59,38,pp1709,XDCE,7616,7603,7660,12774,486867490,537604,540702,8033,7269,7651,7687,0,7660,0,0,0,2017-04-19,32459038,7616,20,0,0,0,0,0,0,0,0,7618,1,0,0,0,0,0,0,0,0
119,2017-04-19,09:00:59,577,pp1709,XDCE,7616,7603,7660,12776,486943650,537602,540702,8033,7269,7651,7687,0,7660,0,0,0,2017-04-19,32459577,7616,19,0,0,0,0,0,0,0,0,7617,3,0,0,0,0,0,0,0,0
120,2017-04-19,09:01:00,65,pp1709,XDCE,7617,7603,7660,12786,487324470,537602,540702,8033,7269,7651,7687,0,7660,0,0,0,2017-04-19,32460065,7614,11,0,0,0,0,0,0,0,0,7616,3,0,0,0,0,0,0,0,0
121,2017-04-19,09:01:00,486,pp1709,XDCE,7616,7603,7660,12980,494711980,537602,540702,8033,7269,7651,7687,0,7660,0,0,0,2017-04-19,32460486,7617,22,0,0,0,0,0,0,0,0,7618,1,0,0,0,0,0,0,0,0
122,2017-04-19,09:01:00,955,pp1709,XDCE,7619,7603,7660,13010,495854780,537598,540702,8033,7269,7651,7687,0,7660,0,0,0,2017-04-19,32460955,7618,21,0,0,0,0,0,0,0,0,7620,9,0,0,0,0,0,0,0,0
123,2017-04-19,09:01:01,549,pp1709,XDCE,7620,7603,7660,13014,496007160,537598,540702,8033,7269,7651,7687,0,7660,0,0,0,2017-04-19,32461549,7618,16,0,0,0,0,0,0,0,0,7620,8,0,0,0,0,0,0,0,0
124,2017-04-19,09:01:01,955,pp1709,XDCE,7617,7603,7660,13168,501873410,537580,540702,8033,7269,7651,7687,0,7660,0,0,0,2017-04-19,32461955,7615,1,0,0,0,0,0,0,0,0,7618,62,0,0,0,0,0,0,0,0
125,2017-04-19,09:01:02,548,pp1709,XDCE,7614,7603,7660,13192,502787350,537560,540702,8033,7269,7651,7687,0,7660,0,0,0,2017-04-19,32462548,7614,5,0,0,0,0,0,0,0,0,7615,1,0,0,0,0,0,0,0,0
126,2017-04-19,09:01:02,994,pp1709,XDCE,7614,7603,7660,13246,504843040,537520,540702,8033,7269,7651,7687,0,7660,0,0,0,2017-04-19,32462994,7613,1,0,0,0,0,0,0,0,0,7614,1,0,0,0,0,0,0,0,0
127,2017-04-19,09:01:03,558,pp1709,XDCE,7613,7603,7660,13284,506289660,537518,540702,8033,7269,7651,7687,0,7660,0,0,0,2017-04-19,32463558,7613,22,0,0,0,0,0,0,0,0,7615,2,0,0,0,0,0,0,0,0
128,2017-04-19,09:01:04,47,pp1709,XDCE,7615,7603,7660,13292,506594220,537518,540702,8033,7269,7651,7687,0,7660,0,0,0,2017-04-19,32464047,7613,23,0,0,0,0,0,0,0,0,7616,3,0,0,0,0,0,0,0,0
129,2017-04-19,09:01:04,514,pp1709,XDCE,7613,7603,7660,13366,509411230,537466,540702,8033,7269,7651,7687,0,7660,0,0,0,2017-04-19,32464514,7613,9,0,0,0,0,0,0,0,0,7616,6,0,0,0,0,0,0,0,0
130,2017-04-19,09:01:05,17,pp1709,XDCE,7613,7603,7660,13366,509411230,537466,540702,8033,7269,7651,7687,0,7660,0,0,0,2017-04-19,32465017,7613,25,0,0,0,0,0,0,0,0,7615,2,0,0,0,0,0,0,0,0
131,2017-04-19,09:01:05,465,pp1709,XDCE,7616,7603,7660,13376,509791990,537470,540702,8033,7269,7651,7687,0,7660,0,0,0,2017-04-19,32465465,7615,4,0,0,0,0,0,0,0,0,7617,6,0,0,0,0,0,0,0,0
132,2017-04-19,09:01:06,53,pp1709,XDCE,7615,7603,7660,13466,513219500,537486,540702,8033,7269,7651,7687,0,7660,0,0,0,2017-04-19,32466053,7615,66,0,0,0,0,0,0,0,0,7618,22,0,0,0,0,0,0,0,0
133,2017-04-19,09:01:06,567,pp1709,XDCE,7617,7603,7660,13492,514209470,537462,540702,8033,7269,7651,7687,0,7660,0,0,0,2017-04-19,32466567,7615,81,0,0,0,0,0,0,0,0,7617,3,0,0,0,0,0,0,0,0
134,2017-04-19,09:01:07,47,pp1709,XDCE,7615,7603,7660,13514,515047210,537456,540702,8033,7269,7651,7687,0,7660,0,0,0,2017-04-19,32467047,7617,5,0,0,0,0,0,0,0,0,7618,10,0,0,0,0,0,0,0,0
135,2017-04-19,09:01:07,579,pp1709,XDCE,7617,7603,7660,13538,515961350,537452,540702,8033,7269,7651,7687,0,7660,0,0,0,2017-04-19,32467579,7618,5,0,0,0,0,0,0,0,0,7620,2,0,0,0,0,0,0,0,0
136,2017-04-19,09:01:08,27,pp1709,XDCE,7620,7603,7660,13542,516113730,537456,540702,8033,7269,7651,7687,0,7660,0,0,0,2017-04-19,32468027,7618,6,0,0,0,0,0,0,0,0,7621,1,0,0,0,0,0,0,0,0
137,2017-04-19,09:01:08,535,pp1709,XDCE,7618,7603,7660,13550,516418500,537458,540702,8033,7269,7651,7687,0,7660,0,0,0,2017-04-19,32468535,7618,6,0,0,0,0,0,0,0,0,7619,12,0,0,0,0,0,0,0,0
138,2017-04-19,09:01:09,51,pp1709,XDCE,7618,7603,7660,13566,517027950,537468,540702,8033,7269,7651,7687,0,7660,0,0,0,2017-04-19,32469051,7617,8,0,0,0,0,0,0,0,0,7618,7,0,0,0,0,0,0,0,0
139,2017-04-19,09:01:09,530,pp1709,XDCE,7618,7603,7660,13582,517637390,537472,540702,8033,7269,7651,7687,0,7660,0,0,0,2017-04-19,32469530,7618,1,0,0,0,0,0,0,0,0,7619,1,0,0,0,0,0,0,0,0
140,2017-04-19,09:01:09,971,pp1709,XDCE,7619,7603,7660,13614,518856310,537450,540702,8033,7269,7651,7687,0,7660,0,0,0,2017-04-19,32469971,7618,3,0,0,0,0,0,0,0,0,7621,13,0,0,0,0,0,0,0,0
141,2017-04-19,09:01:10,578,pp1709,XDCE,7616,7603,7660,13654,520379730,537424,540702,8033,7269,7651,7687,0,7660,0,0,0,2017-04-19,32470578,7616,13,0,0,0,0,0,0,0,0,7620,1,0,0,0,0,0,0,0,0
142,2017-04-19,09:01:10,923,pp1709,XDCE,7616,7603,7660,13658,520532050,537420,540702,8033,7269,7651,7687,0,7660,0,0,0,2017-04-19,32470923,7616,13,0,0,0,0,0,0,0,0,7619,3,0,0,0,0,0,0,0,0
143,2017-04-19,09:01:11,570,pp1709,XDCE,7617,7603,7660,13684,521522300,537414,540702,8033,7269,7651,7687,0,7660,0,0,0,2017-04-19,32471570,7616,11,0,0,0,0,0,0,0,0,7617,6,0,0,0,0,0,0,0,0
144,2017-04-19,09:01:12,52,pp1709,XDCE,7618,7603,7660,13704,522284020,537410,540702,8033,7269,7651,7687,0,7660,0,0,0,2017-04-19,32472052,7617,5,0,0,0,0,0,0,0,0,7618,15,0,0,0,0,0,0,0,0
145,2017-04-19,09:01:12,553,pp1709,XDCE,7618,7603,7660,13740,523655270,537386,540702,8033,7269,7651,7687,0,7660,0,0,0,2017-04-19,32472553,7618,12,0,0,0,0,0,0,0,0,7619,1,0,0,0,0,0,0,0,0
146,2017-04-19,09:01:13,64,pp1709,XDCE,7617,7603,7660,13792,525636180,537378,540702,8033,7269,7651,7687,0,7660,0,0,0,2017-04-19,32473064,7616,13,0,0,0,0,0,0,0,0,7618,88,0,0,0,0,0,0,0,0
147,2017-04-19,09:01:13,436,pp1709,XDCE,7616,7603,7660,13810,526321780,537378,540702,8033,7269,7651,7687,0,7660,0,0,0,2017-04-19,32473436,7617,5,0,0,0,0,0,0,0,0,7618,83,0,0,0,0,0,0,0,0
148,2017-04-19,09:01:14,79,pp1709,XDCE,7616,7603,7660,13876,528835180,537384,540702,8033,7269,7651,7687,0,7660,0,0,0,2017-04-19,32474079,7615,90,0,0,0,0,0,0,0,0,7616,47,0,0,0,0,0,0,0,0
149,2017-04-19,09:01:14,480,pp1709,XDCE,7616,7603,7660,13996,533404770,537402,540702,8033,7269,7651,7687,0,7660,0,0,0,2017-04-19,32474480,7616,46,0,0,0,0,0,0,0,0,7618,78,0,0,0,0,0,0,0,0
150,2017-04-19,09:01:14,997,pp1709,XDCE,7618,7603,7660,14010,533938030,537402,540702,8033,7269,7651,7687,0,7660,0,0,0,2017-04-19,32474997,7617,3,0,0,0,0,0,0,0,0,7618,71,0,0,0,0,0,0,0,0
151,2017-04-19,09:01:15,552,pp1709,XDCE,7618,7603,7660,14152,539346810,537396,540702,8033,7269,7651,7687,0,7660,0,0,0,2017-04-19,32475552,7619,6,0,0,0,0,0,0,0,0,7620,1,0,0,0,0,0,0,0,0
152,2017-04-19,09:01:16,72,pp1709,XDCE,7621,7603,7660,14158,539575410,537394,540702,8033,7269,7651,7687,0,7660,0,0,0,2017-04-19,32476072,7620,4,0,0,0,0,0,0,0,0,7622,1,0,0,0,0,0,0,0,0
153,2017-04-19,09:01:16,575,pp1709,XDCE,7619,7603,7660,14202,541252060,537356,540702,8033,7269,7651,7687,0,7660,0,0,0,2017-04-19,32476575,7619,6,0,0,0,0,0,0,0,0,7623,40,0,0,0,0,0,0,0,0
154,2017-04-19,09:01:17,65,pp1709,XDCE,7620,7603,7660,14210,541556880,537356,540702,8033,7269,7651,7687,0,7660,0,0,0,2017-04-19,32477065,7619,8,0,0,0,0,0,0,0,0,7623,40,0,0,0,0,0,0,0,0
155,2017-04-19,09:01:17,547,pp1709,XDCE,7619,7603,7660,14250,543080680,537328,540702,8033,7269,7651,7687,0,7660,0,0,0,2017-04-19,32477547,7620,1,0,0,0,0,0,0,0,0,7621,100,0,0,0,0,0,0,0,0
156,2017-04-19,09:01:18,38,pp1709,XDCE,7620,7603,7660,14298,544909090,537334,540702,8033,7269,7651,7687,0,7660,0,0,0,2017-04-19,32478038,7618,1,0,0,0,0,0,0,0,0,7619,1,0,0,0,0,0,0,0,0
157,2017-04-19,09:01:18,562,pp1709,XDCE,7620,7603,7660,14314,545518680,537332,540702,8033,7269,7651,7687,0,7660,0,0,0,2017-04-19,32478562,7620,2,0,0,0,0,0,0,0,0,7621,100,0,0,0,0,0,0,0,0
158,2017-04-19,09:01:18,956,pp1709,XDCE,7620,7603,7660,14326,545975860,537324,540702,8033,7269,7651,7687,0,7660,0,0,0,2017-04-19,32478956,7620,1,0,0,0,0,0,0,0,0,7621,100,0,0,0,0,0,0,0,0
159,2017-04-19,09:01:19,532,pp1709,XDCE,7621,7603,7660,14358,547195190,537344,540702,8033,7269,7651,7687,0,7660,0,0,0,2017-04-19,32479532,7619,3,0,0,0,0,0,0,0,0,7621,87,0,0,0,0,0,0,0,0
160,2017-04-19,09:01:20,26,pp1709,XDCE,7620,7603,7660,14364,547423780,537344,540702,8033,7269,7651,7687,0,7660,0,0,0,2017-04-19,32480026,7619,1,0,0,0,0,0,0,0,0,7620,1,0,0,0,0,0,0,0,0
161,2017-04-19,09:01:20,557,pp1709,XDCE,7620,7603,7660,14374,547804790,537340,540702,8033,7269,7651,7687,0,7660,0,0,0,2017-04-19,32480557,7619,2,0,0,0,0,0,0,0,0,7621,86,0,0,0,0,0,0,0,0
162,2017-04-19,09:01:20,934,pp1709,XDCE,7619,7603,7660,14378,547957170,537340,540702,8033,7269,7651,7687,0,7660,0,0,0,2017-04-19,32480934,7618,6,0,0,0,0,0,0,0,0,7619,98,0,0,0,0,0,0,0,0
163,2017-04-19,09:01:21,573,pp1709,XDCE,7619,7603,7660,14440,550319000,537330,540702,8033,7269,7651,7687,0,7660,0,0,0,2017-04-19,32481573,7617,39,0,0,0,0,0,0,0,0,7619,73,0,0,0,0,0,0,0,0
164,2017-04-19,09:01:22,39,pp1709,XDCE,7619,7603,7660,14476,551690090,537326,540702,8033,7269,7651,7687,0,7660,0,0,0,2017-04-19,32482039,7617,23,0,0,0,0,0,0,0,0,7619,72,0,0,0,0,0,0,0,0
165,2017-04-19,09:01:22,573,pp1709,XDCE,7617,7603,7660,14502,552680540,537328,540702,8033,7269,7651,7687,0,7660,0,0,0,2017-04-19,32482573,7617,22,0,0,0,0,0,0,0,0,7618,1,0,0,0,0,0,0,0,0
166,2017-04-19,09:01:22,998,pp1709,XDCE,7619,7603,7660,14560,554890040,537340,540702,8033,7269,7651,7687,0,7660,0,0,0,2017-04-19,32482998,7617,22,0,0,0,0,0,0,0,0,7619,33,0,0,0,0,0,0,0,0
167,2017-04-19,09:01:23,572,pp1709,XDCE,7619,7603,7660,14588,555956700,537354,540702,8033,7269,7651,7687,0,7660,0,0,0,2017-04-19,32483572,7617,22,0,0,0,0,0,0,0,0,7619,19,0,0,0,0,0,0,0,0
168,2017-04-19,09:01:24,19,pp1709,XDCE,7617,7603,7660,14626,557403950,537388,540702,8033,7269,7651,7687,0,7660,0,0,0,2017-04-19,32484019,7617,5,0,0,0,0,0,0,0,0,7619,19,0,0,0,0,0,0,0,0
169,2017-04-19,09:01:24,564,pp1709,XDCE,7619,7603,7660,14644,558089600,537390,540702,8033,7269,7651,7687,0,7660,0,0,0,2017-04-19,32484564,7617,3,0,0,0,0,0,0,0,0,7619,14,0,0,0,0,0,0,0,0
170,2017-04-19,09:01:25,35,pp1709,XDCE,7619,7603,7660,14650,558318150,537396,540702,8033,7269,7651,7687,0,7660,0,0,0,2017-04-19,32485035,7617,2,0,0,0,0,0,0,0,0,7618,2,0,0,0,0,0,0,0,0
171,2017-04-19,09:01:25,514,pp1709,XDCE,7617,7603,7660,14654,558470510,537394,540702,8033,7269,7651,7687,0,7660,0,0,0,2017-04-19,32485514,7617,1,0,0,0,0,0,0,0,0,7618,1,0,0,0,0,0,0,0,0
172,2017-04-19,09:01:26,56,pp1709,XDCE,7618,7603,7660,14658,558622860,537392,540702,8033,7269,7651,7687,0,7660,0,0,0,2017-04-19,32486056,7617,4,0,0,0,0,0,0,0,0,7619,12,0,0,0,0,0,0,0,0
173,2017-04-19,09:01:26,563,pp1709,XDCE,7619,7603,7660,14682,559536940,537382,540702,8033,7269,7651,7687,0,7660,0,0,0,2017-04-19,32486563,7616,15,0,0,0,0,0,0,0,0,7618,4,0,0,0,0,0,0,0,0
174,2017-04-19,09:01:27,22,pp1709,XDCE,7618,7603,7660,14726,561212440,537354,540702,8033,7269,7651,7687,0,7660,0,0,0,2017-04-19,32487022,7615,74,0,0,0,0,0,0,0,0,7618,5,0,0,0,0,0,0,0,0
175,2017-04-19,09:01:27,552,pp1709,XDCE,7619,7603,7660,14764,562659990,537336,540702,8033,7269,7651,7687,0,7660,0,0,0,2017-04-19,32487552,7619,71,0,0,0,0,0,0,0,0,7620,8,0,0,0,0,0,0,0,0
176,2017-04-19,09:01:28,25,pp1709,XDCE,7619,7603,7660,14898,567764740,537272,540702,8033,7269,7651,7687,0,7660,0,0,0,2017-04-19,32488025,7619,52,0,0,0,0,0,0,0,0,7620,9,0,0,0,0,0,0,0,0
177,2017-04-19,09:01:28,574,pp1709,XDCE,7618,7603,7660,15052,573631120,537184,540702,8033,7269,7651,7687,0,7660,0,0,0,2017-04-19,32488574,7617,1,0,0,0,0,0,0,0,0,7618,41,0,0,0,0,0,0,0,0
178,2017-04-19,09:01:28,855,pp1709,XDCE,7618,7603,7660,15074,574469070,537184,540702,8033,7269,7651,7687,0,7660,0,0,0,2017-04-19,32488855,7616,4,0,0,0,0,0,0,0,0,7617,2,0,0,0,0,0,0,0,0
179,2017-04-19,09:01:29,564,pp1709,XDCE,7617,7603,7660,15080,574697580,537182,540702,8033,7269,7651,7687,0,7660,0,0,0,2017-04-19,32489564,7617,3,0,0,0,0,0,0,0,0,7618,5,0,0,0,0,0,0,0,0
180,2017-04-19,09:01:30,65,pp1709,XDCE,7617,7603,7660,15082,574773750,537182,540702,8033,7269,7651,7687,0,7660,0,0,0,2017-04-19,32490065,7617,2,0,0,0,0,0,0,0,0,7618,5,0,0,0,0,0,0,0,0
181,2017-04-19,09:01:30,429,pp1709,XDCE,7617,7603,7660,15098,575383180,537172,540702,8033,7269,7651,7687,0,7660,0,0,0,2017-04-19,32490429,7617,1,0,0,0,0,0,0,0,0,7618,4,0,0,0,0,0,0,0,0
182,2017-04-19,09:01:31,64,pp1709,XDCE,7617,7603,7660,15106,575687820,537164,540702,8033,7269,7651,7687,0,7660,0,0,0,2017-04-19,32491064,7615,92,0,0,0,0,0,0,0,0,7617,2,0,0,0,0,0,0,0,0
183,2017-04-19,09:01:31,496,pp1709,XDCE,7617,7603,7660,15108,575763990,537164,540702,8033,7269,7651,7687,0,7660,0,0,0,2017-04-19,32491496,7615,92,0,0,0,0,0,0,0,0,7617,4,0,0,0,0,0,0,0,0
184,2017-04-19,09:01:32,61,pp1709,XDCE,7618,7603,7660,15118,576144850,537160,540702,8033,7269,7651,7687,0,7660,0,0,0,2017-04-19,32492061,7615,92,0,0,0,0,0,0,0,0,7618,3,0,0,0,0,0,0,0,0
185,2017-04-19,09:01:32,566,pp1709,XDCE,7618,7603,7660,15136,576830470,537148,540702,8033,7269,7651,7687,0,7660,0,0,0,2017-04-19,32492566,7618,4,0,0,0,0,0,0,0,0,7619,5,0,0,0,0,0,0,0,0
186,2017-04-19,09:01:33,63,pp1709,XDCE,7619,7603,7660,15140,576982850,537144,540702,8033,7269,7651,7687,0,7660,0,0,0,2017-04-19,32493063,7618,10,0,0,0,0,0,0,0,0,7619,3,0,0,0,0,0,0,0,0
187,2017-04-19,09:01:33,555,pp1709,XDCE,7618,7603,7660,15154,577516140,537130,540702,8033,7269,7651,7687,0,7660,0,0,0,2017-04-19,32493555,7618,10,0,0,0,0,0,0,0,0,7620,2,0,0,0,0,0,0,0,0
188,2017-04-19,09:01:33,892,pp1709,XDCE,7620,7603,7660,15156,577592340,537132,540702,8033,7269,7651,7687,0,7660,0,0,0,2017-04-19,32493892,7618,10,0,0,0,0,0,0,0,0,7620,7,0,0,0,0,0,0,0,0
189,2017-04-19,09:01:34,569,pp1709,XDCE,7618,7603,7660,15160,577744700,537130,540702,8033,7269,7651,7687,0,7660,0,0,0,2017-04-19,32494569,7618,9,0,0,0,0,0,0,0,0,7620,7,0,0,0,0,0,0,0,0
190,2017-04-19,09:01:35,19,pp1709,XDCE,7620,7603,7660,15170,578125700,537128,540702,8033,7269,7651,7687,0,7660,0,0,0,2017-04-19,32495019,7618,14,0,0,0,0,0,0,0,0,7620,2,0,0,0,0,0,0,0,0
191,2017-04-19,09:01:35,376,pp1709,XDCE,7619,7603,7660,15186,578735160,537124,540702,8033,7269,7651,7687,0,7660,0,0,0,2017-04-19,32495376,7618,9,0,0,0,0,0,0,0,0,7620,2,0,0,0,0,0,0,0,0
192,2017-04-19,09:01:36,9,pp1709,XDCE,7618,7603,7660,15206,579496970,537138,540702,8033,7269,7651,7687,0,7660,0,0,0,2017-04-19,32496009,7618,6,0,0,0,0,0,0,0,0,7619,2,0,0,0,0,0,0,0,0
193,2017-04-19,09:01:36,573,pp1709,XDCE,7620,7603,7660,15212,579725550,537144,540702,8033,7269,7651,7687,0,7660,0,0,0,2017-04-19,32496573,7618,14,0,0,0,0,0,0,0,0,7620,5,0,0,0,0,0,0,0,0
194,2017-04-19,09:01:37,78,pp1709,XDCE,7620,7603,7660,15216,579877950,537146,540702,8033,7269,7651,7687,0,7660,0,0,0,2017-04-19,32497078,7618,14,0,0,0,0,0,0,0,0,7621,131,0,0,0,0,0,0,0,0
195,2017-04-19,09:01:37,527,pp1709,XDCE,7620,7603,7660,15228,580335200,537146,540702,8033,7269,7651,7687,0,7660,0,0,0,2017-04-19,32497527,7618,14,0,0,0,0,0,0,0,0,7620,5,0,0,0,0,0,0,0,0
196,2017-04-19,09:01:38,58,pp1709,XDCE,7620,7603,7660,15228,580335200,537146,540702,8033,7269,7651,7687,0,7660,0,0,0,2017-04-19,32498058,7618,15,0,0,0,0,0,0,0,0,7620,5,0,0,0,0,0,0,0,0
197,2017-04-19,09:01:38,501,pp1709,XDCE,7617,7603,7660,15272,582011120,537150,540702,8033,7269,7651,7687,0,7660,0,0,0,2017-04-19,32498501,7617,77,0,0,0,0,0,0,0,0,7618,83,0,0,0,0,0,0,0,0
198,2017-04-19,09:01:39,65,pp1709,XDCE,7618,7603,7660,15406,587115180,537162,540702,8033,7269,7651,7687,0,7660,0,0,0,2017-04-19,32499065,7617,76,0,0,0,0,0,0,0,0,7618,16,0,0,0,0,0,0,0,0
199,2017-04-19,09:01:39,529,pp1709,XDCE,7621,7603,7660,15444,588562670,537162,540702,8033,7269,7651,7687,0,7660,0,0,0,2017-04-19,32499529,7620,19,0,0,0,0,0,0,0,0,7621,126,0,0,0,0,0,0,0,0
200,2017-04-19,09:01:39,863,pp1709,XDCE,7619,7603,7660,15510,591077130,537146,540702,8033,7269,7651,7687,0,7660,0,0,0,2017-04-19,32499863,7619,4,0,0,0,0,0,0,0,0,7620,7,0,0,0,0,0,0,0,0
201,2017-04-19,09:01:40,520,pp1709,XDCE,7620,7603,7660,15578,593667450,537088,540702,8033,7269,7651,7687,0,7660,0,0,0,2017-04-19,32500520,7617,78,0,0,0,0,0,0,0,0,7621,126,0,0,0,0,0,0,0,0
202,2017-04-19,09:01:40,961,pp1709,XDCE,7619,7603,7660,15592,594200680,537086,540702,8033,7269,7651,7687,0,7660,0,0,0,2017-04-19,32500961,7618,4,0,0,0,0,0,0,0,0,7619,4,0,0,0,0,0,0,0,0
203,2017-04-19,09:01:41,413,pp1709,XDCE,7618,7603,7660,15610,594886300,537076,540702,8033,7269,7651,7687,0,7660,0,0,0,2017-04-19,32501413,7617,73,0,0,0,0,0,0,0,0,7619,5,0,0,0,0,0,0,0,0
204,2017-04-19,09:01:42,64,pp1709,XDCE,7618,7603,7660,15622,595343420,537068,540702,8033,7269,7651,7687,0,7660,0,0,0,2017-04-19,32502064,7618,3,0,0,0,0,0,0,0,0,7619,1,0,0,0,0,0,0,0,0
205,2017-04-19,09:01:42,491,pp1709,XDCE,7619,7603,7660,15644,596181600,537064,540702,8033,7269,7651,7687,0,7660,0,0,0,2017-04-19,32502491,7618,3,0,0,0,0,0,0,0,0,7620,23,0,0,0,0,0,0,0,0
206,2017-04-19,09:01:43,80,pp1709,XDCE,7619,7603,7660,15644,596181600,537064,540702,8033,7269,7651,7687,0,7660,0,0,0,2017-04-19,32503080,7618,5,0,0,0,0,0,0,0,0,7620,23,0,0,0,0,0,0,0,0
207,2017-04-19,09:01:43,539,pp1709,XDCE,7620,7603,7660,15646,596257800,537064,540702,8033,7269,7651,7687,0,7660,0,0,0,2017-04-19,32503539,7619,11,0,0,0,0,0,0,0,0,7620,22,0,0,0,0,0,0,0,0
208,2017-04-19,09:01:44,78,pp1709,XDCE,7619,7603,7660,15652,596486370,537062,540702,8033,7269,7651,7687,0,7660,0,0,0,2017-04-19,32504078,7619,15,0,0,0,0,0,0,0,0,7620,22,0,0,0,0,0,0,0,0
209,2017-04-19,09:01:44,476,pp1709,XDCE,7619,7603,7660,15662,596867350,537052,540702,8033,7269,7651,7687,0,7660,0,0,0,2017-04-19,32504476,7619,15,0,0,0,0,0,0,0,0,7620,20,0,0,0,0,0,0,0,0
210,2017-04-19,09:01:45,72,pp1709,XDCE,7620,7603,7660,15674,597324550,537052,540702,8033,7269,7651,7687,0,7660,0,0,0,2017-04-19,32505072,7620,8,0,0,0,0,0,0,0,0,7621,127,0,0,0,0,0,0,0,0
211,2017-04-19,09:01:45,480,pp1709,XDCE,7620,7603,7660,15750,600220450,537044,540702,8033,7269,7651,7687,0,7660,0,0,0,2017-04-19,32505480,7619,17,0,0,0,0,0,0,0,0,7620,5,0,0,0,0,0,0,0,0
212,2017-04-19,09:01:46,40,pp1709,XDCE,7620,7603,7660,15772,601058600,537036,540702,8033,7269,7651,7687,0,7660,0,0,0,2017-04-19,32506040,7619,13,0,0,0,0,0,0,0,0,7621,97,0,0,0,0,0,0,0,0
213,2017-04-19,09:01:46,434,pp1709,XDCE,7619,7603,7660,15808,602430360,537070,540702,8033,7269,7651,7687,0,7660,0,0,0,2017-04-19,32506434,7619,12,0,0,0,0,0,0,0,0,7621,80,0,0,0,0,0,0,0,0
214,2017-04-19,09:01:47,36,pp1709,XDCE,7619,7603,7660,15844,603801780,537070,540702,8033,7269,7651,7687,0,7660,0,0,0,2017-04-19,32507036,7618,17,0,0,0,0,0,0,0,0,7619,6,0,0,0,0,0,0,0,0
215,2017-04-19,09:01:47,397,pp1709,XDCE,7619,7603,7660,15844,603801780,537070,540702,8033,7269,7651,7687,0,7660,0,0,0,2017-04-19,32507397,7618,5,0,0,0,0,0,0,0,0,7619,16,0,0,0,0,0,0,0,0
216,2017-04-19,09:01:48,78,pp1709,XDCE,7619,7603,7660,15870,604792200,537068,540702,8033,7269,7651,7687,0,7660,0,0,0,2017-04-19,32508078,7617,75,0,0,0,0,0,0,0,0,7618,1,0,0,0,0,0,0,0,0
217,2017-04-19,09:01:48,565,pp1709,XDCE,7620,7603,7660,15944,607611550,537050,540702,8033,7269,7651,7687,0,7660,0,0,0,2017-04-19,32508565,7618,3,0,0,0,0,0,0,0,0,7620,3,0,0,0,0,0,0,0,0
218,2017-04-19,09:01:49,64,pp1709,XDCE,7620,7603,7660,15950,607840120,537048,540702,8033,7269,7651,7687,0,7660,0,0,0,2017-04-19,32509064,7619,1,0,0,0,0,0,0,0,0,7620,3,0,0,0,0,0,0,0,0
219,2017-04-19,09:01:49,575,pp1709,XDCE,7619,7603,7660,15954,607992500,537050,540702,8033,7269,7651,7687,0,7660,0,0,0,2017-04-19,32509575,7619,2,0,0,0,0,0,0,0,0,7620,9,0,0,0,0,0,0,0,0
220,2017-04-19,09:01:50,1,pp1709,XDCE,7619,7603,7660,15968,608525830,537056,540702,8033,7269,7651,7687,0,7660,0,0,0,2017-04-19,32510001,7618,8,0,0,0,0,0,0,0,0,7619,93,0,0,0,0,0,0,0,0
221,2017-04-19,09:01:50,506,pp1709,XDCE,7619,7603,7660,16114,614087700,537062,540702,8033,7269,7651,7687,0,7660,0,0,0,2017-04-19,32510506,7618,21,0,0,0,0,0,0,0,0,7619,20,0,0,0,0,0,0,0,0
222,2017-04-19,09:01:51,60,pp1709,XDCE,7620,7603,7660,16186,616830400,537046,540702,8033,7269,7651,7687,0,7660,0,0,0,2017-04-19,32511060,7619,12,0,0,0,0,0,0,0,0,7620,9,0,0,0,0,0,0,0,0
223,2017-04-19,09:01:51,558,pp1709,XDCE,7619,7603,7660,16188,616906590,537044,540702,8033,7269,7651,7687,0,7660,0,0,0,2017-04-19,32511558,7619,11,0,0,0,0,0,0,0,0,7620,7,0,0,0,0,0,0,0,0
224,2017-04-19,09:01:52,78,pp1709,XDCE,7620,7603,7660,16198,617287590,537054,540702,8033,7269,7651,7687,0,7660,0,0,0,2017-04-19,32512078,7619,21,0,0,0,0,0,0,0,0,7620,2,0,0,0,0,0,0,0,0
225,2017-04-19,09:01:52,437,pp1709,XDCE,7620,7603,7660,16198,617287590,537054,540702,8033,7269,7651,7687,0,7660,0,0,0,2017-04-19,32512437,7619,24,0,0,0,0,0,0,0,0,7620,2,0,0,0,0,0,0,0,0
226,2017-04-19,09:01:53,57,pp1709,XDCE,7620,7603,7660,16204,617516180,537058,540702,8033,7269,7651,7687,0,7660,0,0,0,2017-04-19,32513057,7619,23,0,0,0,0,0,0,0,0,7621,85,0,0,0,0,0,0,0,0
227,2017-04-19,09:01:53,531,pp1709,XDCE,7619,7603,7660,16214,617897130,537058,540702,8033,7269,7651,7687,0,7660,0,0,0,2017-04-19,32513531,7620,5,0,0,0,0,0,0,0,0,7621,85,0,0,0,0,0,0,0,0
228,2017-04-19,09:01:54,59,pp1709,XDCE,7620,7603,7660,16238,618811520,537056,540702,8033,7269,7651,7687,0,7660,0,0,0,2017-04-19,32514059,7620,17,0,0,0,0,0,0,0,0,7621,86,0,0,0,0,0,0,0,0
229,2017-04-19,09:01:54,553,pp1709,XDCE,7620,7603,7660,16266,619878400,537046,540702,8033,7269,7651,7687,0,7660,0,0,0,2017-04-19,32514553,7620,12,0,0,0,0,0,0,0,0,7621,78,0,0,0,0,0,0,0,0
230,2017-04-19,09:01:54,938,pp1709,XDCE,7620,7603,7660,16274,620183200,537038,540702,8033,7269,7651,7687,0,7660,0,0,0,2017-04-19,32514938,7620,8,0,0,0,0,0,0,0,0,7621,78,0,0,0,0,0,0,0,0
231,2017-04-19,09:01:55,503,pp1709,XDCE,7620,7603,7660,16300,621173820,537018,540702,8033,7269,7651,7687,0,7660,0,0,0,2017-04-19,32515503,7619,21,0,0,0,0,0,0,0,0,7620,4,0,0,0,0,0,0,0,0
232,2017-04-19,09:01:56,75,pp1709,XDCE,7621,7603,7660,16358,623383790,537006,540702,8033,7269,7651,7687,0,7660,0,0,0,2017-04-19,32516075,7620,9,0,0,0,0,0,0,0,0,7621,55,0,0,0,0,0,0,0,0
233,2017-04-19,09:01:56,518,pp1709,XDCE,7621,7603,7660,16372,623917210,536996,540702,8033,7269,7651,7687,0,7660,0,0,0,2017-04-19,32516518,7620,4,0,0,0,0,0,0,0,0,7621,53,0,0,0,0,0,0,0,0
234,2017-04-19,09:01:57,44,pp1709,XDCE,7621,7603,7660,16380,624222020,536998,540702,8033,7269,7651,7687,0,7660,0,0,0,2017-04-19,32517044,7620,37,0,0,0,0,0,0,0,0,7621,56,0,0,0,0,0,0,0,0
235,2017-04-19,09:01:57,552,pp1709,XDCE,7621,7603,7660,16492,628489780,536978,540702,8033,7269,7651,7687,0,7660,0,0,0,2017-04-19,32517552,7621,18,0,0,0,0,0,0,0,0,7622,13,0,0,0,0,0,0,0,0
236,2017-04-19,09:01:58,56,pp1709,XDCE,7623,7603,7660,16536,630166690,536946,540702,8033,7269,7651,7687,0,7660,0,0,0,2017-04-19,32518056,7622,21,0,0,0,0,0,0,0,0,7623,37,0,0,0,0,0,0,0,0
237,2017-04-19,09:01:58,437,pp1709,XDCE,7623,7603,7660,16574,631615060,536926,540702,8033,7269,7651,7687,0,7660,0,0,0,2017-04-19,32518437,7622,11,0,0,0,0,0,0,0,0,7623,18,0,0,0,0,0,0,0,0
238,2017-04-19,09:01:59,41,pp1709,XDCE,7623,7603,7660,16608,632910860,536922,540702,8033,7269,7651,7687,0,7660,0,0,0,2017-04-19,32519041,7622,1,0,0,0,0,0,0,0,0,7623,12,0,0,0,0,0,0,0,0
239,2017-04-19,09:01:59,476,pp1709,XDCE,7623,7603,7660,16614,633139550,536924,540702,8033,7269,7651,7687,0,7660,0,0,0,2017-04-19,32519476,7622,8,0,0,0,0,0,0,0,0,7623,9,0,0,0,0,0,0,0,0
240,2017-04-19,09:02:00,20,pp1709,XDCE,7624,7603,7660,16676,635502900,536900,540702,8033,7269,7651,7687,0,7660,0,0,0,2017-04-19,32520020,7622,9,0,0,0,0,0,0,0,0,7624,10,0,0,0,0,0,0,0,0
241,2017-04-19,09:02:00,508,pp1709,XDCE,7624,7603,7660,16676,635502900,536900,540702,8033,7269,7651,7687,0,7660,0,0,0,2017-04-19,32520508,7623,7,0,0,0,0,0,0,0,0,7624,10,0,0,0,0,0,0,0,0
242,2017-04-19,09:02:01,75,pp1709,XDCE,7625,7603,7660,16702,636494030,536896,540702,8033,7269,7651,7687,0,7660,0,0,0,2017-04-19,32521075,7624,17,0,0,0,0,0,0,0,0,7625,86,0,0,0,0,0,0,0,0
243,2017-04-19,09:02:01,442,pp1709,XDCE,7625,7603,7660,16714,636951530,536908,540702,8033,7269,7651,7687,0,7660,0,0,0,2017-04-19,32521442,7624,11,0,0,0,0,0,0,0,0,7625,80,0,0,0,0,0,0,0,0
244,2017-04-19,09:02:01,983,pp1709,XDCE,7625,7603,7660,16774,639239030,536912,540702,8033,7269,7651,7687,0,7660,0,0,0,2017-04-19,32521983,7624,18,0,0,0,0,0,0,0,0,7625,50,0,0,0,0,0,0,0,0
245,2017-04-19,09:02:02,530,pp1709,XDCE,7625,7603,7660,16820,640992770,536914,540702,8033,7269,7651,7687,0,7660,0,0,0,2017-04-19,32522530,7624,17,0,0,0,0,0,0,0,0,7625,28,0,0,0,0,0,0,0,0
246,2017-04-19,09:02:03,51,pp1709,XDCE,7625,7603,7660,16854,642289020,536930,540702,8033,7269,7651,7687,0,7660,0,0,0,2017-04-19,32523051,7624,17,0,0,0,0,0,0,0,0,7625,11,0,0,0,0,0,0,0,0
247,2017-04-19,09:02:03,567,pp1709,XDCE,7630,7603,7660,16916,644653600,536962,540702,8033,7269,7651,7687,0,7660,0,0,0,2017-04-19,32523567,7625,9,0,0,0,0,0,0,0,0,7628,2,0,0,0,0,0,0,0,0
248,2017-04-19,09:02:04,74,pp1709,XDCE,7630,7603,7660,16920,644806200,536958,540702,8033,7269,7651,7687,0,7660,0,0,0,2017-04-19,32524074,7626,9,0,0,0,0,0,0,0,0,7628,5,0,0,0,0,0,0,0,0
249,2017-04-19,09:02:04,458,pp1709,XDCE,7629,7603,7660,16934,645340200,536944,540702,8033,7269,7651,7687,0,7660,0,0,0,2017-04-19,32524458,7626,8,0,0,0,0,0,0,0,0,7629,3,0,0,0,0,0,0,0,0
250,2017-04-19,09:02:05,24,pp1709,XDCE,7629,7603,7660,16952,646026630,536938,540702,8033,7269,7651,7687,0,7660,0,0,0,2017-04-19,32525024,7629,4,0,0,0,0,0,0,0,0,7630,26,0,0,0,0,0,0,0,0
251,2017-04-19,09:02:05,562,pp1709,XDCE,7629,7603,7660,16964,646484340,536930,540702,8033,7269,7651,7687,0,7660,0,0,0,2017-04-19,32525562,7626,7,0,0,0,0,0,0,0,0,7629,8,0,0,0,0,0,0,0,0
252,2017-04-19,09:02:06,80,pp1709,XDCE,7628,7603,7660,16986,647323240,536932,540702,8033,7269,7651,7687,0,7660,0,0,0,2017-04-19,32526080,7626,9,0,0,0,0,0,0,0,0,7628,5,0,0,0,0,0,0,0,0
253,2017-04-19,09:02:06,577,pp1709,XDCE,7630,7603,7660,17048,649688470,536968,540702,8033,7269,7651,7687,0,7660,0,0,0,2017-04-19,32526577,7630,71,0,0,0,0,0,0,0,0,7631,6,0,0,0,0,0,0,0,0
254,2017-04-19,09:02:07,10,pp1709,XDCE,7630,7603,7660,17058,650069990,536970,540702,8033,7269,7651,7687,0,7660,0,0,0,2017-04-19,32527010,7630,68,0,0,0,0,0,0,0,0,7631,4,0,0,0,0,0,0,0,0
255,2017-04-19,09:02:07,539,pp1709,XDCE,7630,7603,7660,17088,651214490,536974,540702,8033,7269,7651,7687,0,7660,0,0,0,2017-04-19,32527539,7630,53,0,0,0,0,0,0,0,0,7631,4,0,0,0,0,0,0,0,0
256,2017-04-19,09:02:08,45,pp1709,XDCE,7630,7603,7660,17110,652053800,536986,540702,8033,7269,7651,7687,0,7660,0,0,0,2017-04-19,32528045,7630,54,0,0,0,0,0,0,0,0,7631,15,0,0,0,0,0,0,0,0
257,2017-04-19,09:02:08,476,pp1709,XDCE,7630,7603,7660,17118,652359000,536988,540702,8033,7269,7651,7687,0,7660,0,0,0,2017-04-19,32528476,7630,51,0,0,0,0,0,0,0,0,7631,15,0,0,0,0,0,0,0,0
258,2017-04-19,09:02:09,18,pp1709,XDCE,7631,7603,7660,17120,652435310,536990,540702,8033,7269,7651,7687,0,7660,0,0,0,2017-04-19,32529018,7630,51,0,0,0,0,0,0,0,0,7631,12,0,0,0,0,0,0,0,0
259,2017-04-19,09:02:09,543,pp1709,XDCE,7630,7603,7660,17272,658234350,537100,540702,8033,7269,7651,7687,0,7660,0,0,0,2017-04-19,32529543,7629,26,0,0,0,0,0,0,0,0,7630,45,0,0,0,0,0,0,0,0
260,2017-04-19,09:02:10,69,pp1709,XDCE,7629,7603,7660,17336,660675680,537114,540702,8033,7269,7651,7687,0,7660,0,0,0,2017-04-19,32530069,7628,13,0,0,0,0,0,0,0,0,7629,11,0,0,0,0,0,0,0,0
261,2017-04-19,09:02:10,503,pp1709,XDCE,7628,7603,7660,17354,661362200,537102,540702,8033,7269,7651,7687,0,7660,0,0,0,2017-04-19,32530503,7628,4,0,0,0,0,0,0,0,0,7629,7,0,0,0,0,0,0,0,0
262,2017-04-19,09:02:11,16,pp1709,XDCE,7628,7603,7660,17378,662277510,537100,540702,8033,7269,7651,7687,0,7660,0,0,0,2017-04-19,32531016,7627,44,0,0,0,0,0,0,0,0,7628,6,0,0,0,0,0,0,0,0
263,2017-04-19,09:02:11,461,pp1709,XDCE,7626,7603,7660,17476,666014710,537070,540702,8033,7269,7651,7687,0,7660,0,0,0,2017-04-19,32531461,7625,21,0,0,0,0,0,0,0,0,7626,6,0,0,0,0,0,0,0,0
264,2017-04-19,09:02:11,973,pp1709,XDCE,7629,7603,7660,17510,667311380,537056,540702,8033,7269,7651,7687,0,7660,0,0,0,2017-04-19,32531973,7626,25,0,0,0,0,0,0,0,0,7627,4,0,0,0,0,0,0,0,0
265,2017-04-19,09:02:12,549,pp1709,XDCE,7626,7603,7660,17538,668379050,537028,540702,8033,7269,7651,7687,0,7660,0,0,0,2017-04-19,32532549,7626,14,0,0,0,0,0,0,0,0,7627,1,0,0,0,0,0,0,0,0
266,2017-04-19,09:02:12,993,pp1709,XDCE,7625,7603,7660,17626,671734060,537016,540702,8033,7269,7651,7687,0,7660,0,0,0,2017-04-19,32532993,7623,39,0,0,0,0,0,0,0,0,7625,1,0,0,0,0,0,0,0,0
267,2017-04-19,09:02:13,471,pp1709,XDCE,7624,7603,7660,17666,673258830,536988,540702,8033,7269,7651,7687,0,7660,0,0,0,2017-04-19,32533471,7623,30,0,0,0,0,0,0,0,0,7624,1,0,0,0,0,0,0,0,0
268,2017-04-19,09:02:13,995,pp1709,XDCE,7625,7603,7660,17734,675850700,536930,540702,8033,7269,7651,7687,0,7660,0,0,0,2017-04-19,32533995,7622,24,0,0,0,0,0,0,0,0,7625,45,0,0,0,0,0,0,0,0
269,2017-04-19,09:02:14,566,pp1709,XDCE,7622,7603,7660,17786,677832480,536936,540702,8033,7269,7651,7687,0,7660,0,0,0,2017-04-19,32534566,7621,89,0,0,0,0,0,0,0,0,7622,76,0,0,0,0,0,0,0,0
270,2017-04-19,09:02:14,871,pp1709,XDCE,7621,7603,7660,17972,684920050,536778,540702,8033,7269,7651,7687,0,7660,0,0,0,2017-04-19,32534871,7620,22,0,0,0,0,0,0,0,0,7621,47,0,0,0,0,0,0,0,0
271,2017-04-19,09:02:15,465,pp1709,XDCE,7621,7603,7660,18020,686748870,536772,540702,8033,7269,7651,7687,0,7660,0,0,0,2017-04-19,32535465,7619,17,0,0,0,0,0,0,0,0,7620,3,0,0,0,0,0,0,0,0
272,2017-04-19,09:02:16,61,pp1709,XDCE,7619,7603,7660,18036,687358390,536784,540702,8033,7269,7651,7687,0,7660,0,0,0,2017-04-19,32536061,7619,9,0,0,0,0,0,0,0,0,7620,3,0,0,0,0,0,0,0,0
273,2017-04-19,09:02:16,502,pp1709,XDCE,7618,7603,7660,18070,688653620,536754,540702,8033,7269,7651,7687,0,7660,0,0,0,2017-04-19,32536502,7618,44,0,0,0,0,0,0,0,0,7619,10,0,0,0,0,0,0,0,0
274,2017-04-19,09:02:17,75,pp1709,XDCE,7620,7603,7660,18106,690025110,536728,540702,8033,7269,7651,7687,0,7660,0,0,0,2017-04-19,32537075,7620,5,0,0,0,0,0,0,0,0,7621,17,0,0,0,0,0,0,0,0
275,2017-04-19,09:02:17,541,pp1709,XDCE,7618,7603,7660,18148,691625020,536690,540702,8033,7269,7651,7687,0,7660,0,0,0,2017-04-19,32537541,7618,29,0,0,0,0,0,0,0,0,7621,16,0,0,0,0,0,0,0,0
276,2017-04-19,09:02:18,50,pp1709,XDCE,7618,7603,7660,18208,693910420,536690,540702,8033,7269,7651,7687,0,7660,0,0,0,2017-04-19,32538050,7618,3,0,0,0,0,0,0,0,0,7620,4,0,0,0,0,0,0,0,0
277,2017-04-19,09:02:18,448,pp1709,XDCE,7619,7603,7660,18210,693986610,536690,540702,8033,7269,7651,7687,0,7660,0,0,0,2017-04-19,32538448,7618,3,0,0,0,0,0,0,0,0,7619,3,0,0,0,0,0,0,0,0
278,2017-04-19,09:02:19,46,pp1709,XDCE,7620,7603,7660,18220,694367560,536686,540702,8033,7269,7651,7687,0,7660,0,0,0,2017-04-19,32539046,7619,5,0,0,0,0,0,0,0,0,7620,10,0,0,0,0,0,0,0,0
279,2017-04-19,09:02:19,383,pp1709,XDCE,7619,7603,7660,18224,694519940,536686,540702,8033,7269,7651,7687,0,7660,0,0,0,2017-04-19,32539383,7619,3,0,0,0,0,0,0,0,0,7620,6,0,0,0,0,0,0,0,0
280,2017-04-19,09:02:20,70,pp1709,XDCE,7621,7603,7660,18260,695891660,536694,540702,8033,7269,7651,7687,0,7660,0,0,0,2017-04-19,32540070,7620,5,0,0,0,0,0,0,0,0,7621,3,0,0,0,0,0,0,0,0
281,2017-04-19,09:02:20,536,pp1709,XDCE,7621,7603,7660,18272,696348920,536684,540702,8033,7269,7651,7687,0,7660,0,0,0,2017-04-19,32540536,7621,13,0,0,0,0,0,0,0,0,7622,79,0,0,0,0,0,0,0,0
282,2017-04-19,09:02:20,983,pp1709,XDCE,7621,7603,7660,18274,696425130,536684,540702,8033,7269,7651,7687,0,7660,0,0,0,2017-04-19,32540983,7621,12,0,0,0,0,0,0,0,0,7622,79,0,0,0,0,0,0,0,0
283,2017-04-19,09:02:21,568,pp1709,XDCE,7622,7603,7660,18380,700463800,536612,540702,8033,7269,7651,7687,0,7660,0,0,0,2017-04-19,32541568,7620,10,0,0,0,0,0,0,0,0,7622,78,0,0,0,0,0,0,0,0
284,2017-04-19,09:02:21,988,pp1709,XDCE,7619,7603,7660,18406,701454270,536594,540702,8033,7269,7651,7687,0,7660,0,0,0,2017-04-19,32541988,7621,5,0,0,0,0,0,0,0,0,7622,78,0,0,0,0,0,0,0,0
285,2017-04-19,09:02:22,566,pp1709,XDCE,7621,7603,7660,18416,701835320,536596,540702,8033,7269,7651,7687,0,7660,0,0,0,2017-04-19,32542566,7618,8,0,0,0,0,0,0,0,0,7621,28,0,0,0,0,0,0,0,0
286,2017-04-19,09:02:23,23,pp1709,XDCE,7621,7603,7660,18428,702292580,536586,540702,8033,7269,7651,7687,0,7660,0,0,0,2017-04-19,32543023,7620,1,0,0,0,0,0,0,0,0,7621,26,0,0,0,0,0,0,0,0
287,2017-04-19,09:02:23,562,pp1709,XDCE,7621,7603,7660,18472,703969200,536564,540702,8033,7269,7651,7687,0,7660,0,0,0,2017-04-19,32543562,7621,21,0,0,0,0,0,0,0,0,7622,78,0,0,0,0,0,0,0,0
288,2017-04-19,09:02:24,72,pp1709,XDCE,7622,7603,7660,18632,710066800,536554,540702,8033,7269,7651,7687,0,7660,0,0,0,2017-04-19,32544072,7623,1,0,0,0,0,0,0,0,0,7625,2,0,0,0,0,0,0,0,0
289,2017-04-19,09:02:24,356,pp1709,XDCE,7622,7603,7660,18632,710066800,536554,540702,8033,7269,7651,7687,0,7660,0,0,0,2017-04-19,32544356,7623,1,0,0,0,0,0,0,0,0,7625,25,0,0,0,0,0,0,0,0
290,2017-04-19,09:02:25,62,pp1709,XDCE,7620,7603,7660,18644,710524090,536546,540702,8033,7269,7651,7687,0,7660,0,0,0,2017-04-19,32545062,7620,158,0,0,0,0,0,0,0,0,7623,4,0,0,0,0,0,0,0,0
291,2017-04-19,09:02:25,409,pp1709,XDCE,7622,7603,7660,18658,711057690,536540,540702,8033,7269,7651,7687,0,7660,0,0,0,2017-04-19,32545409,7621,5,0,0,0,0,0,0,0,0,7623,98,0,0,0,0,0,0,0,0
292,2017-04-19,09:02:25,970,pp1709,XDCE,7623,7603,7660,18728,713725660,536524,540702,8033,7269,7651,7687,0,7660,0,0,0,2017-04-19,32545970,7622,42,0,0,0,0,0,0,0,0,7623,92,0,0,0,0,0,0,0,0
293,2017-04-19,09:02:26,576,pp1709,XDCE,7623,7603,7660,18792,716165010,536548,540702,8033,7269,7651,7687,0,7660,0,0,0,2017-04-19,32546576,7622,41,0,0,0,0,0,0,0,0,7623,61,0,0,0,0,0,0,0,0
294,2017-04-19,09:02:26,947,pp1709,XDCE,7622,7603,7660,18794,716241230,536548,540702,8033,7269,7651,7687,0,7660,0,0,0,2017-04-19,32546947,7622,40,0,0,0,0,0,0,0,0,7623,61,0,0,0,0,0,0,0,0
295,2017-04-19,09:02:28,76,pp1709,XDCE,7623,7603,7660,18798,716393690,536552,540702,8033,7269,7651,7687,0,7660,0,0,0,2017-04-19,32548076,7622,40,0,0,0,0,0,0,0,0,7623,59,0,0,0,0,0,0,0,0
296,2017-04-19,09:02:28,553,pp1709,XDCE,7622,7603,7660,18802,716546130,536552,540702,8033,7269,7651,7687,0,7660,0,0,0,2017-04-19,32548553,7622,38,0,0,0,0,0,0,0,0,7623,59,0,0,0,0,0,0,0,0
297,2017-04-19,09:02:29,72,pp1709,XDCE,7622,7603,7660,18806,716698570,536552,540702,8033,7269,7651,7687,0,7660,0,0,0,2017-04-19,32549072,7622,36,0,0,0,0,0,0,0,0,7623,49,0,0,0,0,0,0,0,0
298,2017-04-19,09:02:29,510,pp1709,XDCE,7623,7603,7660,18816,717079700,536554,540702,8033,7269,7651,7687,0,7660,0,0,0,2017-04-19,32549510,7622,35,0,0,0,0,0,0,0,0,7623,46,0,0,0,0,0,0,0,0
299,2017-04-19,09:02:29,823,pp1709,XDCE,7623,7603,7660,18818,717155930,536556,540702,8033,7269,7651,7687,0,7660,0,0,0,2017-04-19,32549823,7622,35,0,0,0,0,0,0,0,0,7623,45,0,0,0,0,0,0,0,0
300,2017-04-19,09:02:30,550,pp1709,XDCE,7623,7603,7660,18824,717384620,536560,540702,8033,7269,7651,7687,0,7660,0,0,0,2017-04-19,32550550,7622,39,0,0,0,0,0,0,0,0,7623,42,0,0,0,0,0,0,0,0
301,2017-04-19,09:02:31,430,pp1709,XDCE,7622,7603,7660,18838,717918160,536548,540702,8033,7269,7651,7687,0,7660,0,0,0,2017-04-19,32551430,7622,32,0,0,0,0,0,0,0,0,7623,42,0,0,0,0,0,0,0,0
302,2017-04-19,09:02:32,69,pp1709,XDCE,7623,7603,7660,18842,718070610,536546,540702,8033,7269,7651,7687,0,7660,0,0,0,2017-04-19,32552069,7622,32,0,0,0,0,0,0,0,0,7623,41,0,0,0,0,0,0,0,0
303,2017-04-19,09:02:32,467,pp1709,XDCE,7623,7603,7660,18892,719976360,536556,540702,8033,7269,7651,7687,0,7660,0,0,0,2017-04-19,32552467,7622,32,0,0,0,0,0,0,0,0,7623,10,0,0,0,0,0,0,0,0
304,2017-04-19,09:02:32,852,pp1709,XDCE,7623,7603,7660,18954,722339670,536520,540702,8033,7269,7651,7687,0,7660,0,0,0,2017-04-19,32552852,7624,8,0,0,0,0,0,0,0,0,7625,7,0,0,0,0,0,0,0,0
305,2017-04-19,09:02:33,444,pp1709,XDCE,7625,7603,7660,18962,722644670,536516,540702,8033,7269,7651,7687,0,7660,0,0,0,2017-04-19,32553444,7624,11,0,0,0,0,0,0,0,0,7625,3,0,0,0,0,0,0,0,0
306,2017-04-19,09:02:34,33,pp1709,XDCE,7625,7603,7660,18988,723635920,536492,540702,8033,7269,7651,7687,0,7660,0,0,0,2017-04-19,32554033,7625,26,0,0,0,0,0,0,0,0,7627,7,0,0,0,0,0,0,0,0
307,2017-04-19,09:02:34,560,pp1709,XDCE,7627,7603,7660,18994,723864710,536490,540702,8033,7269,7651,7687,0,7660,0,0,0,2017-04-19,32554560,7626,29,0,0,0,0,0,0,0,0,7627,5,0,0,0,0,0,0,0,0
308,2017-04-19,09:02:35,11,pp1709,XDCE,7626,7603,7660,19062,726458010,536428,540702,8033,7269,7651,7687,0,7660,0,0,0,2017-04-19,32555011,7626,28,0,0,0,0,0,0,0,0,7629,5,0,0,0,0,0,0,0,0
309,2017-04-19,09:02:35,498,pp1709,XDCE,7629,7603,7660,19086,727373400,536422,540702,8033,7269,7651,7687,0,7660,0,0,0,2017-04-19,32555498,7628,6,0,0,0,0,0,0,0,0,7629,1,0,0,0,0,0,0,0,0
310,2017-04-19,09:02:35,932,pp1709,XDCE,7628,7603,7660,19134,729204300,536386,540702,8033,7269,7651,7687,0,7660,0,0,0,2017-04-19,32555932,7627,24,0,0,0,0,0,0,0,0,7628,19,0,0,0,0,0,0,0,0
311,2017-04-19,09:02:36,567,pp1709,XDCE,7628,7603,7660,19156,730043330,536370,540702,8033,7269,7651,7687,0,7660,0,0,0,2017-04-19,32556567,7627,17,0,0,0,0,0,0,0,0,7628,13,0,0,0,0,0,0,0,0
312,2017-04-19,09:02:37,33,pp1709,XDCE,7628,7603,7660,19156,730043330,536370,540702,8033,7269,7651,7687,0,7660,0,0,0,2017-04-19,32557033,7627,18,0,0,0,0,0,0,0,0,7628,13,0,0,0,0,0,0,0,0
313,2017-04-19,09:02:37,528,pp1709,XDCE,7630,7603,7660,19216,732332040,536398,540702,8033,7269,7651,7687,0,7660,0,0,0,2017-04-19,32557528,7628,26,0,0,0,0,0,0,0,0,7629,7,0,0,0,0,0,0,0,0
314,2017-04-19,09:02:37,981,pp1709,XDCE,7628,7603,7660,19218,732408320,536398,540702,8033,7269,7651,7687,0,7660,0,0,0,2017-04-19,32557981,7629,19,0,0,0,0,0,0,0,0,7630,41,0,0,0,0,0,0,0,0
315,2017-04-19,09:02:38,535,pp1709,XDCE,7628,7603,7660,19322,736375070,536380,540702,8033,7269,7651,7687,0,7660,0,0,0,2017-04-19,32558535,7625,26,0,0,0,0,0,0,0,0,7628,34,0,0,0,0,0,0,0,0
316,2017-04-19,09:02:38,958,pp1709,XDCE,7628,7603,7660,19322,736375070,536380,540702,8033,7269,7651,7687,0,7660,0,0,0,2017-04-19,32558958,7626,1,0,0,0,0,0,0,0,0,7627,3,0,0,0,0,0,0,0,0
317,2017-04-19,09:02:39,355,pp1709,XDCE,7626,7603,7660,19326,736527590,536380,540702,8033,7269,7651,7687,0,7660,0,0,0,2017-04-19,32559355,7625,26,0,0,0,0,0,0,0,0,7626,1,0,0,0,0,0,0,0,0
318,2017-04-19,09:02:39,983,pp1709,XDCE,7627,7603,7660,19336,736908930,536370,540702,8033,7269,7651,7687,0,7660,0,0,0,2017-04-19,32559983,7625,26,0,0,0,0,0,0,0,0,7627,7,0,0,0,0,0,0,0,0
319,2017-04-19,09:02:40,486,pp1709,XDCE,7627,7603,7660,19336,736908930,536370,540702,8033,7269,7651,7687,0,7660,0,0,0,2017-04-19,32560486,7627,31,0,0,0,0,0,0,0,0,7628,6,0,0,0,0,0,0,0,0
320,2017-04-19,09:02:40,886,pp1709,XDCE,7627,7603,7660,19338,736985200,536368,540702,8033,7269,7651,7687,0,7660,0,0,0,2017-04-19,32560886,7627,30,0,0,0,0,0,0,0,0,7628,6,0,0,0,0,0,0,0,0
321,2017-04-19,09:02:41,545,pp1709,XDCE,7627,7603,7660,19342,737137750,536364,540702,8033,7269,7651,7687,0,7660,0,0,0,2017-04-19,32561545,7627,29,0,0,0,0,0,0,0,0,7628,4,0,0,0,0,0,0,0,0
322,2017-04-19,09:02:41,671,pp1709,XDCE,7628,7603,7660,19346,737290300,536364,540702,8033,7269,7651,7687,0,7660,0,0,0,2017-04-19,32561671,7627,28,0,0,0,0,0,0,0,0,7628,3,0,0,0,0,0,0,0,0
323,2017-04-19,09:02:42,550,pp1709,XDCE,7627,7603,7660,19380,738586920,536382,540702,8033,7269,7651,7687,0,7660,0,0,0,2017-04-19,32562550,7626,4,0,0,0,0,0,0,0,0,7627,84,0,0,0,0,0,0,0,0
324,2017-04-19,09:02:43,35,pp1709,XDCE,7626,7603,7660,19408,739654560,536354,540702,8033,7269,7651,7687,0,7660,0,0,0,2017-04-19,32563035,7625,27,0,0,0,0,0,0,0,0,7627,111,0,0,0,0,0,0,0,0
325,2017-04-19,09:02:43,563,pp1709,XDCE,7627,7603,7660,19418,740035910,536358,540702,8033,7269,7651,7687,0,7660,0,0,0,2017-04-19,32563563,7625,27,0,0,0,0,0,0,0,0,7627,106,0,0,0,0,0,0,0,0
326,2017-04-19,09:02:44,40,pp1709,XDCE,7626,7603,7660,19488,742704760,536306,540702,8033,7269,7651,7687,0,7660,0,0,0,2017-04-19,32564040,7624,1,0,0,0,0,0,0,0,0,7625,3,0,0,0,0,0,0,0,0
327,2017-04-19,09:02:44,369,pp1709,XDCE,7625,7603,7660,19494,742933500,536302,540702,8033,7269,7651,7687,0,7660,0,0,0,2017-04-19,32564369,7623,8,0,0,0,0,0,0,0,0,7625,1,0,0,0,0,0,0,0,0
328,2017-04-19,09:02:44,963,pp1709,XDCE,7625,7603,7660,19494,742933500,536302,540702,8033,7269,7651,7687,0,7660,0,0,0,2017-04-19,32564963,7623,8,0,0,0,0,0,0,0,0,7625,3,0,0,0,0,0,0,0,0
329,2017-04-19,09:02:45,452,pp1709,XDCE,7626,7603,7660,19504,743314770,536298,540702,8033,7269,7651,7687,0,7660,0,0,0,2017-04-19,32565452,7625,13,0,0,0,0,0,0,0,0,7626,96,0,0,0,0,0,0,0,0
330,2017-04-19,09:02:45,966,pp1709,XDCE,7626,7603,7660,19546,744916230,536338,540702,8033,7269,7651,7687,0,7660,0,0,0,2017-04-19,32565966,7625,20,0,0,0,0,0,0,0,0,7626,75,0,0,0,0,0,0,0,0
331,2017-04-19,09:02:46,479,pp1709,XDCE,7626,7603,7660,19608,747280290,536350,540702,8033,7269,7651,7687,0,7660,0,0,0,2017-04-19,32566479,7625,20,0,0,0,0,0,0,0,0,7626,45,0,0,0,0,0,0,0,0
332,2017-04-19,09:02:46,865,pp1709,XDCE,7626,7603,7660,19628,748042890,536350,540702,8033,7269,7651,7687,0,7660,0,0,0,2017-04-19,32566865,7625,20,0,0,0,0,0,0,0,0,7626,36,0,0,0,0,0,0,0,0
333,2017-04-19,09:02:47,501,pp1709,XDCE,7626,7603,7660,19700,750788250,536348,540702,8033,7269,7651,7687,0,7660,0,0,0,2017-04-19,32567501,7626,4,0,0,0,0,0,0,0,0,7627,106,0,0,0,0,0,0,0,0
334,2017-04-19,09:02:47,883,pp1709,XDCE,7627,7603,7660,19900,758415250,536346,540702,8033,7269,7651,7687,0,7660,0,0,0,2017-04-19,32567883,7626,6,0,0,0,0,0,0,0,0,7627,6,0,0,0,0,0,0,0,0
335,2017-04-19,09:02:48,452,pp1709,XDCE,7628,7603,7660,19928,759483110,536334,540702,8033,7269,7651,7687,0,7660,0,0,0,2017-04-19,32568452,7628,6,0,0,0,0,0,0,0,0,7629,79,0,0,0,0,0,0,0,0
336,2017-04-19,09:02:48,991,pp1709,XDCE,7628,7603,7660,19936,759788260,536340,540702,8033,7269,7651,7687,0,7660,0,0,0,2017-04-19,32568991,7628,6,0,0,0,0,0,0,0,0,7629,76,0,0,0,0,0,0,0,0
337,2017-04-19,09:02:49,575,pp1709,XDCE,7629,7603,7660,20088,765586300,536342,540702,8033,7269,7651,7687,0,7660,0,0,0,2017-04-19,32569575,7629,51,0,0,0,0,0,0,0,0,7630,34,0,0,0,0,0,0,0,0
338,2017-04-19,09:02:49,969,pp1709,XDCE,7630,7603,7660,20176,768943500,536344,540702,8033,7269,7651,7687,0,7660,0,0,0,2017-04-19,32569969,7630,36,0,0,0,0,0,0,0,0,7633,204,0,0,0,0,0,0,0,0
339,2017-04-19,09:02:50,456,pp1709,XDCE,7631,7603,7660,20264,772300850,536272,540702,8033,7269,7651,7687,0,7660,0,0,0,2017-04-19,32570456,7631,5,0,0,0,0,0,0,0,0,7632,29,0,0,0,0,0,0,0,0
340,2017-04-19,09:02:51,53,pp1709,XDCE,7629,7603,7660,20294,773445340,536244,540702,8033,7269,7651,7687,0,7660,0,0,0,2017-04-19,32571053,7628,169,0,0,0,0,0,0,0,0,7629,24,0,0,0,0,0,0,0,0
341,2017-04-19,09:02:51,572,pp1709,XDCE,7627,7603,7660,20640,786641750,536238,540702,8033,7269,7651,7687,0,7660,0,0,0,2017-04-19,32571572,7626,63,0,0,0,0,0,0,0,0,7627,16,0,0,0,0,0,0,0,0
342,2017-04-19,09:02:51,965,pp1709,XDCE,7626,7603,7660,20822,793581210,536098,540702,8033,7269,7651,7687,0,7660,0,0,0,2017-04-19,32571965,7624,1,0,0,0,0,0,0,0,0,7626,14,0,0,0,0,0,0,0,0
343,2017-04-19,09:02:52,555,pp1709,XDCE,7626,7603,7660,20844,794420000,536082,540702,8033,7269,7651,7687,0,7660,0,0,0,2017-04-19,32572555,7624,10,0,0,0,0,0,0,0,0,7626,7,0,0,0,0,0,0,0,0
344,2017-04-19,09:02:52,921,pp1709,XDCE,7626,7603,7660,20888,796097300,536044,540702,8033,7269,7651,7687,0,7660,0,0,0,2017-04-19,32572921,7623,65,0,0,0,0,0,0,0,0,7626,4,0,0,0,0,0,0,0,0
345,2017-04-19,09:02:53,444,pp1709,XDCE,7624,7603,7660,20908,796859810,536026,540702,8033,7269,7651,7687,0,7660,0,0,0,2017-04-19,32573444,7624,6,0,0,0,0,0,0,0,0,7626,5,0,0,0,0,0,0,0,0
346,2017-04-19,09:02:54,80,pp1709,XDCE,7624,7603,7660,20920,797317250,536014,540702,8033,7269,7651,7687,0,7660,0,0,0,2017-04-19,32574080,7623,64,0,0,0,0,0,0,0,0,7624,4,0,0,0,0,0,0,0,0
347,2017-04-19,09:02:54,564,pp1709,XDCE,7623,7603,7660,20946,798308340,535990,540702,8033,7269,7651,7687,0,7660,0,0,0,2017-04-19,32574564,7623,58,0,0,0,0,0,0,0,0,7625,2,0,0,0,0,0,0,0,0
348,2017-04-19,09:02:54,988,pp1709,XDCE,7625,7603,7660,20950,798460820,535990,540702,8033,7269,7651,7687,0,7660,0,0,0,2017-04-19,32574988,7623,2,0,0,0,0,0,0,0,0,7625,1,0,0,0,0,0,0,0,0
349,2017-04-19,09:02:55,433,pp1709,XDCE,7627,7603,7660,20974,799375950,535968,540702,8033,7269,7651,7687,0,7660,0,0,0,2017-04-19,32575433,7623,1,0,0,0,0,0,0,0,0,7627,1,0,0,0,0,0,0,0,0
350,2017-04-19,09:02:55,959,pp1709,XDCE,7626,7603,7660,21008,800671970,535946,540702,8033,7269,7651,7687,0,7660,0,0,0,2017-04-19,32575959,7625,2,0,0,0,0,0,0,0,0,7626,6,0,0,0,0,0,0,0,0
351,2017-04-19,09:02:56,574,pp1709,XDCE,7625,7603,7660,21012,800824480,535944,540702,8033,7269,7651,7687,0,7660,0,0,0,2017-04-19,32576574,7626,5,0,0,0,0,0,0,0,0,7627,6,0,0,0,0,0,0,0,0
352,2017-04-19,09:02:57,63,pp1709,XDCE,7626,7603,7660,21046,802120960,535922,540702,8033,7269,7651,7687,0,7660,0,0,0,2017-04-19,32577063,7626,20,0,0,0,0,0,0,0,0,7628,3,0,0,0,0,0,0,0,0
353,2017-04-19,09:02:57,557,pp1709,XDCE,7626,7603,7660,21050,802273490,535918,540702,8033,7269,7651,7687,0,7660,0,0,0,2017-04-19,32577557,7626,18,0,0,0,0,0,0,0,0,7627,3,0,0,0,0,0,0,0,0
354,2017-04-19,09:02:58,4,pp1709,XDCE,7626,7603,7660,21052,802349750,535918,540702,8033,7269,7651,7687,0,7660,0,0,0,2017-04-19,32578004,7626,17,0,0,0,0,0,0,0,0,7627,3,0,0,0,0,0,0,0,0
355,2017-04-19,09:02:58,996,pp1709,XDCE,7626,7603,7660,21054,802426010,535918,540702,8033,7269,7651,7687,0,7660,0,0,0,2017-04-19,32578996,7626,16,0,0,0,0,0,0,0,0,7627,3,0,0,0,0,0,0,0,0
356,2017-04-19,09:02:59,480,pp1709,XDCE,7626,7603,7660,21062,802731080,535918,540702,8033,7269,7651,7687,0,7660,0,0,0,2017-04-19,32579480,7627,2,0,0,0,0,0,0,0,0,7628,4,0,0,0,0,0,0,0,0
357,2017-04-19,09:03:00,80,pp1709,XDCE,7628,7603,7660,21066,802883640,535920,540702,8033,7269,7651,7687,0,7660,0,0,0,2017-04-19,32580080,7627,3,0,0,0,0,0,0,0,0,7629,13,0,0,0,0,0,0,0,0
358,2017-04-19,09:03:00,488,pp1709,XDCE,7628,7603,7660,21080,803417590,535920,540702,8033,7269,7651,7687,0,7660,0,0,0,2017-04-19,32580488,7627,1,0,0,0,0,0,0,0,0,7628,14,0,0,0,0,0,0,0,0
359,2017-04-19,09:03:00,953,pp1709,XDCE,7627,7603,7660,21104,804332850,535920,540702,8033,7269,7651,7687,0,7660,0,0,0,2017-04-19,32580953,7627,6,0,0,0,0,0,0,0,0,7629,1,0,0,0,0,0,0,0,0
360,2017-04-19,09:03:01,499,pp1709,XDCE,7625,7603,7660,21144,805857970,535938,540702,8033,7269,7651,7687,0,7660,0,0,0,2017-04-19,32581499,7626,5,0,0,0,0,0,0,0,0,7627,6,0,0,0,0,0,0,0,0
361,2017-04-19,09:03:02,39,pp1709,XDCE,7628,7603,7660,21164,806620660,535926,540702,8033,7269,7651,7687,0,7660,0,0,0,2017-04-19,32582039,7627,1,0,0,0,0,0,0,0,0,7629,6,0,0,0,0,0,0,0,0
362,2017-04-19,09:03:02,567,pp1709,XDCE,7627,7603,7660,21166,806696930,535928,540702,8033,7269,7651,7687,0,7660,0,0,0,2017-04-19,32582567,7626,5,0,0,0,0,0,0,0,0,7627,1,0,0,0,0,0,0,0,0
363,2017-04-19,09:03:02,812,pp1709,XDCE,7629,7603,7660,21194,807764850,535902,540702,8033,7269,7651,7687,0,7660,0,0,0,2017-04-19,32582812,7627,11,0,0,0,0,0,0,0,0,7629,1,0,0,0,0,0,0,0,0
364,2017-04-19,09:03:03,545,pp1709,XDCE,7628,7603,7660,21200,807993700,535900,540702,8033,7269,7651,7687,0,7660,0,0,0,2017-04-19,32583545,7628,1,0,0,0,0,0,0,0,0,7630,10,0,0,0,0,0,0,0,0
365,2017-04-19,09:03:04,24,pp1709,XDCE,7630,7603,7660,21204,808146290,535898,540702,8033,7269,7651,7687,0,7660,0,0,0,2017-04-19,32584024,7628,3,0,0,0,0,0,0,0,0,7630,5,0,0,0,0,0,0,0,0
366,2017-04-19,09:03:04,525,pp1709,XDCE,7630,7603,7660,21210,808375170,535896,540702,8033,7269,7651,7687,0,7660,0,0,0,2017-04-19,32584525,7628,5,0,0,0,0,0,0,0,0,7630,7,0,0,0,0,0,0,0,0
367,2017-04-19,09:03:05,31,pp1709,XDCE,7628,7603,7660,21212,808451450,535896,540702,8033,7269,7651,7687,0,7660,0,0,0,2017-04-19,32585031,7628,4,0,0,0,0,0,0,0,0,7630,3,0,0,0,0,0,0,0,0
368,2017-04-19,09:03:05,427,pp1709,XDCE,7628,7603,7660,21212,808451450,535896,540702,8033,7269,7651,7687,0,7660,0,0,0,2017-04-19,32585427,7628,4,0,0,0,0,0,0,0,0,7629,14,0,0,0,0,0,0,0,0
369,2017-04-19,09:03:05,929,pp1709,XDCE,7627,7603,7660,21224,808909110,535888,540702,8033,7269,7651,7687,0,7660,0,0,0,2017-04-19,32585929,7626,8,0,0,0,0,0,0,0,0,7628,1,0,0,0,0,0,0,0,0
370,2017-04-19,09:03:06,424,pp1709,XDCE,7627,7603,7660,21226,808985380,535890,540702,8033,7269,7651,7687,0,7660,0,0,0,2017-04-19,32586424,7627,4,0,0,0,0,0,0,0,0,7628,3,0,0,0,0,0,0,0,0
371,2017-04-19,09:03:07,53,pp1709,XDCE,7627,7603,7660,21226,808985380,535890,540702,8033,7269,7651,7687,0,7660,0,0,0,2017-04-19,32587053,7627,5,0,0,0,0,0,0,0,0,7628,16,0,0,0,0,0,0,0,0
372,2017-04-19,09:03:07,439,pp1709,XDCE,7628,7603,7660,21262,810358420,535860,540702,8033,7269,7651,7687,0,7660,0,0,0,2017-04-19,32587439,7628,4,0,0,0,0,0,0,0,0,7629,3,0,0,0,0,0,0,0,0
373,2017-04-19,09:03:08,65,pp1709,XDCE,7626,7603,7660,21288,811349930,535862,540702,8033,7269,7651,7687,0,7660,0,0,0,2017-04-19,32588065,7627,1,0,0,0,0,0,0,0,0,7628,9,0,0,0,0,0,0,0,0
374,2017-04-19,09:03:08,539,pp1709,XDCE,7628,7603,7660,21292,811502480,535860,540702,8033,7269,7651,7687,0,7660,0,0,0,2017-04-19,32588539,7626,3,0,0,0,0,0,0,0,0,7628,9,0,0,0,0,0,0,0,0
375,2017-04-19,09:03:09,17,pp1709,XDCE,7628,7603,7660,21318,812493910,535870,540702,8033,7269,7651,7687,0,7660,0,0,0,2017-04-19,32589017,7625,5,0,0,0,0,0,0,0,0,7628,4,0,0,0,0,0,0,0,0
376,2017-04-19,09:03:09,575,pp1709,XDCE,7628,7603,7660,21326,812799030,535870,540702,8033,7269,7651,7687,0,7660,0,0,0,2017-04-19,32589575,7626,1,0,0,0,0,0,0,0,0,7628,8,0,0,0,0,0,0,0,0
377,2017-04-19,09:03:10,76,pp1709,XDCE,7625,7603,7660,21332,813027790,535870,540702,8033,7269,7651,7687,0,7660,0,0,0,2017-04-19,32590076,7625,3,0,0,0,0,0,0,0,0,7626,25,0,0,0,0,0,0,0,0
378,2017-04-19,09:03:10,510,pp1709,XDCE,7626,7603,7660,21358,814019080,535858,540702,8033,7269,7651,7687,0,7660,0,0,0,2017-04-19,32590510,7625,3,0,0,0,0,0,0,0,0,7626,19,0,0,0,0,0,0,0,0
379,2017-04-19,09:03:10,959,pp1709,XDCE,7626,7603,7660,21390,815239150,535850,540702,8033,7269,7651,7687,0,7660,0,0,0,2017-04-19,32590959,7624,28,0,0,0,0,0,0,0,0,7626,10,0,0,0,0,0,0,0,0
380,2017-04-19,09:03:11,581,pp1709,XDCE,7626,7603,7660,21410,816001750,535830,540702,8033,7269,7651,7687,0,7660,0,0,0,2017-04-19,32591581,7624,27,0,0,0,0,0,0,0,0,7628,6,0,0,0,0,0,0,0,0
381,2017-04-19,09:03:11,896,pp1709,XDCE,7626,7603,7660,21410,816001750,535830,540702,8033,7269,7651,7687,0,7660,0,0,0,2017-04-19,32591896,7625,4,0,0,0,0,0,0,0,0,7627,6,0,0,0,0,0,0,0,0
382,2017-04-19,09:03:12,517,pp1709,XDCE,7624,7603,7660,21428,816687970,535828,540702,8033,7269,7651,7687,0,7660,0,0,0,2017-04-19,32592517,7624,1,0,0,0,0,0,0,0,0,7625,5,0,0,0,0,0,0,0,0
383,2017-04-19,09:03:13,80,pp1709,XDCE,7625,7603,7660,21438,817069220,535818,540702,8033,7269,7651,7687,0,7660,0,0,0,2017-04-19,32593080,7626,4,0,0,0,0,0,0,0,0,7627,7,0,0,0,0,0,0,0,0
384,2017-04-19,09:03:13,479,pp1709,XDCE,7625,7603,7660,21450,817526720,535824,540702,8033,7269,7651,7687,0,7660,0,0,0,2017-04-19,32593479,7625,17,0,0,0,0,0,0,0,0,7627,7,0,0,0,0,0,0,0,0
385,2017-04-19,09:03:14,46,pp1709,XDCE,7625,7603,7660,21450,817526720,535824,540702,8033,7269,7651,7687,0,7660,0,0,0,2017-04-19,32594046,7625,16,0,0,0,0,0,0,0,0,7627,7,0,0,0,0,0,0,0,0
386,2017-04-19,09:03:15,525,pp1709,XDCE,7625,7603,7660,21450,817526720,535824,540702,8033,7269,7651,7687,0,7660,0,0,0,2017-04-19,32595525,7625,16,0,0,0,0,0,0,0,0,7627,9,0,0,0,0,0,0,0,0
387,2017-04-19,09:03:16,65,pp1709,XDCE,7625,7603,7660,21452,817602970,535822,540702,8033,7269,7651,7687,0,7660,0,0,0,2017-04-19,32596065,7624,3,0,0,0,0,0,0,0,0,7625,11,0,0,0,0,0,0,0,0
388,2017-04-19,09:03:16,579,pp1709,XDCE,7625,7603,7660,21452,817602970,535822,540702,8033,7269,7651,7687,0,7660,0,0,0,2017-04-19,32596579,7624,1,0,0,0,0,0,0,0,0,7625,11,0,0,0,0,0,0,0,0
389,2017-04-19,09:03:17,14,pp1709,XDCE,7625,7603,7660,21456,817755470,535818,540702,8033,7269,7651,7687,0,7660,0,0,0,2017-04-19,32597014,7624,1,0,0,0,0,0,0,0,0,7625,23,0,0,0,0,0,0,0,0
390,2017-04-19,09:03:17,573,pp1709,XDCE,7624,7603,7660,21482,818746710,535816,540702,8033,7269,7651,7687,0,7660,0,0,0,2017-04-19,32597573,7623,11,0,0,0,0,0,0,0,0,7624,1,0,0,0,0,0,0,0,0
391,2017-04-19,09:03:17,939,pp1709,XDCE,7625,7603,7660,21506,819661700,535810,540702,8033,7269,7651,7687,0,7660,0,0,0,2017-04-19,32597939,7623,14,0,0,0,0,0,0,0,0,7625,3,0,0,0,0,0,0,0,0
392,2017-04-19,09:03:18,546,pp1709,XDCE,7625,7603,7660,21506,819661700,535810,540702,8033,7269,7651,7687,0,7660,0,0,0,2017-04-19,32598546,7624,2,0,0,0,0,0,0,0,0,7625,1,0,0,0,0,0,0,0,0
393,2017-04-19,09:03:19,36,pp1709,XDCE,7623,7603,7660,21518,820119130,535806,540702,8033,7269,7651,7687,0,7660,0,0,0,2017-04-19,32599036,7622,32,0,0,0,0,0,0,0,0,7624,100,0,0,0,0,0,0,0,0
394,2017-04-19,09:03:19,575,pp1709,XDCE,7622,7603,7660,21540,820957580,535792,540702,8033,7269,7651,7687,0,7660,0,0,0,2017-04-19,32599575,7622,24,0,0,0,0,0,0,0,0,7623,7,0,0,0,0,0,0,0,0
395,2017-04-19,09:03:20,66,pp1709,XDCE,7623,7603,7660,21584,822634580,535770,540702,8033,7269,7651,7687,0,7660,0,0,0,2017-04-19,32600066,7622,18,0,0,0,0,0,0,0,0,7623,21,0,0,0,0,0,0,0,0
396,2017-04-19,09:03:20,559,pp1709,XDCE,7623,7603,7660,21612,823701690,535770,540702,8033,7269,7651,7687,0,7660,0,0,0,2017-04-19,32600559,7622,7,0,0,0,0,0,0,0,0,7623,23,0,0,0,0,0,0,0,0
397,2017-04-19,09:03:21,68,pp1709,XDCE,7622,7603,7660,21638,824692650,535750,540702,8033,7269,7651,7687,0,7660,0,0,0,2017-04-19,32601068,7622,4,0,0,0,0,0,0,0,0,7623,13,0,0,0,0,0,0,0,0
398,2017-04-19,09:03:21,381,pp1709,XDCE,7622,7603,7660,21650,825149970,535752,540702,8033,7269,7651,7687,0,7660,0,0,0,2017-04-19,32601381,7621,24,0,0,0,0,0,0,0,0,7622,44,0,0,0,0,0,0,0,0
399,2017-04-19,09:03:21,936,pp1709,XDCE,7621,7603,7660,21658,825454840,535752,540702,8033,7269,7651,7687,0,7660,0,0,0,2017-04-19,32601936,7621,23,0,0,0,0,0,0,0,0,7622,42,0,0,0,0,0,0,0,0
400,2017-04-19,09:03:22,357,pp1709,XDCE,7621,7603,7660,21662,825607270,535754,540702,8033,7269,7651,7687,0,7660,0,0,0,2017-04-19,32602357,7621,22,0,0,0,0,0,0,0,0,7622,41,0,0,0,0,0,0,0,0
401,2017-04-19,09:03:23,72,pp1709,XDCE,7621,7603,7660,21686,826521790,535736,540702,8033,7269,7651,7687,0,7660,0,0,0,2017-04-19,32603072,7621,10,0,0,0,0,0,0,0,0,7622,45,0,0,0,0,0,0,0,0
402,2017-04-19,09:03:23,515,pp1709,XDCE,7621,7603,7660,21706,827283890,535720,540702,8033,7269,7651,7687,0,7660,0,0,0,2017-04-19,32603515,7620,64,0,0,0,0,0,0,0,0,7621,4,0,0,0,0,0,0,0,0
403,2017-04-19,09:03:23,978,pp1709,XDCE,7620,7603,7660,21762,829417490,535706,540702,8033,7269,7651,7687,0,7660,0,0,0,2017-04-19,32603978,7620,36,0,0,0,0,0,0,0,0,7621,40,0,0,0,0,0,0,0,0
404,2017-04-19,09:03:24,568,pp1709,XDCE,7621,7603,7660,21808,831170160,535664,540702,8033,7269,7651,7687,0,7660,0,0,0,2017-04-19,32604568,7620,20,0,0,0,0,0,0,0,0,7621,35,0,0,0,0,0,0,0,0
405,2017-04-19,09:03:25,12,pp1709,XDCE,7619,7603,7660,21868,833456060,535642,540702,8033,7269,7651,7687,0,7660,0,0,0,2017-04-19,32605012,7619,44,0,0,0,0,0,0,0,0,7620,28,0,0,0,0,0,0,0,0
406,2017-04-19,09:03:25,557,pp1709,XDCE,7619,7603,7660,21950,836579850,535568,540702,8033,7269,7651,7687,0,7660,0,0,0,2017-04-19,32605557,7619,3,0,0,0,0,0,0,0,0,7620,34,0,0,0,0,0,0,0,0
407,2017-04-19,09:03:26,54,pp1709,XDCE,7619,7603,7660,21958,836884610,535568,540702,8033,7269,7651,7687,0,7660,0,0,0,2017-04-19,32606054,7618,78,0,0,0,0,0,0,0,0,7619,2,0,0,0,0,0,0,0,0
408,2017-04-19,09:03:26,574,pp1709,XDCE,7620,7603,7660,22000,838484780,535604,540702,8033,7269,7651,7687,0,7660,0,0,0,2017-04-19,32606574,7618,77,0,0,0,0,0,0,0,0,7620,16,0,0,0,0,0,0,0,0
409,2017-04-19,09:03:26,980,pp1709,XDCE,7619,7603,7660,22006,838713350,535602,540702,8033,7269,7651,7687,0,7660,0,0,0,2017-04-19,32606980,7618,77,0,0,0,0,0,0,0,0,7620,16,0,0,0,0,0,0,0,0
410,2017-04-19,09:03:27,543,pp1709,XDCE,7620,7603,7660,22090,841914000,535534,540702,8033,7269,7651,7687,0,7660,0,0,0,2017-04-19,32607543,7620,183,0,0,0,0,0,0,0,0,7621,12,0,0,0,0,0,0,0,0
411,2017-04-19,09:03:28,6,pp1709,XDCE,7621,7603,7660,22234,847401660,535444,540702,8033,7269,7651,7687,0,7660,0,0,0,2017-04-19,32608006,7621,15,0,0,0,0,0,0,0,0,7622,8,0,0,0,0,0,0,0,0
412,2017-04-19,09:03:28,556,pp1709,XDCE,7621,7603,7660,22256,848240050,535422,540702,8033,7269,7651,7687,0,7660,0,0,0,2017-04-19,32608556,7621,1,0,0,0,0,0,0,0,0,7623,8,0,0,0,0,0,0,0,0
413,2017-04-19,09:03:29,73,pp1709,XDCE,7620,7603,7660,22322,850754660,535396,540702,8033,7269,7651,7687,0,7660,0,0,0,2017-04-19,32609073,7620,150,0,0,0,0,0,0,0,0,7621,5,0,0,0,0,0,0,0,0
414,2017-04-19,09:03:29,569,pp1709,XDCE,7620,7603,7660,22378,852888260,535346,540702,8033,7269,7651,7687,0,7660,0,0,0,2017-04-19,32609569,7620,122,0,0,0,0,0,0,0,0,7621,14,0,0,0,0,0,0,0,0
415,2017-04-19,09:03:29,949,pp1709,XDCE,7620,7603,7660,22392,853421660,535332,540702,8033,7269,7651,7687,0,7660,0,0,0,2017-04-19,32609949,7620,115,0,0,0,0,0,0,0,0,7621,14,0,0,0,0,0,0,0,0
416,2017-04-19,09:03:30,518,pp1709,XDCE,7620,7603,7660,22658,863556410,535116,540702,8033,7269,7651,7687,0,7660,0,0,0,2017-04-19,32610518,7621,1,0,0,0,0,0,0,0,0,7623,12,0,0,0,0,0,0,0,0
417,2017-04-19,09:03:31,53,pp1709,XDCE,7620,7603,7660,22680,864394650,535130,540702,8033,7269,7651,7687,0,7660,0,0,0,2017-04-19,32611053,7620,1,0,0,0,0,0,0,0,0,7621,3,0,0,0,0,0,0,0,0
418,2017-04-19,09:03:31,527,pp1709,XDCE,7620,7603,7660,22682,864470850,535130,540702,8033,7269,7651,7687,0,7660,0,0,0,2017-04-19,32611527,7619,22,0,0,0,0,0,0,0,0,7621,8,0,0,0,0,0,0,0,0
419,2017-04-19,09:03:32,75,pp1709,XDCE,7620,7603,7660,22682,864470850,535130,540702,8033,7269,7651,7687,0,7660,0,0,0,2017-04-19,32612075,7619,22,0,0,0,0,0,0,0,0,7621,6,0,0,0,0,0,0,0,0
420,2017-04-19,09:03:32,533,pp1709,XDCE,7621,7603,7660,22690,864775670,535126,540702,8033,7269,7651,7687,0,7660,0,0,0,2017-04-19,32612533,7619,22,0,0,0,0,0,0,0,0,7621,5,0,0,0,0,0,0,0,0
421,2017-04-19,09:03:33,59,pp1709,XDCE,7619,7603,7660,22734,866451950,535126,540702,8033,7269,7651,7687,0,7660,0,0,0,2017-04-19,32613059,7619,10,0,0,0,0,0,0,0,0,7621,1,0,0,0,0,0,0,0,0
422,2017-04-19,09:03:33,541,pp1709,XDCE,7619,7603,7660,22756,867290060,535110,540702,8033,7269,7651,7687,0,7660,0,0,0,2017-04-19,32613541,7620,1,0,0,0,0,0,0,0,0,7621,4,0,0,0,0,0,0,0,0
423,2017-04-19,09:03:34,58,pp1709,XDCE,7621,7603,7660,22766,867671090,535110,540702,8033,7269,7651,7687,0,7660,0,0,0,2017-04-19,32614058,7619,11,0,0,0,0,0,0,0,0,7621,1,0,0,0,0,0,0,0,0
424,2017-04-19,09:03:34,541,pp1709,XDCE,7619,7603,7660,22776,868052060,535104,540702,8033,7269,7651,7687,0,7660,0,0,0,2017-04-19,32614541,7619,8,0,0,0,0,0,0,0,0,7620,23,0,0,0,0,0,0,0,0
425,2017-04-19,09:03:35,47,pp1709,XDCE,7620,7603,7660,22784,868356860,535104,540702,8033,7269,7651,7687,0,7660,0,0,0,2017-04-19,32615047,7619,8,0,0,0,0,0,0,0,0,7620,19,0,0,0,0,0,0,0,0
426,2017-04-19,09:03:35,540,pp1709,XDCE,7619,7603,7660,22788,868509240,535100,540702,8033,7269,7651,7687,0,7660,0,0,0,2017-04-19,32615540,7619,6,0,0,0,0,0,0,0,0,7620,19,0,0,0,0,0,0,0,0
427,2017-04-19,09:03:35,910,pp1709,XDCE,7619,7603,7660,22816,869575940,535100,540702,8033,7269,7651,7687,0,7660,0,0,0,2017-04-19,32615910,7618,80,0,0,0,0,0,0,0,0,7619,92,0,0,0,0,0,0,0,0
428,2017-04-19,09:03:36,520,pp1709,XDCE,7618,7603,7660,22828,870033060,535100,540702,8033,7269,7651,7687,0,7660,0,0,0,2017-04-19,32616520,7618,78,0,0,0,0,0,0,0,0,7619,90,0,0,0,0,0,0,0,0
429,2017-04-19,09:03:37,73,pp1709,XDCE,7618,7603,7660,22858,871175830,535112,540702,8033,7269,7651,7687,0,7660,0,0,0,2017-04-19,32617073,7618,70,0,0,0,0,0,0,0,0,7619,83,0,0,0,0,0,0,0,0
430,2017-04-19,09:03:37,581,pp1709,XDCE,7619,7603,7660,22882,872090090,535116,540702,8033,7269,7651,7687,0,7660,0,0,0,2017-04-19,32617581,7618,68,0,0,0,0,0,0,0,0,7619,74,0,0,0,0,0,0,0,0
431,2017-04-19,09:03:37,884,pp1709,XDCE,7619,7603,7660,22888,872318640,535116,540702,8033,7269,7651,7687,0,7660,0,0,0,2017-04-19,32617884,7618,66,0,0,0,0,0,0,0,0,7619,74,0,0,0,0,0,0,0,0
432,2017-04-19,09:03:38,522,pp1709,XDCE,7619,7603,7660,22898,872699550,535126,540702,8033,7269,7651,7687,0,7660,0,0,0,2017-04-19,32618522,7618,62,0,0,0,0,0,0,0,0,7619,73,0,0,0,0,0,0,0,0
433,2017-04-19,09:03:39,32,pp1709,XDCE,7619,7603,7660,22938,874223200,535156,540702,8033,7269,7651,7687,0,7660,0,0,0,2017-04-19,32619032,7618,49,0,0,0,0,0,0,0,0,7619,68,0,0,0,0,0,0,0,0
434,2017-04-19,09:03:39,447,pp1709,XDCE,7618,7603,7660,22944,874451740,535158,540702,8033,7269,7651,7687,0,7660,0,0,0,2017-04-19,32619447,7618,46,0,0,0,0,0,0,0,0,7619,68,0,0,0,0,0,0,0,0
435,2017-04-19,09:03:39,948,pp1709,XDCE,7619,7603,7660,22980,875823160,535158,540702,8033,7269,7651,7687,0,7660,0,0,0,2017-04-19,32619948,7618,46,0,0,0,0,0,0,0,0,7619,50,0,0,0,0,0,0,0,0
436,2017-04-19,09:03:40,574,pp1709,XDCE,7621,7603,7660,23126,881385300,535152,540702,8033,7269,7651,7687,0,7660,0,0,0,2017-04-19,32620574,7620,10,0,0,0,0,0,0,0,0,7621,13,0,0,0,0,0,0,0,0
437,2017-04-19,09:03:40,855,pp1709,XDCE,7621,7603,7660,23140,881918770,535152,540702,8033,7269,7651,7687,0,7660,0,0,0,2017-04-19,32620855,7620,10,0,0,0,0,0,0,0,0,7621,6,0,0,0,0,0,0,0,0
438,2017-04-19,09:03:41,463,pp1709,XDCE,7620,7603,7660,23162,882757070,535142,540702,8033,7269,7651,7687,0,7660,0,0,0,2017-04-19,32621463,7620,21,0,0,0,0,0,0,0,0,7622,22,0,0,0,0,0,0,0,0
439,2017-04-19,09:03:41,996,pp1709,XDCE,7620,7603,7660,23170,883061870,535136,540702,8033,7269,7651,7687,0,7660,0,0,0,2017-04-19,32621996,7620,17,0,0,0,0,0,0,0,0,7622,21,0,0,0,0,0,0,0,0
440,2017-04-19,09:03:42,551,pp1709,XDCE,7620,7603,7660,23170,883061870,535136,540702,8033,7269,7651,7687,0,7660,0,0,0,2017-04-19,32622551,7621,7,0,0,0,0,0,0,0,0,7622,21,0,0,0,0,0,0,0,0
441,2017-04-19,09:03:43,70,pp1709,XDCE,7621,7603,7660,23172,883138080,535134,540702,8033,7269,7651,7687,0,7660,0,0,0,2017-04-19,32623070,7621,8,0,0,0,0,0,0,0,0,7622,18,0,0,0,0,0,0,0,0
442,2017-04-19,09:03:43,501,pp1709,XDCE,7621,7603,7660,23180,883442920,535134,540702,8033,7269,7651,7687,0,7660,0,0,0,2017-04-19,32623501,7621,6,0,0,0,0,0,0,0,0,7622,18,0,0,0,0,0,0,0,0
443,2017-04-19,09:03:44,67,pp1709,XDCE,7621,7603,7660,23180,883442920,535134,540702,8033,7269,7651,7687,0,7660,0,0,0,2017-04-19,32624067,7621,6,0,0,0,0,0,0,0,0,7622,118,0,0,0,0,0,0,0,0
444,2017-04-19,09:03:44,112,pp1709,XDCE,7621,7603,7660,23192,883900180,535122,540702,8033,7269,7651,7687,0,7660,0,0,0,2017-04-19,32624112,7620,3,0,0,0,0,0,0,0,0,7621,5,0,0,0,0,0,0,0,0
445,2017-04-19,09:03:45,314,pp1709,XDCE,7621,7603,7660,23192,883900180,535122,540702,8033,7269,7651,7687,0,7660,0,0,0,2017-04-19,32625314,7620,3,0,0,0,0,0,0,0,0,7621,6,0,0,0,0,0,0,0,0
446,2017-04-19,09:03:45,970,pp1709,XDCE,7621,7603,7660,23194,883976390,535120,540702,8033,7269,7651,7687,0,7660,0,0,0,2017-04-19,32625970,7620,3,0,0,0,0,0,0,0,0,7621,5,0,0,0,0,0,0,0,0
447,2017-04-19,09:03:46,329,pp1709,XDCE,7621,7603,7660,23198,884128800,535120,540702,8033,7269,7651,7687,0,7660,0,0,0,2017-04-19,32626329,7620,2,0,0,0,0,0,0,0,0,7621,4,0,0,0,0,0,0,0,0
448,2017-04-19,09:03:46,856,pp1709,XDCE,7621,7603,7660,23198,884128800,535120,540702,8033,7269,7651,7687,0,7660,0,0,0,2017-04-19,32626856,7620,2,0,0,0,0,0,0,0,0,7621,1,0,0,0,0,0,0,0,0
449,2017-04-19,09:03:47,440,pp1709,XDCE,7621,7603,7660,23200,884205010,535122,540702,8033,7269,7651,7687,0,7660,0,0,0,2017-04-19,32627440,7620,4,0,0,0,0,0,0,0,0,7622,123,0,0,0,0,0,0,0,0
450,2017-04-19,09:03:48,63,pp1709,XDCE,7621,7603,7660,23214,884738480,535122,540702,8033,7269,7651,7687,0,7660,0,0,0,2017-04-19,32628063,7621,3,0,0,0,0,0,0,0,0,7622,123,0,0,0,0,0,0,0,0
451,2017-04-19,09:03:48,362,pp1709,XDCE,7620,7603,7660,23222,885043310,535120,540702,8033,7269,7651,7687,0,7660,0,0,0,2017-04-19,32628362,7620,13,0,0,0,0,0,0,0,0,7622,123,0,0,0,0,0,0,0,0
452,2017-04-19,09:03:49,27,pp1709,XDCE,7620,7603,7660,23226,885195710,535116,540702,8033,7269,7651,7687,0,7660,0,0,0,2017-04-19,32629027,7620,12,0,0,0,0,0,0,0,0,7622,122,0,0,0,0,0,0,0,0
453,2017-04-19,09:03:49,414,pp1709,XDCE,7620,7603,7660,23238,885653010,535114,540702,8033,7269,7651,7687,0,7660,0,0,0,2017-04-19,32629414,7620,11,0,0,0,0,0,0,0,0,7622,111,0,0,0,0,0,0,0,0
454,2017-04-19,09:03:50,69,pp1709,XDCE,7620,7603,7660,23242,885805410,535110,540702,8033,7269,7651,7687,0,7660,0,0,0,2017-04-19,32630069,7620,10,0,0,0,0,0,0,0,0,7622,117,0,0,0,0,0,0,0,0
455,2017-04-19,09:03:50,576,pp1709,XDCE,7622,7603,7660,23248,886034070,535104,540702,8033,7269,7651,7687,0,7660,0,0,0,2017-04-19,32630576,7620,10,0,0,0,0,0,0,0,0,7621,3,0,0,0,0,0,0,0,0
456,2017-04-19,09:03:50,909,pp1709,XDCE,7622,7603,7660,23248,886034070,535104,540702,8033,7269,7651,7687,0,7660,0,0,0,2017-04-19,32630909,7620,10,0,0,0,0,0,0,0,0,7621,4,0,0,0,0,0,0,0,0
457,2017-04-19,09:03:51,581,pp1709,XDCE,7622,7603,7660,23370,890683400,535086,540702,8033,7269,7651,7687,0,7660,0,0,0,2017-04-19,32631581,7621,5,0,0,0,0,0,0,0,0,7622,63,0,0,0,0,0,0,0,0
458,2017-04-19,09:03:51,960,pp1709,XDCE,7624,7603,7660,23554,897696080,535040,540702,8033,7269,7651,7687,0,7660,0,0,0,2017-04-19,32631960,7624,29,0,0,0,0,0,0,0,0,7625,18,0,0,0,0,0,0,0,0
459,2017-04-19,09:03:52,406,pp1709,XDCE,7623,7603,7660,23632,900669610,535004,540702,8033,7269,7651,7687,0,7660,0,0,0,2017-04-19,32632406,7623,4,0,0,0,0,0,0,0,0,7625,10,0,0,0,0,0,0,0,0
460,2017-04-19,09:03:52,989,pp1709,XDCE,7625,7603,7660,23636,900822110,535000,540702,8033,7269,7651,7687,0,7660,0,0,0,2017-04-19,32632989,7624,4,0,0,0,0,0,0,0,0,7625,10,0,0,0,0,0,0,0,0
461,2017-04-19,09:03:53,476,pp1709,XDCE,7625,7603,7660,23644,901127110,534992,540702,8033,7269,7651,7687,0,7660,0,0,0,2017-04-19,32633476,7625,2,0,0,0,0,0,0,0,0,7626,30,0,0,0,0,0,0,0,0
462,2017-04-19,09:03:53,987,pp1709,XDCE,7622,7603,7660,23684,902651810,534964,540702,8033,7269,7651,7687,0,7660,0,0,0,2017-04-19,32633987,7622,49,0,0,0,0,0,0,0,0,7625,4,0,0,0,0,0,0,0,0
463,2017-04-19,09:03:54,489,pp1709,XDCE,7622,7603,7660,23790,906692060,534868,540702,8033,7269,7651,7687,0,7660,0,0,0,2017-04-19,32634489,7622,14,0,0,0,0,0,0,0,0,7625,28,0,0,0,0,0,0,0,0
464,2017-04-19,09:03:55,26,pp1709,XDCE,7625,7603,7660,23882,910198400,534846,540702,8033,7269,7651,7687,0,7660,0,0,0,2017-04-19,32635026,7621,11,0,0,0,0,0,0,0,0,7623,2,0,0,0,0,0,0,0,0
465,2017-04-19,09:03:55,549,pp1709,XDCE,7625,7603,7660,23882,910198400,534846,540702,8033,7269,7651,7687,0,7660,0,0,0,2017-04-19,32635549,7621,11,0,0,0,0,0,0,0,0,7623,9,0,0,0,0,0,0,0,0
466,2017-04-19,09:03:56,73,pp1709,XDCE,7621,7603,7660,23890,910503240,534850,540702,8033,7269,7651,7687,0,7660,0,0,0,2017-04-19,32636073,7621,7,0,0,0,0,0,0,0,0,7623,9,0,0,0,0,0,0,0,0
467,2017-04-19,09:03:56,428,pp1709,XDCE,7622,7603,7660,23912,911341660,534870,540702,8033,7269,7651,7687,0,7660,0,0,0,2017-04-19,32636428,7621,9,0,0,0,0,0,0,0,0,7622,89,0,0,0,0,0,0,0,0
468,2017-04-19,09:03:56,997,pp1709,XDCE,7622,7603,7660,23954,912942150,534848,540702,8033,7269,7651,7687,0,7660,0,0,0,2017-04-19,32636997,7620,30,0,0,0,0,0,0,0,0,7622,81,0,0,0,0,0,0,0,0
469,2017-04-19,09:03:57,398,pp1709,XDCE,7622,7603,7660,23956,913018370,534850,540702,8033,7269,7651,7687,0,7660,0,0,0,2017-04-19,32637398,7620,34,0,0,0,0,0,0,0,0,7622,83,0,0,0,0,0,0,0,0
470,2017-04-19,09:03:58,29,pp1709,XDCE,7622,7603,7660,24064,917134150,534934,540702,8033,7269,7651,7687,0,7660,0,0,0,2017-04-19,32638029,7621,24,0,0,0,0,0,0,0,0,7622,34,0,0,0,0,0,0,0,0
471,2017-04-19,09:03:58,447,pp1709,XDCE,7623,7603,7660,24150,920411700,535020,540702,8033,7269,7651,7687,0,7660,0,0,0,2017-04-19,32638447,7623,55,0,0,0,0,0,0,0,0,7624,1,0,0,0,0,0,0,0,0
472,2017-04-19,09:03:58,940,pp1709,XDCE,7624,7603,7660,24158,920716670,535014,540702,8033,7269,7651,7687,0,7660,0,0,0,2017-04-19,32638940,7624,3,0,0,0,0,0,0,0,0,7625,31,0,0,0,0,0,0,0,0
473,2017-04-19,09:03:59,484,pp1709,XDCE,7625,7603,7660,24194,922089150,534992,540702,8033,7269,7651,7687,0,7660,0,0,0,2017-04-19,32639484,7623,55,0,0,0,0,0,0,0,0,7625,14,0,0,0,0,0,0,0,0
474,2017-04-19,09:03:59,987,pp1709,XDCE,7623,7603,7660,24198,922241610,534996,540702,8033,7269,7651,7687,0,7660,0,0,0,2017-04-19,32639987,7623,53,0,0,0,0,0,0,0,0,7625,14,0,0,0,0,0,0,0,0
475,2017-04-19,09:04:00,569,pp1709,XDCE,7623,7603,7660,24198,922241610,534996,540702,8033,7269,7651,7687,0,7660,0,0,0,2017-04-19,32640569,7623,55,0,0,0,0,0,0,0,0,7625,14,0,0,0,0,0,0,0,0
476,2017-04-19,09:04:00,991,pp1709,XDCE,7624,7603,7660,24204,922470330,534996,540702,8033,7269,7651,7687,0,7660,0,0,0,2017-04-19,32640991,7623,55,0,0,0,0,0,0,0,0,7625,14,0,0,0,0,0,0,0,0
477,2017-04-19,09:04:01,471,pp1709,XDCE,7623,7603,7660,24224,923232630,535016,540702,8033,7269,7651,7687,0,7660,0,0,0,2017-04-19,32641471,7623,45,0,0,0,0,0,0,0,0,7625,4,0,0,0,0,0,0,0,0
478,2017-04-19,09:04:01,980,pp1709,XDCE,7623,7603,7660,24232,923537570,535020,540702,8033,7269,7651,7687,0,7660,0,0,0,2017-04-19,32641980,7623,42,0,0,0,0,0,0,0,0,7625,3,0,0,0,0,0,0,0,0
479,2017-04-19,09:04:02,420,pp1709,XDCE,7623,7603,7660,24232,923537570,535020,540702,8033,7269,7651,7687,0,7660,0,0,0,2017-04-19,32642420,7623,43,0,0,0,0,0,0,0,0,7625,3,0,0,0,0,0,0,0,0
480,2017-04-19,09:04:02,887,pp1709,XDCE,7623,7603,7660,24238,923766260,535022,540702,8033,7269,7651,7687,0,7660,0,0,0,2017-04-19,32642887,7623,40,0,0,0,0,0,0,0,0,7625,3,0,0,0,0,0,0,0,0
481,2017-04-19,09:04:03,513,pp1709,XDCE,7622,7603,7660,24402,930016660,535116,540702,8033,7269,7651,7687,0,7660,0,0,0,2017-04-19,32643513,7621,1,0,0,0,0,0,0,0,0,7622,22,0,0,0,0,0,0,0,0
482,2017-04-19,09:04:03,924,pp1709,XDCE,7622,7603,7660,24444,931617130,535106,540702,8033,7269,7651,7687,0,7660,0,0,0,2017-04-19,32643924,7621,1,0,0,0,0,0,0,0,0,7622,9,0,0,0,0,0,0,0,0
483,2017-04-19,09:04:04,479,pp1709,XDCE,7622,7603,7660,24452,931922010,535106,540702,8033,7269,7651,7687,0,7660,0,0,0,2017-04-19,32644479,7621,2,0,0,0,0,0,0,0,0,7622,5,0,0,0,0,0,0,0,0
484,2017-04-19,09:04:05,61,pp1709,XDCE,7621,7603,7660,24456,932074430,535106,540702,8033,7269,7651,7687,0,7660,0,0,0,2017-04-19,32645061,7620,19,0,0,0,0,0,0,0,0,7621,15,0,0,0,0,0,0,0,0
485,2017-04-19,09:04:05,532,pp1709,XDCE,7621,7603,7660,24474,932760300,535110,540702,8033,7269,7651,7687,0,7660,0,0,0,2017-04-19,32645532,7620,17,0,0,0,0,0,0,0,0,7621,9,0,0,0,0,0,0,0,0
486,2017-04-19,09:04:06,18,pp1709,XDCE,7622,7603,7660,24498,933674830,535126,540702,8033,7269,7651,7687,0,7660,0,0,0,2017-04-19,32646018,7621,13,0,0,0,0,0,0,0,0,7622,4,0,0,0,0,0,0,0,0
487,2017-04-19,09:04:06,555,pp1709,XDCE,7622,7603,7660,24518,934437100,535118,540702,8033,7269,7651,7687,0,7660,0,0,0,2017-04-19,32646555,7622,2,0,0,0,0,0,0,0,0,7624,32,0,0,0,0,0,0,0,0
488,2017-04-19,09:04:07,42,pp1709,XDCE,7622,7603,7660,24558,935961390,535116,540702,8033,7269,7651,7687,0,7660,0,0,0,2017-04-19,32647042,7622,3,0,0,0,0,0,0,0,0,7623,1,0,0,0,0,0,0,0,0
489,2017-04-19,09:04:07,564,pp1709,XDCE,7622,7603,7660,24566,936266270,535108,540702,8033,7269,7651,7687,0,7660,0,0,0,2017-04-19,32647564,7621,6,0,0,0,0,0,0,0,0,7622,4,0,0,0,0,0,0,0,0
490,2017-04-19,09:04:08,42,pp1709,XDCE,7621,7603,7660,24568,936342480,535108,540702,8033,7269,7651,7687,0,7660,0,0,0,2017-04-19,32648042,7621,5,0,0,0,0,0,0,0,0,7623,3,0,0,0,0,0,0,0,0
491,2017-04-19,09:04:09,56,pp1709,XDCE,7624,7603,7660,24578,936723630,535100,540702,8033,7269,7651,7687,0,7660,0,0,0,2017-04-19,32649056,7621,5,0,0,0,0,0,0,0,0,7624,12,0,0,0,0,0,0,0,0
492,2017-04-19,09:04:09,490,pp1709,XDCE,7624,7603,7660,24580,936799870,535098,540702,8033,7269,7651,7687,0,7660,0,0,0,2017-04-19,32649490,7621,4,0,0,0,0,0,0,0,0,7623,5,0,0,0,0,0,0,0,0
493,2017-04-19,09:04:09,979,pp1709,XDCE,7621,7603,7660,24582,936876080,535096,540702,8033,7269,7651,7687,0,7660,0,0,0,2017-04-19,32649979,7621,2,0,0,0,0,0,0,0,0,7623,5,0,0,0,0,0,0,0,0
494,2017-04-19,09:04:10,553,pp1709,XDCE,7623,7603,7660,24584,936952310,535094,540702,8033,7269,7651,7687,0,7660,0,0,0,2017-04-19,32650553,7621,2,0,0,0,0,0,0,0,0,7623,4,0,0,0,0,0,0,0,0
495,2017-04-19,09:04:10,870,pp1709,XDCE,7621,7603,7660,24594,937333360,535094,540702,8033,7269,7651,7687,0,7660,0,0,0,2017-04-19,32650870,7621,5,0,0,0,0,0,0,0,0,7622,103,0,0,0,0,0,0,0,0
496,2017-04-19,09:04:11,381,pp1709,XDCE,7621,7603,7660,24762,943733980,535066,540702,8033,7269,7651,7687,0,7660,0,0,0,2017-04-19,32651381,7621,54,0,0,0,0,0,0,0,0,7622,103,0,0,0,0,0,0,0,0
497,2017-04-19,09:04:11,864,pp1709,XDCE,7621,7603,7660,24870,947849320,535066,540702,8033,7269,7651,7687,0,7660,0,0,0,2017-04-19,32651864,7619,6,0,0,0,0,0,0,0,0,7621,7,0,0,0,0,0,0,0,0
498,2017-04-19,09:04:12,495,pp1709,XDCE,7621,7603,7660,24870,947849320,535066,540702,8033,7269,7651,7687,0,7660,0,0,0,2017-04-19,32652495,7619,8,0,0,0,0,0,0,0,0,7621,10,0,0,0,0,0,0,0,0
499,2017-04-19,09:04:12,967,pp1709,XDCE,7621,7603,7660,24876,948077930,535064,540702,8033,7269,7651,7687,0,7660,0,0,0,2017-04-19,32652967,7620,1,0,0,0,0,0,0,0,0,7621,8,0,0,0,0,0,0,0,0
500,2017-04-19,09:04:13,329,pp1709,XDCE,7620,7603,7660,24878,948154130,535064,540702,8033,7269,7651,7687,0,7660,0,0,0,2017-04-19,32653329,7619,5,0,0,0,0,0,0,0,0,7621,9,0,0,0,0,0,0,0,0
501,2017-04-19,09:04:13,863,pp1709,XDCE,7619,7603,7660,24884,948382700,535064,540702,8033,7269,7651,7687,0,7660,0,0,0,2017-04-19,32653863,7619,2,0,0,0,0,0,0,0,0,7620,5,0,0,0,0,0,0,0,0
502,2017-04-19,09:04:14,505,pp1709,XDCE,7618,7603,7660,24996,952648800,535058,540702,8033,7269,7651,7687,0,7660,0,0,0,2017-04-19,32654505,7618,10,0,0,0,0,0,0,0,0,7619,14,0,0,0,0,0,0,0,0
503,2017-04-19,09:04:15,30,pp1709,XDCE,7619,7603,7660,25030,953943890,535048,540702,8033,7269,7651,7687,0,7660,0,0,0,2017-04-19,32655030,7617,5,0,0,0,0,0,0,0,0,7619,5,0,0,0,0,0,0,0,0
504,2017-04-19,09:04:15,469,pp1709,XDCE,7617,7603,7660,25052,954781840,535040,540702,8033,7269,7651,7687,0,7660,0,0,0,2017-04-19,32655469,7617,1,0,0,0,0,0,0,0,0,7618,1,0,0,0,0,0,0,0,0
505,2017-04-19,09:04:16,24,pp1709,XDCE,7616,7603,7660,25098,956533610,535030,540702,8033,7269,7651,7687,0,7660,0,0,0,2017-04-19,32656024,7616,8,0,0,0,0,0,0,0,0,7618,100,0,0,0,0,0,0,0,0
506,2017-04-19,09:04:16,573,pp1709,XDCE,7615,7603,7660,25364,966664890,534844,540702,8033,7269,7651,7687,0,7660,0,0,0,2017-04-19,32656573,7617,1,0,0,0,0,0,0,0,0,7619,6,0,0,0,0,0,0,0,0
507,2017-04-19,09:04:17,81,pp1709,XDCE,7616,7603,7660,25384,967426570,534830,540702,8033,7269,7651,7687,0,7660,0,0,0,2017-04-19,32657081,7616,32,0,0,0,0,0,0,0,0,7617,9,0,0,0,0,0,0,0,0
508,2017-04-19,09:04:17,545,pp1709,XDCE,7616,7603,7660,25428,969102330,534816,540702,8033,7269,7651,7687,0,7660,0,0,0,2017-04-19,32657545,7615,196,0,0,0,0,0,0,0,0,7616,1,0,0,0,0,0,0,0,0
509,2017-04-19,09:04:17,992,pp1709,XDCE,7616,7603,7660,25452,970016440,534798,540702,8033,7269,7651,7687,0,7660,0,0,0,2017-04-19,32657992,7616,9,0,0,0,0,0,0,0,0,7619,12,0,0,0,0,0,0,0,0
510,2017-04-19,09:04:18,417,pp1709,XDCE,7616,7603,7660,25464,970473410,534796,540702,8033,7269,7651,7687,0,7660,0,0,0,2017-04-19,32658417,7615,196,0,0,0,0,0,0,0,0,7616,98,0,0,0,0,0,0,0,0
511,2017-04-19,09:04:19,70,pp1709,XDCE,7616,7603,7660,25496,971691900,534770,540702,8033,7269,7651,7687,0,7660,0,0,0,2017-04-19,32659070,7615,189,0,0,0,0,0,0,0,0,7616,89,0,0,0,0,0,0,0,0
512,2017-04-19,09:04:19,556,pp1709,XDCE,7615,7603,7660,25640,977175000,534766,540702,8033,7269,7651,7687,0,7660,0,0,0,2017-04-19,32659556,7615,147,0,0,0,0,0,0,0,0,7616,59,0,0,0,0,0,0,0,0
513,2017-04-19,09:04:20,79,pp1709,XDCE,7615,7603,7660,25662,978012690,534780,540702,8033,7269,7651,7687,0,7660,0,0,0,2017-04-19,32660079,7615,140,0,0,0,0,0,0,0,0,7616,55,0,0,0,0,0,0,0,0
514,2017-04-19,09:04:20,464,pp1709,XDCE,7616,7603,7660,25814,983800120,534844,540702,8033,7269,7651,7687,0,7660,0,0,0,2017-04-19,32660464,7615,67,0,0,0,0,0,0,0,0,7616,54,0,0,0,0,0,0,0,0
515,2017-04-19,09:04:21,3,pp1709,XDCE,7614,7603,7660,25970,989739710,534852,540702,8033,7269,7651,7687,0,7660,0,0,0,2017-04-19,32661003,7613,5,0,0,0,0,0,0,0,0,7614,1,0,0,0,0,0,0,0,0
516,2017-04-19,09:04:21,575,pp1709,XDCE,7612,7603,7660,26008,991186210,534850,540702,8033,7269,7651,7687,0,7660,0,0,0,2017-04-19,32661575,7612,10,0,0,0,0,0,0,0,0,7613,12,0,0,0,0,0,0,0,0
517,2017-04-19,09:04:22,63,pp1709,XDCE,7612,7603,7660,26166,997200110,534858,540702,8033,7269,7651,7687,0,7660,0,0,0,2017-04-19,32662063,7611,16,0,0,0,0,0,0,0,0,7612,29,0,0,0,0,0,0,0,0
518,2017-04-19,09:04:22,532,pp1709,XDCE,7612,7603,7660,26242,1000092670,534854,540702,8033,7269,7651,7687,0,7660,0,0,0,2017-04-19,32662532,7612,7,0,0,0,0,0,0,0,0,7614,4,0,0,0,0,0,0,0,0
519,2017-04-19,09:04:22,885,pp1709,XDCE,7611,7603,7660,26360,1004583210,534772,540702,8033,7269,7651,7687,0,7660,0,0,0,2017-04-19,32662885,7611,12,0,0,0,0,0,0,0,0,7614,2,0,0,0,0,0,0,0,0
520,2017-04-19,09:04:23,545,pp1709,XDCE,7613,7603,7660,26372,1005039990,534784,540702,8033,7269,7651,7687,0,7660,0,0,0,2017-04-19,32663545,7612,1,0,0,0,0,0,0,0,0,7613,7,0,0,0,0,0,0,0,0
521,2017-04-19,09:04:24,61,pp1709,XDCE,7611,7603,7660,26390,1005725030,534784,540702,8033,7269,7651,7687,0,7660,0,0,0,2017-04-19,32664061,7611,2,0,0,0,0,0,0,0,0,7612,3,0,0,0,0,0,0,0,0
522,2017-04-19,09:04:24,512,pp1709,XDCE,7610,7603,7660,26422,1006942750,534752,540702,8033,7269,7651,7687,0,7660,0,0,0,2017-04-19,32664512,7610,104,0,0,0,0,0,0,0,0,7611,27,0,0,0,0,0,0,0,0
523,2017-04-19,09:04:25,58,pp1709,XDCE,7610,7603,7660,26490,1009530250,534688,540702,8033,7269,7651,7687,0,7660,0,0,0,2017-04-19,32665058,7610,88,0,0,0,0,0,0,0,0,7611,24,0,0,0,0,0,0,0,0
524,2017-04-19,09:04:25,544,pp1709,XDCE,7610,7603,7660,26492,1009606350,534686,540702,8033,7269,7651,7687,0,7660,0,0,0,2017-04-19,32665544,7610,87,0,0,0,0,0,0,0,0,7611,35,0,0,0,0,0,0,0,0
525,2017-04-19,09:04:26,40,pp1709,XDCE,7611,7603,7660,26550,1011813480,534694,540702,8033,7269,7651,7687,0,7660,0,0,0,2017-04-19,32666040,7610,81,0,0,0,0,0,0,0,0,7611,13,0,0,0,0,0,0,0,0
526,2017-04-19,09:04:26,569,pp1709,XDCE,7610,7603,7660,26554,1011965690,534690,540702,8033,7269,7651,7687,0,7660,0,0,0,2017-04-19,32666569,7610,80,0,0,0,0,0,0,0,0,7611,12,0,0,0,0,0,0,0,0
527,2017-04-19,09:04:26,948,pp1709,XDCE,7610,7603,7660,26562,1012270110,534688,540702,8033,7269,7651,7687,0,7660,0,0,0,2017-04-19,32666948,7610,78,0,0,0,0,0,0,0,0,7611,10,0,0,0,0,0,0,0,0
528,2017-04-19,09:04:27,578,pp1709,XDCE,7611,7603,7660,26584,1013107280,534688,540702,8033,7269,7651,7687,0,7660,0,0,0,2017-04-19,32667578,7610,74,0,0,0,0,0,0,0,0,7611,3,0,0,0,0,0,0,0,0
529,2017-04-19,09:04:27,887,pp1709,XDCE,7610,7603,7660,26654,1015770780,534620,540702,8033,7269,7651,7687,0,7660,0,0,0,2017-04-19,32667887,7610,39,0,0,0,0,0,0,0,0,7611,18,0,0,0,0,0,0,0,0
530,2017-04-19,09:04:28,443,pp1709,XDCE,7610,7603,7660,26752,1019499680,534584,540702,8033,7269,7651,7687,0,7660,0,0,0,2017-04-19,32668443,7609,12,0,0,0,0,0,0,0,0,7610,14,0,0,0,0,0,0,0,0
531,2017-04-19,09:04:29,68,pp1709,XDCE,7609,7603,7660,26804,1021477900,534558,540702,8033,7269,7651,7687,0,7660,0,0,0,2017-04-19,32669068,7606,57,0,0,0,0,0,0,0,0,7609,16,0,0,0,0,0,0,0,0
532,2017-04-19,09:04:29,579,pp1709,XDCE,7606,7603,7660,26816,1021934440,534554,540702,8033,7269,7651,7687,0,7660,0,0,0,2017-04-19,32669579,7606,56,0,0,0,0,0,0,0,0,7609,2,0,0,0,0,0,0,0,0
533,2017-04-19,09:04:30,55,pp1709,XDCE,7608,7603,7660,26852,1023303690,534580,540702,8033,7269,7651,7687,0,7660,0,0,0,2017-04-19,32670055,7606,46,0,0,0,0,0,0,0,0,7608,8,0,0,0,0,0,0,0,0
534,2017-04-19,09:04:30,531,pp1709,XDCE,7606,7603,7660,26924,1026041890,534580,540702,8033,7269,7651,7687,0,7660,0,0,0,2017-04-19,32670531,7606,12,0,0,0,0,0,0,0,0,7607,4,0,0,0,0,0,0,0,0
535,2017-04-19,09:04:31,79,pp1709,XDCE,7605,7603,7660,26978,1028095360,534576,540702,8033,7269,7651,7687,0,7660,0,0,0,2017-04-19,32671079,7605,14,0,0,0,0,0,0,0,0,7606,4,0,0,0,0,0,0,0,0
536,2017-04-19,09:04:31,563,pp1709,XDCE,7603,7603,7660,27054,1030985130,534602,540702,8033,7269,7651,7687,0,7660,0,0,0,2017-04-19,32671563,7603,12,0,0,0,0,0,0,0,0,7604,10,0,0,0,0,0,0,0,0
537,2017-04-19,09:04:32,59,pp1709,XDCE,7603,7601,7660,27202,1036611040,534636,540702,8033,7269,7651,7687,0,7660,0,0,0,2017-04-19,32672059,7601,86,0,0,0,0,0,0,0,0,7603,113,0,0,0,0,0,0,0,0
538,2017-04-19,09:04:32,573,pp1709,XDCE,7600,7600,7660,27490,1047556300,534750,540702,8033,7269,7651,7687,0,7660,0,0,0,2017-04-19,32672573,7600,60,0,0,0,0,0,0,0,0,7601,25,0,0,0,0,0,0,0,0
