,dataDate,dataTime,dataMillisec,instrumentID,exchangeCD,lastPrice,lowPrice,highPrice,volume,value,openInterest,preOpenInterest,upperLimitPrice,lowerLimitPrice,preSettlementPrice,prevClosePrice,settlementPrice,openPrice,closePrice,preDelta,currDelta,clearingDay,milliSecOffset,bidPrice1,bidVolume1,bidPrice2,bidVolume2,bidPrice3,bidVolume3,bidPrice4,bidVolume4,bidPrice5,bidVolume5,askPrice1,askVolume1,askPrice2,askVolume2,askPrice3,askVolume3,askPrice4,askVolume4,askPrice5,askVolume5
0,2017-04-19,07:27:41,0,SF705,XZCE,5148,0,0,0,0,11550,11550,5376,4864,5120,5148,0,0,0,0,0,2017-04-19,26861000,0,0,0,0,0,0,0,0,0,0,0,0,0,0,0,0,0,0,0,0
1,2017-04-19,08:59:00,0,SF705,XZCE,5148,0,0,0,0,11550,11550,5376,4864,5120,5148,0,0,0,0,0,2017-04-19,32340000,5108,1,0,0,0,0,0,0,0,0,5138,4,0,0,0,0,0,0,0,0
2,2017-04-19,09:00:00,0,SF705,XZCE,5138,5138,5138,4,102760,11550,11550,5376,4864,5120,5148,0,5138,0,0,0,2017-04-19,32400000,5108,7,0,0,0,0,0,0,0,0,5138,2,0,0,0,0,0,0,0,0
3,2017-04-19,09:00:01,0,SF705,XZCE,5138,5138,5138,4,102760,11550,11550,5376,4864,5120,5148,0,5138,0,0,0,2017-04-19,32401000,5110,2,0,0,0,0,0,0,0,0,5138,2,0,0,0,0,0,0,0,0
4,2017-04-19,09:00:02,0,SF705,XZCE,5138,5138,5138,4,102760,11550,11550,5376,4864,5120,5148,0,5138,0,0,0,2017-04-19,32402000,5110,2,0,0,0,0,0,0,0,0,5136,1,0,0,0,0,0,0,0,0
5,2017-04-19,09:00:03,0,SF705,XZCE,5138,5138,5138,4,102760,11550,11550,5376,4864,5120,5148,0,5138,0,0,0,2017-04-19,32403000,5110,3,0,0,0,0,0,0,0,0,5136,1,0,0,0,0,0,0,0,0
6,2017-04-19,09:00:05,0,SF705,XZCE,5108,5108,5138,12,307080,11554,11550,5376,4864,5120,5148,0,5138,0,0,0,2017-04-19,32405000,5110,20,0,0,0,0,0,0,0,0,5134,15,0,0,0,0,0,0,0,0
7,2017-04-19,09:00:06,0,SF705,XZCE,5108,5108,5138,58,1481920,11590,11550,5376,4864,5120,5148,0,5138,0,0,0,2017-04-19,32406000,5112,5,0,0,0,0,0,0,0,0,5126,5,0,0,0,0,0,0,0,0
8,2017-04-19,09:00:06,0,SF705,XZCE,5108,5108,5138,58,1481920,11590,11550,5376,4864,5120,5148,0,5138,0,0,0,2017-04-19,32406000,5112,5,0,0,0,0,0,0,0,0,5130,20,0,0,0,0,0,0,0,0
9,2017-04-19,09:00:08,0,SF705,XZCE,5130,5108,5138,60,1533220,11590,11550,5376,4864,5120,5148,0,5138,0,0,0,2017-04-19,32408000,5112,5,0,0,0,0,0,0,0,0,5130,19,0,0,0,0,0,0,0,0
10,2017-04-19,09:00:09,0,SF705,XZCE,5130,5108,5138,60,1533220,11590,11550,5376,4864,5120,5148,0,5138,0,0,0,2017-04-19,32409000,5112,5,0,0,0,0,0,0,0,0,5128,1,0,0,0,0,0,0,0,0
11,2017-04-19,09:00:14,0,SF705,XZCE,5130,5108,5138,60,1533220,11590,11550,5376,4864,5120,5148,0,5138,0,0,0,2017-04-19,32414000,5112,5,0,0,0,0,0,0,0,0,5126,1,0,0,0,0,0,0,0,0
12,2017-04-19,09:00:15,0,SF705,XZCE,5130,5108,5138,62,1584520,11592,11550,5376,4864,5120,5148,0,5138,0,0,0,2017-04-19,32415000,5112,5,0,0,0,0,0,0,0,0,5128,1,0,0,0,0,0,0,0,0
13,2017-04-19,09:00:17,0,SF705,XZCE,5128,5108,5138,68,1738360,11586,11550,5376,4864,5120,5148,0,5138,0,0,0,2017-04-19,32417000,5112,5,0,0,0,0,0,0,0,0,5128,4,0,0,0,0,0,0,0,0
14,2017-04-19,09:00:18,0,SF705,XZCE,5128,5108,5138,70,1789640,11586,11550,5376,4864,5120,5148,0,5138,0,0,0,2017-04-19,32418000,5114,1,0,0,0,0,0,0,0,0,5128,3,0,0,0,0,0,0,0,0
15,2017-04-19,09:00:19,0,SF705,XZCE,5128,5108,5138,70,1789640,11586,11550,5376,4864,5120,5148,0,5138,0,0,0,2017-04-19,32419000,5114,1,0,0,0,0,0,0,0,0,5130,19,0,0,0,0,0,0,0,0
16,2017-04-19,09:00:20,0,SF705,XZCE,5128,5108,5138,70,1789640,11586,11550,5376,4864,5120,5148,0,5138,0,0,0,2017-04-19,32420000,5114,1,0,0,0,0,0,0,0,0,5122,18,0,0,0,0,0,0,0,0
17,2017-04-19,09:00:20,0,SF705,XZCE,5128,5108,5138,70,1789640,11586,11550,5376,4864,5120,5148,0,5138,0,0,0,2017-04-19,32420000,5114,1,0,0,0,0,0,0,0,0,5122,19,0,0,0,0,0,0,0,0
18,2017-04-19,09:00:21,0,SF705,XZCE,5128,5108,5138,70,1789640,11586,11550,5376,4864,5120,5148,0,5138,0,0,0,2017-04-19,32421000,5118,1,0,0,0,0,0,0,0,0,5122,19,0,0,0,0,0,0,0,0
19,2017-04-19,09:00:26,0,SF705,XZCE,5122,5108,5138,72,1840860,11584,11550,5376,4864,5120,5148,0,5138,0,0,0,2017-04-19,32426000,5118,1,0,0,0,0,0,0,0,0,5122,18,0,0,0,0,0,0,0,0
20,2017-04-19,09:00:28,0,SF705,XZCE,5122,5108,5138,72,1840860,11584,11550,5376,4864,5120,5148,0,5138,0,0,0,2017-04-19,32428000,5118,1,0,0,0,0,0,0,0,0,5120,1,0,0,0,0,0,0,0,0
21,2017-04-19,09:00:33,0,SF705,XZCE,5118,5108,5138,74,1892040,11582,11550,5376,4864,5120,5148,0,5138,0,0,0,2017-04-19,32433000,5114,2,0,0,0,0,0,0,0,0,5120,1,0,0,0,0,0,0,0,0
22,2017-04-19,09:00:33,0,SF705,XZCE,5118,5108,5138,74,1892040,11582,11550,5376,4864,5120,5148,0,5138,0,0,0,2017-04-19,32433000,5114,2,0,0,0,0,0,0,0,0,5122,18,0,0,0,0,0,0,0,0
23,2017-04-19,09:00:35,0,SF705,XZCE,5118,5108,5138,74,1892040,11582,11550,5376,4864,5120,5148,0,5138,0,0,0,2017-04-19,32435000,5114,2,0,0,0,0,0,0,0,0,5118,1,0,0,0,0,0,0,0,0
24,2017-04-19,09:00:35,0,SF705,XZCE,5122,5108,5138,94,2404240,11562,11550,5376,4864,5120,5148,0,5138,0,0,0,2017-04-19,32435000,5114,2,0,0,0,0,0,0,0,0,5122,11,0,0,0,0,0,0,0,0
25,2017-04-19,09:00:36,0,SF705,XZCE,5122,5108,5138,96,2455460,11562,11550,5376,4864,5120,5148,0,5138,0,0,0,2017-04-19,32436000,5114,2,0,0,0,0,0,0,0,0,5122,10,0,0,0,0,0,0,0,0
26,2017-04-19,09:00:36,0,SF705,XZCE,5114,5108,5138,98,2506600,11562,11550,5376,4864,5120,5148,0,5138,0,0,0,2017-04-19,32436000,5120,1,0,0,0,0,0,0,0,0,5122,10,0,0,0,0,0,0,0,0
27,2017-04-19,09:00:37,0,SF705,XZCE,5122,5108,5138,100,2557820,11562,11550,5376,4864,5120,5148,0,5138,0,0,0,2017-04-19,32437000,5120,1,0,0,0,0,0,0,0,0,5122,9,0,0,0,0,0,0,0,0
28,2017-04-19,09:00:38,0,SF705,XZCE,5122,5108,5138,102,2609040,11560,11550,5376,4864,5120,5148,0,5138,0,0,0,2017-04-19,32438000,5120,1,0,0,0,0,0,0,0,0,5122,8,0,0,0,0,0,0,0,0
29,2017-04-19,09:00:38,0,SF705,XZCE,5122,5108,5138,106,2711480,11556,11550,5376,4864,5120,5148,0,5138,0,0,0,2017-04-19,32438000,5120,1,0,0,0,0,0,0,0,0,5122,6,0,0,0,0,0,0,0,0
30,2017-04-19,09:00:39,0,SF705,XZCE,5120,5108,5138,108,2762680,11556,11550,5376,4864,5120,5148,0,5138,0,0,0,2017-04-19,32439000,5116,1,0,0,0,0,0,0,0,0,5122,6,0,0,0,0,0,0,0,0
31,2017-04-19,09:00:41,0,SF705,XZCE,5120,5108,5138,108,2762680,11556,11550,5376,4864,5120,5148,0,5138,0,0,0,2017-04-19,32441000,5118,1,0,0,0,0,0,0,0,0,5122,6,0,0,0,0,0,0,0,0
32,2017-04-19,09:00:43,0,SF705,XZCE,5122,5108,5138,112,2865120,11556,11550,5376,4864,5120,5148,0,5138,0,0,0,2017-04-19,32443000,5118,1,0,0,0,0,0,0,0,0,5122,4,0,0,0,0,0,0,0,0
33,2017-04-19,09:00:44,0,SF705,XZCE,5122,5108,5138,112,2865120,11556,11550,5376,4864,5120,5148,0,5138,0,0,0,2017-04-19,32444000,5120,1,0,0,0,0,0,0,0,0,5122,4,0,0,0,0,0,0,0,0
34,2017-04-19,09:00:45,0,SF705,XZCE,5120,5108,5138,114,2916320,11554,11550,5376,4864,5120,5148,0,5138,0,0,0,2017-04-19,32445000,5114,2,0,0,0,0,0,0,0,0,5122,4,0,0,0,0,0,0,0,0
35,2017-04-19,09:00:51,0,SF705,XZCE,5120,5108,5138,114,2916320,11554,11550,5376,4864,5120,5148,0,5138,0,0,0,2017-04-19,32451000,5116,1,0,0,0,0,0,0,0,0,5122,4,0,0,0,0,0,0,0,0
36,2017-04-19,09:00:52,0,SF705,XZCE,5116,5108,5138,116,2967480,11554,11550,5376,4864,5120,5148,0,5138,0,0,0,2017-04-19,32452000,5114,2,0,0,0,0,0,0,0,0,5122,4,0,0,0,0,0,0,0,0
37,2017-04-19,09:00:55,0,SF705,XZCE,5116,5108,5138,116,2967480,11554,11550,5376,4864,5120,5148,0,5138,0,0,0,2017-04-19,32455000,5114,6,0,0,0,0,0,0,0,0,5122,4,0,0,0,0,0,0,0,0
38,2017-04-19,09:00:56,0,SF705,XZCE,5116,5108,5138,116,2967480,11554,11550,5376,4864,5120,5148,0,5138,0,0,0,2017-04-19,32456000,5116,2,0,0,0,0,0,0,0,0,5122,4,0,0,0,0,0,0,0,0
39,2017-04-19,09:00:56,0,SF705,XZCE,5126,5108,5138,126,3223780,11552,11550,5376,4864,5120,5148,0,5138,0,0,0,2017-04-19,32456000,5124,18,0,0,0,0,0,0,0,0,5134,1,0,0,0,0,0,0,0,0
40,2017-04-19,09:00:56,0,SF705,XZCE,5126,5108,5138,126,3223780,11552,11550,5376,4864,5120,5148,0,5138,0,0,0,2017-04-19,32456000,5126,3,0,0,0,0,0,0,0,0,5134,1,0,0,0,0,0,0,0,0
41,2017-04-19,09:00:59,0,SF705,XZCE,5126,5108,5138,126,3223780,11552,11550,5376,4864,5120,5148,0,5138,0,0,0,2017-04-19,32459000,5126,3,0,0,0,0,0,0,0,0,5132,1,0,0,0,0,0,0,0,0
42,2017-04-19,09:01:01,0,SF705,XZCE,5126,5108,5138,132,3377560,11552,11550,5376,4864,5120,5148,0,5138,0,0,0,2017-04-19,32461000,5124,18,0,0,0,0,0,0,0,0,5126,6,0,0,0,0,0,0,0,0
43,2017-04-19,09:01:01,0,SF705,XZCE,5126,5108,5138,144,3685120,11564,11550,5376,4864,5120,5148,0,5138,0,0,0,2017-04-19,32461000,5126,1,0,0,0,0,0,0,0,0,5132,2,0,0,0,0,0,0,0,0
44,2017-04-19,09:01:03,0,SF705,XZCE,5126,5108,5138,144,3685120,11564,11550,5376,4864,5120,5148,0,5138,0,0,0,2017-04-19,32463000,5124,18,0,0,0,0,0,0,0,0,5132,2,0,0,0,0,0,0,0,0
45,2017-04-19,09:01:05,0,SF705,XZCE,5126,5108,5138,144,3685120,11564,11550,5376,4864,5120,5148,0,5138,0,0,0,2017-04-19,32465000,5124,18,0,0,0,0,0,0,0,0,5132,1,0,0,0,0,0,0,0,0
46,2017-04-19,09:01:06,0,SF705,XZCE,5126,5108,5138,144,3685120,11564,11550,5376,4864,5120,5148,0,5138,0,0,0,2017-04-19,32466000,5124,18,0,0,0,0,0,0,0,0,5130,1,0,0,0,0,0,0,0,0
47,2017-04-19,09:01:11,0,SF705,XZCE,5126,5108,5138,144,3685120,11564,11550,5376,4864,5120,5148,0,5138,0,0,0,2017-04-19,32471000,5124,18,0,0,0,0,0,0,0,0,5130,2,0,0,0,0,0,0,0,0
48,2017-04-19,09:01:13,0,SF705,XZCE,5132,5108,5138,150,3839080,11570,11550,5376,4864,5120,5148,0,5138,0,0,0,2017-04-19,32473000,5124,18,0,0,0,0,0,0,0,0,5134,1,0,0,0,0,0,0,0,0
49,2017-04-19,09:01:18,0,SF705,XZCE,5132,5108,5138,150,3839080,11570,11550,5376,4864,5120,5148,0,5138,0,0,0,2017-04-19,32478000,5128,1,0,0,0,0,0,0,0,0,5134,1,0,0,0,0,0,0,0,0
50,2017-04-19,09:01:19,0,SF705,XZCE,5132,5108,5138,154,3941720,11570,11550,5376,4864,5120,5148,0,5138,0,0,0,2017-04-19,32479000,5128,1,0,0,0,0,0,0,0,0,5134,1,0,0,0,0,0,0,0,0
51,2017-04-19,09:01:30,0,SF705,XZCE,5134,5108,5138,156,3993060,11570,11550,5376,4864,5120,5148,0,5138,0,0,0,2017-04-19,32490000,5128,1,0,0,0,0,0,0,0,0,5136,1,0,0,0,0,0,0,0,0
52,2017-04-19,09:01:30,0,SF705,XZCE,5134,5108,5138,156,3993060,11570,11550,5376,4864,5120,5148,0,5138,0,0,0,2017-04-19,32490000,5128,1,0,0,0,0,0,0,0,0,5132,1,0,0,0,0,0,0,0,0
53,2017-04-19,09:01:31,0,SF705,XZCE,5134,5108,5138,162,4147080,11570,11550,5376,4864,5120,5148,0,5138,0,0,0,2017-04-19,32491000,5134,1,0,0,0,0,0,0,0,0,5136,1,0,0,0,0,0,0,0,0
54,2017-04-19,09:01:31,0,SF705,XZCE,5136,5108,5138,164,4198440,11570,11550,5376,4864,5120,5148,0,5138,0,0,0,2017-04-19,32491000,5134,1,0,0,0,0,0,0,0,0,5138,2,0,0,0,0,0,0,0,0
55,2017-04-19,09:01:35,0,SF705,XZCE,5136,5108,5138,164,4198440,11570,11550,5376,4864,5120,5148,0,5138,0,0,0,2017-04-19,32495000,5134,1,0,0,0,0,0,0,0,0,5136,1,0,0,0,0,0,0,0,0
56,2017-04-19,09:01:41,0,SF705,XZCE,5136,5108,5138,166,4249800,11570,11550,5376,4864,5120,5148,0,5138,0,0,0,2017-04-19,32501000,5134,2,0,0,0,0,0,0,0,0,5138,2,0,0,0,0,0,0,0,0
57,2017-04-19,09:01:42,0,SF705,XZCE,5136,5108,5138,166,4249800,11570,11550,5376,4864,5120,5148,0,5138,0,0,0,2017-04-19,32502000,5134,2,0,0,0,0,0,0,0,0,5136,1,0,0,0,0,0,0,0,0
58,2017-04-19,09:01:43,0,SF705,XZCE,5136,5108,5138,166,4249800,11570,11550,5376,4864,5120,5148,0,5138,0,0,0,2017-04-19,32503000,5134,3,0,0,0,0,0,0,0,0,5136,1,0,0,0,0,0,0,0,0
59,2017-04-19,09:01:45,0,SF705,XZCE,5136,5108,5138,166,4249800,11570,11550,5376,4864,5120,5148,0,5138,0,0,0,2017-04-19,32505000,5134,3,0,0,0,0,0,0,0,0,5136,2,0,0,0,0,0,0,0,0
60,2017-04-19,09:01:47,0,SF705,XZCE,5136,5108,5138,168,4301160,11572,11550,5376,4864,5120,5148,0,5138,0,0,0,2017-04-19,32507000,5134,3,0,0,0,0,0,0,0,0,5136,1,0,0,0,0,0,0,0,0
61,2017-04-19,09:01:48,0,SF705,XZCE,5136,5108,5138,170,4352520,11570,11550,5376,4864,5120,5148,0,5138,0,0,0,2017-04-19,32508000,5136,2,0,0,0,0,0,0,0,0,5138,2,0,0,0,0,0,0,0,0
62,2017-04-19,09:01:52,0,SF705,XZCE,5138,5108,5138,172,4403900,11572,11550,5376,4864,5120,5148,0,5138,0,0,0,2017-04-19,32512000,5136,2,0,0,0,0,0,0,0,0,5138,1,0,0,0,0,0,0,0,0
63,2017-04-19,09:01:52,0,SF705,XZCE,5140,5108,5140,176,4506700,11570,11550,5376,4864,5120,5148,0,5138,0,0,0,2017-04-19,32512000,5138,3,0,0,0,0,0,0,0,0,5146,1,0,0,0,0,0,0,0,0
64,2017-04-19,09:01:53,0,SF705,XZCE,5138,5108,5140,180,4609460,11570,11550,5376,4864,5120,5148,0,5138,0,0,0,2017-04-19,32513000,5138,1,0,0,0,0,0,0,0,0,5146,1,0,0,0,0,0,0,0,0
65,2017-04-19,09:01:54,0,SF705,XZCE,5146,5108,5146,182,4660920,11570,11550,5376,4864,5120,5148,0,5138,0,0,0,2017-04-19,32514000,5146,1,0,0,0,0,0,0,0,0,5152,1,0,0,0,0,0,0,0,0
66,2017-04-19,09:01:55,0,SF705,XZCE,5146,5108,5146,182,4660920,11570,11550,5376,4864,5120,5148,0,5138,0,0,0,2017-04-19,32515000,5146,1,0,0,0,0,0,0,0,0,5150,1,0,0,0,0,0,0,0,0
67,2017-04-19,09:01:57,0,SF705,XZCE,5150,5108,5150,184,4712420,11572,11550,5376,4864,5120,5148,0,5138,0,0,0,2017-04-19,32517000,5146,1,0,0,0,0,0,0,0,0,5152,1,0,0,0,0,0,0,0,0
68,2017-04-19,09:01:58,0,SF705,XZCE,5170,5108,5170,222,5694720,11554,11550,5376,4864,5120,5148,0,5138,0,0,0,2017-04-19,32518000,5146,1,0,0,0,0,0,0,0,0,5170,1,0,0,0,0,0,0,0,0
69,2017-04-19,09:02:00,0,SF705,XZCE,5170,5108,5170,222,5694720,11554,11550,5376,4864,5120,5148,0,5138,0,0,0,2017-04-19,32520000,5152,1,0,0,0,0,0,0,0,0,5170,1,0,0,0,0,0,0,0,0
70,2017-04-19,09:02:00,0,SF705,XZCE,5176,5108,5176,226,5798240,11556,11550,5376,4864,5120,5148,0,5138,0,0,0,2017-04-19,32520000,5154,10,0,0,0,0,0,0,0,0,5176,9,0,0,0,0,0,0,0,0
71,2017-04-19,09:02:01,0,SF705,XZCE,5176,5108,5176,230,5901760,11556,11550,5376,4864,5120,5148,0,5138,0,0,0,2017-04-19,32521000,5154,10,0,0,0,0,0,0,0,0,5176,7,0,0,0,0,0,0,0,0
72,2017-04-19,09:02:02,0,SF705,XZCE,5154,5108,5176,232,5953300,11556,11550,5376,4864,5120,5148,0,5138,0,0,0,2017-04-19,32522000,5154,9,0,0,0,0,0,0,0,0,5176,7,0,0,0,0,0,0,0,0
73,2017-04-19,09:02:03,0,SF705,XZCE,5154,5108,5176,232,5953300,11556,11550,5376,4864,5120,5148,0,5138,0,0,0,2017-04-19,32523000,5154,9,0,0,0,0,0,0,0,0,5166,1,0,0,0,0,0,0,0,0
74,2017-04-19,09:02:04,0,SF705,XZCE,5154,5108,5176,232,5953300,11556,11550,5376,4864,5120,5148,0,5138,0,0,0,2017-04-19,32524000,5154,9,0,0,0,0,0,0,0,0,5166,2,0,0,0,0,0,0,0,0
75,2017-04-19,09:02:05,0,SF705,XZCE,5166,5108,5176,234,6004960,11556,11550,5376,4864,5120,5148,0,5138,0,0,0,2017-04-19,32525000,5154,9,0,0,0,0,0,0,0,0,5166,1,0,0,0,0,0,0,0,0
76,2017-04-19,09:02:06,0,SF705,XZCE,5154,5108,5176,236,6056500,11556,11550,5376,4864,5120,5148,0,5138,0,0,0,2017-04-19,32526000,5154,8,0,0,0,0,0,0,0,0,5166,1,0,0,0,0,0,0,0,0
77,2017-04-19,09:02:06,0,SF705,XZCE,5154,5108,5176,236,6056500,11556,11550,5376,4864,5120,5148,0,5138,0,0,0,2017-04-19,32526000,5154,8,0,0,0,0,0,0,0,0,5162,1,0,0,0,0,0,0,0,0
78,2017-04-19,09:02:08,0,SF705,XZCE,5166,5108,5176,250,6418120,11558,11550,5376,4864,5120,5148,0,5138,0,0,0,2017-04-19,32528000,5154,8,0,0,0,0,0,0,0,0,5176,7,0,0,0,0,0,0,0,0
79,2017-04-19,09:02:09,0,SF705,XZCE,5154,5108,5176,252,6469660,11558,11550,5376,4864,5120,5148,0,5138,0,0,0,2017-04-19,32529000,5154,7,0,0,0,0,0,0,0,0,5176,7,0,0,0,0,0,0,0,0
80,2017-04-19,09:02:10,0,SF705,XZCE,5154,5108,5176,252,6469660,11558,11550,5376,4864,5120,5148,0,5138,0,0,0,2017-04-19,32530000,5158,1,0,0,0,0,0,0,0,0,5176,7,0,0,0,0,0,0,0,0
81,2017-04-19,09:02:10,0,SF705,XZCE,5154,5108,5176,252,6469660,11558,11550,5376,4864,5120,5148,0,5138,0,0,0,2017-04-19,32530000,5158,2,0,0,0,0,0,0,0,0,5176,7,0,0,0,0,0,0,0,0
82,2017-04-19,09:02:11,0,SF705,XZCE,5154,5108,5176,252,6469660,11558,11550,5376,4864,5120,5148,0,5138,0,0,0,2017-04-19,32531000,5158,2,0,0,0,0,0,0,0,0,5174,1,0,0,0,0,0,0,0,0
83,2017-04-19,09:02:12,0,SF705,XZCE,5154,5108,5176,252,6469660,11558,11550,5376,4864,5120,5148,0,5138,0,0,0,2017-04-19,32532000,5158,1,0,0,0,0,0,0,0,0,5174,3,0,0,0,0,0,0,0,0
84,2017-04-19,09:02:12,0,SF705,XZCE,5154,5108,5176,252,6469660,11558,11550,5376,4864,5120,5148,0,5138,0,0,0,2017-04-19,32532000,5158,1,0,0,0,0,0,0,0,0,5174,5,0,0,0,0,0,0,0,0
85,2017-04-19,09:02:13,0,SF705,XZCE,5154,5108,5176,252,6469660,11558,11550,5376,4864,5120,5148,0,5138,0,0,0,2017-04-19,32533000,5162,1,0,0,0,0,0,0,0,0,5172,1,0,0,0,0,0,0,0,0
86,2017-04-19,09:02:14,0,SF705,XZCE,5158,5108,5176,254,6521240,11558,11550,5376,4864,5120,5148,0,5138,0,0,0,2017-04-19,32534000,5158,1,0,0,0,0,0,0,0,0,5172,1,0,0,0,0,0,0,0,0
87,2017-04-19,09:02:15,0,SF705,XZCE,5158,5108,5176,254,6521240,11558,11550,5376,4864,5120,5148,0,5138,0,0,0,2017-04-19,32535000,5154,8,0,0,0,0,0,0,0,0,5168,3,0,0,0,0,0,0,0,0
88,2017-04-19,09:02:21,0,SF705,XZCE,5158,5108,5176,254,6521240,11558,11550,5376,4864,5120,5148,0,5138,0,0,0,2017-04-19,32541000,5154,8,0,0,0,0,0,0,0,0,5168,5,0,0,0,0,0,0,0,0
89,2017-04-19,09:02:23,0,SF705,XZCE,5158,5108,5176,254,6521240,11558,11550,5376,4864,5120,5148,0,5138,0,0,0,2017-04-19,32543000,5154,8,0,0,0,0,0,0,0,0,5166,1,0,0,0,0,0,0,0,0
90,2017-04-19,09:02:25,0,SF705,XZCE,5158,5108,5176,254,6521240,11558,11550,5376,4864,5120,5148,0,5138,0,0,0,2017-04-19,32545000,5154,9,0,0,0,0,0,0,0,0,5166,1,0,0,0,0,0,0,0,0
91,2017-04-19,09:02:27,0,SF705,XZCE,5156,5108,5176,256,6572800,11560,11550,5376,4864,5120,5148,0,5138,0,0,0,2017-04-19,32547000,5154,9,0,0,0,0,0,0,0,0,5166,1,0,0,0,0,0,0,0,0
92,2017-04-19,09:02:28,0,SF705,XZCE,5156,5108,5176,256,6572800,11560,11550,5376,4864,5120,5148,0,5138,0,0,0,2017-04-19,32548000,5156,1,0,0,0,0,0,0,0,0,5166,1,0,0,0,0,0,0,0,0
93,2017-04-19,09:02:30,0,SF705,XZCE,5166,5108,5176,270,6934420,11552,11550,5376,4864,5120,5148,0,5138,0,0,0,2017-04-19,32550000,5166,2,0,0,0,0,0,0,0,0,5168,5,0,0,0,0,0,0,0,0
94,2017-04-19,09:02:30,0,SF705,XZCE,5168,5108,5176,286,7347860,11554,11550,5376,4864,5120,5148,0,5138,0,0,0,2017-04-19,32550000,5168,3,0,0,0,0,0,0,0,0,5172,3,0,0,0,0,0,0,0,0
95,2017-04-19,09:02:34,0,SF705,XZCE,5172,5108,5176,288,7399580,11554,11550,5376,4864,5120,5148,0,5138,0,0,0,2017-04-19,32554000,5168,3,0,0,0,0,0,0,0,0,5172,2,0,0,0,0,0,0,0,0
96,2017-04-19,09:02:34,0,SF705,XZCE,5168,5108,5176,292,7502940,11558,11550,5376,4864,5120,5148,0,5138,0,0,0,2017-04-19,32554000,5168,1,0,0,0,0,0,0,0,0,5172,2,0,0,0,0,0,0,0,0
97,2017-04-19,09:02:38,0,SF705,XZCE,5168,5108,5176,294,7554620,11560,11550,5376,4864,5120,5148,0,5138,0,0,0,2017-04-19,32558000,5166,2,0,0,0,0,0,0,0,0,5172,2,0,0,0,0,0,0,0,0
98,2017-04-19,09:02:38,0,SF705,XZCE,5172,5108,5176,300,7709780,11560,11550,5376,4864,5120,5148,0,5138,0,0,0,2017-04-19,32558000,5166,2,0,0,0,0,0,0,0,0,5174,2,0,0,0,0,0,0,0,0
99,2017-04-19,09:02:40,0,SF705,XZCE,5172,5108,5176,300,7709780,11560,11550,5376,4864,5120,5148,0,5138,0,0,0,2017-04-19,32560000,5168,2,0,0,0,0,0,0,0,0,5174,2,0,0,0,0,0,0,0,0
100,2017-04-19,09:02:42,0,SF705,XZCE,5174,5108,5176,306,7865000,11566,11550,5376,4864,5120,5148,0,5138,0,0,0,2017-04-19,32562000,5168,1,0,0,0,0,0,0,0,0,5176,9,0,0,0,0,0,0,0,0
101,2017-04-19,09:02:43,0,SF705,XZCE,5174,5108,5176,306,7865000,11566,11550,5376,4864,5120,5148,0,5138,0,0,0,2017-04-19,32563000,5168,1,0,0,0,0,0,0,0,0,5174,6,0,0,0,0,0,0,0,0
102,2017-04-19,09:02:43,0,SF705,XZCE,5174,5108,5176,310,7968480,11562,11550,5376,4864,5120,5148,0,5138,0,0,0,2017-04-19,32563000,5168,1,0,0,0,0,0,0,0,0,5174,4,0,0,0,0,0,0,0,0
103,2017-04-19,09:02:47,0,SF705,XZCE,5174,5108,5176,310,7968480,11562,11550,5376,4864,5120,5148,0,5138,0,0,0,2017-04-19,32567000,5168,1,0,0,0,0,0,0,0,0,5172,1,0,0,0,0,0,0,0,0
104,2017-04-19,09:02:48,0,SF705,XZCE,5168,5108,5176,312,8020160,11564,11550,5376,4864,5120,5148,0,5138,0,0,0,2017-04-19,32568000,5162,1,0,0,0,0,0,0,0,0,5168,2,0,0,0,0,0,0,0,0
105,2017-04-19,09:02:50,0,SF705,XZCE,5168,5108,5176,314,8071840,11566,11550,5376,4864,5120,5148,0,5138,0,0,0,2017-04-19,32570000,5160,14,0,0,0,0,0,0,0,0,5168,1,0,0,0,0,0,0,0,0
106,2017-04-19,09:02:53,0,SF705,XZCE,5168,5108,5176,314,8071840,11566,11550,5376,4864,5120,5148,0,5138,0,0,0,2017-04-19,32573000,5160,14,0,0,0,0,0,0,0,0,5166,1,0,0,0,0,0,0,0,0
107,2017-04-19,09:02:55,0,SF705,XZCE,5166,5108,5176,316,8123500,11566,11550,5376,4864,5120,5148,0,5138,0,0,0,2017-04-19,32575000,5160,14,0,0,0,0,0,0,0,0,5168,11,0,0,0,0,0,0,0,0
108,2017-04-19,09:02:55,0,SF705,XZCE,5166,5108,5176,318,8175160,11564,11550,5376,4864,5120,5148,0,5138,0,0,0,2017-04-19,32575000,5160,14,0,0,0,0,0,0,0,0,5168,11,0,0,0,0,0,0,0,0
109,2017-04-19,09:02:55,0,SF705,XZCE,5166,5108,5176,318,8175160,11564,11550,5376,4864,5120,5148,0,5138,0,0,0,2017-04-19,32575000,5160,14,0,0,0,0,0,0,0,0,5166,1,0,0,0,0,0,0,0,0
110,2017-04-19,09:02:56,0,SF705,XZCE,5166,5108,5176,318,8175160,11564,11550,5376,4864,5120,5148,0,5138,0,0,0,2017-04-19,32576000,5160,13,0,0,0,0,0,0,0,0,5166,1,0,0,0,0,0,0,0,0
111,2017-04-19,09:02:57,0,SF705,XZCE,5166,5108,5176,320,8226820,11564,11550,5376,4864,5120,5148,0,5138,0,0,0,2017-04-19,32577000,5160,13,0,0,0,0,0,0,0,0,5168,11,0,0,0,0,0,0,0,0
112,2017-04-19,09:02:59,0,SF705,XZCE,5166,5108,5176,320,8226820,11564,11550,5376,4864,5120,5148,0,5138,0,0,0,2017-04-19,32579000,5162,3,0,0,0,0,0,0,0,0,5168,11,0,0,0,0,0,0,0,0
113,2017-04-19,09:03:03,0,SF705,XZCE,5166,5108,5176,320,8226820,11564,11550,5376,4864,5120,5148,0,5138,0,0,0,2017-04-19,32583000,5164,6,0,0,0,0,0,0,0,0,5168,11,0,0,0,0,0,0,0,0
114,2017-04-19,09:03:04,0,SF705,XZCE,5168,5108,5176,342,8795300,11582,11550,5376,4864,5120,5148,0,5138,0,0,0,2017-04-19,32584000,5164,6,0,0,0,0,0,0,0,0,5170,1,0,0,0,0,0,0,0,0
115,2017-04-19,09:03:05,0,SF705,XZCE,5170,5108,5176,344,8847000,11580,11550,5376,4864,5120,5148,0,5138,0,0,0,2017-04-19,32585000,5164,6,0,0,0,0,0,0,0,0,5172,1,0,0,0,0,0,0,0,0
116,2017-04-19,09:03:07,0,SF705,XZCE,5170,5108,5176,344,8847000,11580,11550,5376,4864,5120,5148,0,5138,0,0,0,2017-04-19,32587000,5164,6,0,0,0,0,0,0,0,0,5170,3,0,0,0,0,0,0,0,0
117,2017-04-19,09:03:08,0,SF705,XZCE,5170,5108,5176,346,8898700,11580,11550,5376,4864,5120,5148,0,5138,0,0,0,2017-04-19,32588000,5164,6,0,0,0,0,0,0,0,0,5170,2,0,0,0,0,0,0,0,0
118,2017-04-19,09:03:08,0,SF705,XZCE,5164,5108,5176,352,9053620,11586,11550,5376,4864,5120,5148,0,5138,0,0,0,2017-04-19,32588000,5164,3,0,0,0,0,0,0,0,0,5170,2,0,0,0,0,0,0,0,0
119,2017-04-19,09:03:09,0,SF705,XZCE,5170,5108,5176,356,9157020,11586,11550,5376,4864,5120,5148,0,5138,0,0,0,2017-04-19,32589000,5164,3,0,0,0,0,0,0,0,0,5172,2,0,0,0,0,0,0,0,0
120,2017-04-19,09:03:10,0,SF705,XZCE,5170,5108,5176,356,9157020,11586,11550,5376,4864,5120,5148,0,5138,0,0,0,2017-04-19,32590000,5164,4,0,0,0,0,0,0,0,0,5172,2,0,0,0,0,0,0,0,0
121,2017-04-19,09:03:11,0,SF705,XZCE,5170,5108,5176,356,9157020,11586,11550,5376,4864,5120,5148,0,5138,0,0,0,2017-04-19,32591000,5164,4,0,0,0,0,0,0,0,0,5170,1,0,0,0,0,0,0,0,0
122,2017-04-19,09:03:11,0,SF705,XZCE,5172,5108,5176,368,9467340,11588,11550,5376,4864,5120,5148,0,5138,0,0,0,2017-04-19,32591000,5172,1,0,0,0,0,0,0,0,0,5174,9,0,0,0,0,0,0,0,0
123,2017-04-19,09:03:11,0,SF705,XZCE,5172,5108,5176,370,9519060,11588,11550,5376,4864,5120,5148,0,5138,0,0,0,2017-04-19,32591000,5164,4,0,0,0,0,0,0,0,0,5174,9,0,0,0,0,0,0,0,0
124,2017-04-19,09:03:16,0,SF705,XZCE,5174,5108,5176,378,9726020,11580,11550,5376,4864,5120,5148,0,5138,0,0,0,2017-04-19,32596000,5164,4,0,0,0,0,0,0,0,0,5174,5,0,0,0,0,0,0,0,0
125,2017-04-19,09:03:16,0,SF705,XZCE,5174,5108,5176,378,9726020,11580,11550,5376,4864,5120,5148,0,5138,0,0,0,2017-04-19,32596000,5166,1,0,0,0,0,0,0,0,0,5174,5,0,0,0,0,0,0,0,0
126,2017-04-19,09:03:17,0,SF705,XZCE,5174,5108,5176,386,9932980,11580,11550,5376,4864,5120,5148,0,5138,0,0,0,2017-04-19,32597000,5166,1,0,0,0,0,0,0,0,0,5174,1,0,0,0,0,0,0,0,0
127,2017-04-19,09:03:18,0,SF705,XZCE,5174,5108,5176,392,10088200,11578,11550,5376,4864,5120,5148,0,5138,0,0,0,2017-04-19,32598000,5166,2,0,0,0,0,0,0,0,0,5176,9,0,0,0,0,0,0,0,0
128,2017-04-19,09:03:18,0,SF705,XZCE,5174,5108,5176,394,10139940,11578,11550,5376,4864,5120,5148,0,5138,0,0,0,2017-04-19,32598000,5166,2,0,0,0,0,0,0,0,0,5174,1,0,0,0,0,0,0,0,0
129,2017-04-19,09:03:20,0,SF705,XZCE,5174,5108,5176,396,10191680,11578,11550,5376,4864,5120,5148,0,5138,0,0,0,2017-04-19,32600000,5166,2,0,0,0,0,0,0,0,0,5176,9,0,0,0,0,0,0,0,0
130,2017-04-19,09:03:22,0,SF705,XZCE,5174,5108,5176,398,10243420,11578,11550,5376,4864,5120,5148,0,5138,0,0,0,2017-04-19,32602000,5166,2,0,0,0,0,0,0,0,0,5176,10,0,0,0,0,0,0,0,0
131,2017-04-19,09:03:27,0,SF705,XZCE,5174,5108,5176,398,10243420,11578,11550,5376,4864,5120,5148,0,5138,0,0,0,2017-04-19,32607000,5172,18,0,0,0,0,0,0,0,0,5176,10,0,0,0,0,0,0,0,0
132,2017-04-19,09:03:28,0,SF705,XZCE,5174,5108,5176,398,10243420,11578,11550,5376,4864,5120,5148,0,5138,0,0,0,2017-04-19,32608000,5172,18,0,0,0,0,0,0,0,0,5176,3,0,0,0,0,0,0,0,0
133,2017-04-19,09:03:28,0,SF705,XZCE,5176,5108,5176,400,10295180,11578,11550,5376,4864,5120,5148,0,5138,0,0,0,2017-04-19,32608000,5172,18,0,0,0,0,0,0,0,0,5176,2,0,0,0,0,0,0,0,0
134,2017-04-19,09:03:29,0,SF705,XZCE,5176,5108,5176,402,10346940,11576,11550,5376,4864,5120,5148,0,5138,0,0,0,2017-04-19,32609000,5172,18,0,0,0,0,0,0,0,0,5176,1,0,0,0,0,0,0,0,0
135,2017-04-19,09:03:29,0,SF705,XZCE,5174,5108,5176,412,10605640,11582,11550,5376,4864,5120,5148,0,5138,0,0,0,2017-04-19,32609000,5174,3,0,0,0,0,0,0,0,0,5176,1,0,0,0,0,0,0,0,0
136,2017-04-19,09:03:29,0,SF705,XZCE,5176,5108,5176,414,10657400,11580,11550,5376,4864,5120,5148,0,5138,0,0,0,2017-04-19,32609000,5174,5,0,0,0,0,0,0,0,0,5178,13,0,0,0,0,0,0,0,0
137,2017-04-19,09:03:31,0,SF705,XZCE,5176,5108,5176,414,10657400,11580,11550,5376,4864,5120,5148,0,5138,0,0,0,2017-04-19,32611000,5174,3,0,0,0,0,0,0,0,0,5178,13,0,0,0,0,0,0,0,0
138,2017-04-19,09:03:33,0,SF705,XZCE,5178,5108,5178,416,10709180,11580,11550,5376,4864,5120,5148,0,5138,0,0,0,2017-04-19,32613000,5174,3,0,0,0,0,0,0,0,0,5178,13,0,0,0,0,0,0,0,0
139,2017-04-19,09:03:35,0,SF705,XZCE,5178,5108,5178,426,10968080,11580,11550,5376,4864,5120,5148,0,5138,0,0,0,2017-04-19,32615000,5176,1,0,0,0,0,0,0,0,0,5178,8,0,0,0,0,0,0,0,0
140,2017-04-19,09:03:35,0,SF705,XZCE,5180,5108,5180,444,11434280,11568,11550,5376,4864,5120,5148,0,5138,0,0,0,2017-04-19,32615000,5176,2,0,0,0,0,0,0,0,0,5180,5,0,0,0,0,0,0,0,0
141,2017-04-19,09:03:36,0,SF705,XZCE,5180,5108,5180,448,11537880,11564,11550,5376,4864,5120,5148,0,5138,0,0,0,2017-04-19,32616000,5176,2,0,0,0,0,0,0,0,0,5180,3,0,0,0,0,0,0,0,0
142,2017-04-19,09:03:36,0,SF705,XZCE,5180,5108,5180,454,11693280,11558,11550,5376,4864,5120,5148,0,5138,0,0,0,2017-04-19,32616000,5178,1,0,0,0,0,0,0,0,0,5184,4,0,0,0,0,0,0,0,0
143,2017-04-19,09:03:38,0,SF705,XZCE,5178,5108,5180,456,11745060,11560,11550,5376,4864,5120,5148,0,5138,0,0,0,2017-04-19,32618000,5176,2,0,0,0,0,0,0,0,0,5184,4,0,0,0,0,0,0,0,0
144,2017-04-19,09:03:39,0,SF705,XZCE,5178,5108,5180,456,11745060,11560,11550,5376,4864,5120,5148,0,5138,0,0,0,2017-04-19,32619000,5176,2,0,0,0,0,0,0,0,0,5184,5,0,0,0,0,0,0,0,0
145,2017-04-19,09:03:40,0,SF705,XZCE,5178,5108,5180,456,11745060,11560,11550,5376,4864,5120,5148,0,5138,0,0,0,2017-04-19,32620000,5176,2,0,0,0,0,0,0,0,0,5180,5,0,0,0,0,0,0,0,0
146,2017-04-19,09:03:41,0,SF705,XZCE,5180,5108,5180,458,11796860,11562,11550,5376,4864,5120,5148,0,5138,0,0,0,2017-04-19,32621000,5176,2,0,0,0,0,0,0,0,0,5180,4,0,0,0,0,0,0,0,0
147,2017-04-19,09:03:41,0,SF705,XZCE,5180,5108,5180,464,11952260,11568,11550,5376,4864,5120,5148,0,5138,0,0,0,2017-04-19,32621000,5176,2,0,0,0,0,0,0,0,0,5180,1,0,0,0,0,0,0,0,0
148,2017-04-19,09:03:42,0,SF705,XZCE,5176,5108,5180,470,12107540,11566,11550,5376,4864,5120,5148,0,5138,0,0,0,2017-04-19,32622000,5174,5,0,0,0,0,0,0,0,0,5176,7,0,0,0,0,0,0,0,0
149,2017-04-19,09:03:46,0,SF705,XZCE,5176,5108,5180,474,12211060,11566,11550,5376,4864,5120,5148,0,5138,0,0,0,2017-04-19,32626000,5174,5,0,0,0,0,0,0,0,0,5176,5,0,0,0,0,0,0,0,0
150,2017-04-19,09:03:48,0,SF705,XZCE,5174,5108,5180,482,12418020,11562,11550,5376,4864,5120,5148,0,5138,0,0,0,2017-04-19,32628000,5174,1,0,0,0,0,0,0,0,0,5176,5,0,0,0,0,0,0,0,0
151,2017-04-19,09:03:48,0,SF705,XZCE,5174,5108,5180,484,12469760,11564,11550,5376,4864,5120,5148,0,5138,0,0,0,2017-04-19,32628000,5172,18,0,0,0,0,0,0,0,0,5176,5,0,0,0,0,0,0,0,0
152,2017-04-19,09:03:50,0,SF705,XZCE,5176,5108,5180,492,12676800,11564,11550,5376,4864,5120,5148,0,5138,0,0,0,2017-04-19,32630000,5172,18,0,0,0,0,0,0,0,0,5176,1,0,0,0,0,0,0,0,0
153,2017-04-19,09:03:52,0,SF705,XZCE,5176,5108,5180,494,12728560,11562,11550,5376,4864,5120,5148,0,5138,0,0,0,2017-04-19,32632000,5172,18,0,0,0,0,0,0,0,0,5180,11,0,0,0,0,0,0,0,0
154,2017-04-19,09:03:53,0,SF705,XZCE,5176,5108,5180,494,12728560,11562,11550,5376,4864,5120,5148,0,5138,0,0,0,2017-04-19,32633000,5176,1,0,0,0,0,0,0,0,0,5180,11,0,0,0,0,0,0,0,0
155,2017-04-19,09:03:56,0,SF705,XZCE,5176,5108,5180,496,12780320,11564,11550,5376,4864,5120,5148,0,5138,0,0,0,2017-04-19,32636000,5172,18,0,0,0,0,0,0,0,0,5180,11,0,0,0,0,0,0,0,0
156,2017-04-19,09:03:57,0,SF705,XZCE,5180,5108,5180,500,12883920,11564,11550,5376,4864,5120,5148,0,5138,0,0,0,2017-04-19,32637000,5176,1,0,0,0,0,0,0,0,0,5180,9,0,0,0,0,0,0,0,0
157,2017-04-19,09:04:00,0,SF705,XZCE,5180,5108,5180,502,12935720,11564,11550,5376,4864,5120,5148,0,5138,0,0,0,2017-04-19,32640000,5176,1,0,0,0,0,0,0,0,0,5180,8,0,0,0,0,0,0,0,0
158,2017-04-19,09:04:02,0,SF705,XZCE,5180,5108,5180,504,12987520,11564,11550,5376,4864,5120,5148,0,5138,0,0,0,2017-04-19,32642000,5176,1,0,0,0,0,0,0,0,0,5180,7,0,0,0,0,0,0,0,0
159,2017-04-19,09:04:04,0,SF705,XZCE,5180,5108,5180,504,12987520,11564,11550,5376,4864,5120,5148,0,5138,0,0,0,2017-04-19,32644000,5172,18,0,0,0,0,0,0,0,0,5180,7,0,0,0,0,0,0,0,0
160,2017-04-19,09:04:04,0,SF705,XZCE,5180,5108,5180,510,13142920,11562,11550,5376,4864,5120,5148,0,5138,0,0,0,2017-04-19,32644000,5178,8,0,0,0,0,0,0,0,0,5180,4,0,0,0,0,0,0,0,0
161,2017-04-19,09:04:05,0,SF705,XZCE,5178,5108,5180,516,13298260,11558,11550,5376,4864,5120,5148,0,5138,0,0,0,2017-04-19,32645000,5178,5,0,0,0,0,0,0,0,0,5180,2,0,0,0,0,0,0,0,0
162,2017-04-19,09:04:05,0,SF705,XZCE,5184,5108,5184,528,13609300,11552,11550,5376,4864,5120,5148,0,5138,0,0,0,2017-04-19,32645000,5178,3,0,0,0,0,0,0,0,0,5184,2,0,0,0,0,0,0,0,0
163,2017-04-19,09:04:06,0,SF705,XZCE,5184,5108,5184,532,13712980,11550,11550,5376,4864,5120,5148,0,5138,0,0,0,2017-04-19,32646000,5178,3,0,0,0,0,0,0,0,0,5186,5,0,0,0,0,0,0,0,0
164,2017-04-19,09:04:06,0,SF705,XZCE,5178,5108,5190,552,14230780,11544,11550,5376,4864,5120,5148,0,5138,0,0,0,2017-04-19,32646000,5178,1,0,0,0,0,0,0,0,0,5190,2,0,0,0,0,0,0,0,0
165,2017-04-19,09:04:07,0,SF705,XZCE,5178,5108,5190,554,14282560,11542,11550,5376,4864,5120,5148,0,5138,0,0,0,2017-04-19,32647000,5172,19,0,0,0,0,0,0,0,0,5180,1,0,0,0,0,0,0,0,0
166,2017-04-19,09:04:07,0,SF705,XZCE,5172,5108,5190,574,14799760,11542,11550,5376,4864,5120,5148,0,5138,0,0,0,2017-04-19,32647000,5172,9,0,0,0,0,0,0,0,0,5180,1,0,0,0,0,0,0,0,0
167,2017-04-19,09:04:10,0,SF705,XZCE,5174,5108,5190,576,14851500,11540,11550,5376,4864,5120,5148,0,5138,0,0,0,2017-04-19,32650000,5174,1,0,0,0,0,0,0,0,0,5180,1,0,0,0,0,0,0,0,0
168,2017-04-19,09:04:11,0,SF705,XZCE,5180,5108,5190,578,14903300,11538,11550,5376,4864,5120,5148,0,5138,0,0,0,2017-04-19,32651000,5174,2,0,0,0,0,0,0,0,0,5190,2,0,0,0,0,0,0,0,0
169,2017-04-19,09:04:13,0,SF705,XZCE,5180,5108,5190,578,14903300,11538,11550,5376,4864,5120,5148,0,5138,0,0,0,2017-04-19,32653000,5174,2,0,0,0,0,0,0,0,0,5190,3,0,0,0,0,0,0,0,0
170,2017-04-19,09:04:15,0,SF705,XZCE,5190,5108,5190,580,14955200,11538,11550,5376,4864,5120,5148,0,5138,0,0,0,2017-04-19,32655000,5174,2,0,0,0,0,0,0,0,0,5190,2,0,0,0,0,0,0,0,0
171,2017-04-19,09:04:15,0,SF705,XZCE,5190,5108,5190,580,14955200,11538,11550,5376,4864,5120,5148,0,5138,0,0,0,2017-04-19,32655000,5174,2,0,0,0,0,0,0,0,0,5190,7,0,0,0,0,0,0,0,0
172,2017-04-19,09:04:16,0,SF705,XZCE,5190,5108,5190,580,14955200,11538,11550,5376,4864,5120,5148,0,5138,0,0,0,2017-04-19,32656000,5174,1,0,0,0,0,0,0,0,0,5190,7,0,0,0,0,0,0,0,0
173,2017-04-19,09:04:16,0,SF705,XZCE,5190,5108,5190,582,15007100,11538,11550,5376,4864,5120,5148,0,5138,0,0,0,2017-04-19,32656000,5174,1,0,0,0,0,0,0,0,0,5190,6,0,0,0,0,0,0,0,0
174,2017-04-19,09:04:18,0,SF705,XZCE,5190,5108,5190,582,15007100,11538,11550,5376,4864,5120,5148,0,5138,0,0,0,2017-04-19,32658000,5174,1,0,0,0,0,0,0,0,0,5188,1,0,0,0,0,0,0,0,0
175,2017-04-19,09:04:19,0,SF705,XZCE,5174,5108,5190,584,15058840,11538,11550,5376,4864,5120,5148,0,5138,0,0,0,2017-04-19,32659000,5172,9,0,0,0,0,0,0,0,0,5188,1,0,0,0,0,0,0,0,0
176,2017-04-19,09:04:20,0,SF705,XZCE,5174,5108,5190,584,15058840,11538,11550,5376,4864,5120,5148,0,5138,0,0,0,2017-04-19,32660000,5172,9,0,0,0,0,0,0,0,0,5188,2,0,0,0,0,0,0,0,0
177,2017-04-19,09:04:22,0,SF705,XZCE,5188,5108,5190,588,15162600,11538,11550,5376,4864,5120,5148,0,5138,0,0,0,2017-04-19,32662000,5172,9,0,0,0,0,0,0,0,0,5190,6,0,0,0,0,0,0,0,0
178,2017-04-19,09:04:23,0,SF705,XZCE,5188,5108,5190,588,15162600,11538,11550,5376,4864,5120,5148,0,5138,0,0,0,2017-04-19,32663000,5172,9,0,0,0,0,0,0,0,0,5190,7,0,0,0,0,0,0,0,0
179,2017-04-19,09:04:23,0,SF705,XZCE,5188,5108,5190,588,15162600,11538,11550,5376,4864,5120,5148,0,5138,0,0,0,2017-04-19,32663000,5172,9,0,0,0,0,0,0,0,0,5190,9,0,0,0,0,0,0,0,0
180,2017-04-19,09:04:24,0,SF705,XZCE,5188,5108,5190,588,15162600,11538,11550,5376,4864,5120,5148,0,5138,0,0,0,2017-04-19,32664000,5172,9,0,0,0,0,0,0,0,0,5190,10,0,0,0,0,0,0,0,0
181,2017-04-19,09:04:25,0,SF705,XZCE,5188,5108,5190,588,15162600,11538,11550,5376,4864,5120,5148,0,5138,0,0,0,2017-04-19,32665000,5172,9,0,0,0,0,0,0,0,0,5188,1,0,0,0,0,0,0,0,0
182,2017-04-19,09:04:25,0,SF705,XZCE,5188,5108,5190,592,15266360,11540,11550,5376,4864,5120,5148,0,5138,0,0,0,2017-04-19,32665000,5174,1,0,0,0,0,0,0,0,0,5190,10,0,0,0,0,0,0,0,0
183,2017-04-19,09:04:26,0,SF705,XZCE,5172,5108,5190,614,15835280,11538,11550,5376,4864,5120,5148,0,5138,0,0,0,2017-04-19,32666000,5172,1,0,0,0,0,0,0,0,0,5190,8,0,0,0,0,0,0,0,0
184,2017-04-19,09:04:27,0,SF705,XZCE,5172,5108,5190,614,15835280,11538,11550,5376,4864,5120,5148,0,5138,0,0,0,2017-04-19,32667000,5172,1,0,0,0,0,0,0,0,0,5186,5,0,0,0,0,0,0,0,0
185,2017-04-19,09:04:28,0,SF705,XZCE,5172,5108,5190,614,15835280,11538,11550,5376,4864,5120,5148,0,5138,0,0,0,2017-04-19,32668000,5172,1,0,0,0,0,0,0,0,0,5186,3,0,0,0,0,0,0,0,0
186,2017-04-19,09:04:30,0,SF705,XZCE,5172,5108,5190,614,15835280,11538,11550,5376,4864,5120,5148,0,5138,0,0,0,2017-04-19,32670000,5174,1,0,0,0,0,0,0,0,0,5186,3,0,0,0,0,0,0,0,0
187,2017-04-19,09:04:31,0,SF705,XZCE,5186,5108,5190,616,15887140,11540,11550,5376,4864,5120,5148,0,5138,0,0,0,2017-04-19,32671000,5174,1,0,0,0,0,0,0,0,0,5186,4,0,0,0,0,0,0,0,0
188,2017-04-19,09:04:32,0,SF705,XZCE,5186,5108,5190,616,15887140,11540,11550,5376,4864,5120,5148,0,5138,0,0,0,2017-04-19,32672000,5174,1,0,0,0,0,0,0,0,0,5186,2,0,0,0,0,0,0,0,0
189,2017-04-19,09:04:34,0,SF705,XZCE,5186,5108,5190,616,15887140,11540,11550,5376,4864,5120,5148,0,5138,0,0,0,2017-04-19,32674000,5174,1,0,0,0,0,0,0,0,0,5186,4,0,0,0,0,0,0,0,0
190,2017-04-19,09:04:36,0,SF705,XZCE,5182,5108,5190,618,15938960,11540,11550,5376,4864,5120,5148,0,5138,0,0,0,2017-04-19,32676000,5174,1,0,0,0,0,0,0,0,0,5186,4,0,0,0,0,0,0,0,0
191,2017-04-19,09:04:36,0,SF705,XZCE,5174,5108,5190,620,15990700,11540,11550,5376,4864,5120,5148,0,5138,0,0,0,2017-04-19,32676000,5172,7,0,0,0,0,0,0,0,0,5184,1,0,0,0,0,0,0,0,0
192,2017-04-19,09:04:39,0,SF705,XZCE,5174,5108,5190,620,15990700,11540,11550,5376,4864,5120,5148,0,5138,0,0,0,2017-04-19,32679000,5172,7,0,0,0,0,0,0,0,0,5174,1,0,0,0,0,0,0,0,0
193,2017-04-19,09:04:40,0,SF705,XZCE,5184,5108,5190,632,16301740,11540,11550,5376,4864,5120,5148,0,5138,0,0,0,2017-04-19,32680000,5184,1,0,0,0,0,0,0,0,0,5186,4,0,0,0,0,0,0,0,0
194,2017-04-19,09:04:40,0,SF705,XZCE,5184,5108,5190,634,16353580,11540,11550,5376,4864,5120,5148,0,5138,0,0,0,2017-04-19,32680000,5184,10,0,0,0,0,0,0,0,0,5186,4,0,0,0,0,0,0,0,0
195,2017-04-19,09:04:40,0,SF705,XZCE,5184,5108,5190,654,16871980,11548,11550,5376,4864,5120,5148,0,5138,0,0,0,2017-04-19,32680000,5172,6,0,0,0,0,0,0,0,0,5186,4,0,0,0,0,0,0,0,0
196,2017-04-19,09:04:41,0,SF705,XZCE,5184,5108,5190,654,16871980,11548,11550,5376,4864,5120,5148,0,5138,0,0,0,2017-04-19,32681000,5174,2,0,0,0,0,0,0,0,0,5186,4,0,0,0,0,0,0,0,0
197,2017-04-19,09:04:42,0,SF705,XZCE,5184,5108,5190,654,16871980,11548,11550,5376,4864,5120,5148,0,5138,0,0,0,2017-04-19,32682000,5174,6,0,0,0,0,0,0,0,0,5186,4,0,0,0,0,0,0,0,0
198,2017-04-19,09:04:44,0,SF705,XZCE,5184,5108,5190,654,16871980,11548,11550,5376,4864,5120,5148,0,5138,0,0,0,2017-04-19,32684000,5174,6,0,0,0,0,0,0,0,0,5184,1,0,0,0,0,0,0,0,0
199,2017-04-19,09:04:46,0,SF705,XZCE,5184,5108,5190,654,16871980,11548,11550,5376,4864,5120,5148,0,5138,0,0,0,2017-04-19,32686000,5174,6,0,0,0,0,0,0,0,0,5184,3,0,0,0,0,0,0,0,0
200,2017-04-19,09:04:53,0,SF705,XZCE,5184,5108,5190,654,16871980,11548,11550,5376,4864,5120,5148,0,5138,0,0,0,2017-04-19,32693000,5174,8,0,0,0,0,0,0,0,0,5184,3,0,0,0,0,0,0,0,0
201,2017-04-19,09:04:53,0,SF705,XZCE,5184,5108,5190,660,17027500,11550,11550,5376,4864,5120,5148,0,5138,0,0,0,2017-04-19,32693000,5174,8,0,0,0,0,0,0,0,0,5186,4,0,0,0,0,0,0,0,0
202,2017-04-19,09:04:54,0,SF705,XZCE,5184,5108,5190,660,17027500,11550,11550,5376,4864,5120,5148,0,5138,0,0,0,2017-04-19,32694000,5176,1,0,0,0,0,0,0,0,0,5184,1,0,0,0,0,0,0,0,0
203,2017-04-19,09:04:57,0,SF705,XZCE,5174,5108,5190,664,17130980,11548,11550,5376,4864,5120,5148,0,5138,0,0,0,2017-04-19,32697000,5174,7,0,0,0,0,0,0,0,0,5184,1,0,0,0,0,0,0,0,0
204,2017-04-19,09:04:59,0,SF705,XZCE,5174,5108,5190,684,17648380,11530,11550,5376,4864,5120,5148,0,5138,0,0,0,2017-04-19,32699000,5172,7,0,0,0,0,0,0,0,0,5184,1,0,0,0,0,0,0,0,0
205,2017-04-19,09:05:00,0,SF705,XZCE,5174,5108,5190,686,17700120,11528,11550,5376,4864,5120,5148,0,5138,0,0,0,2017-04-19,32700000,5172,7,0,0,0,0,0,0,0,0,5184,1,0,0,0,0,0,0,0,0
206,2017-04-19,09:05:01,0,SF705,XZCE,5174,5108,5190,686,17700120,11528,11550,5376,4864,5120,5148,0,5138,0,0,0,2017-04-19,32701000,5172,7,0,0,0,0,0,0,0,0,5184,2,0,0,0,0,0,0,0,0
207,2017-04-19,09:05:02,0,SF705,XZCE,5174,5108,5190,686,17700120,11528,11550,5376,4864,5120,5148,0,5138,0,0,0,2017-04-19,32702000,5172,7,0,0,0,0,0,0,0,0,5184,23,0,0,0,0,0,0,0,0
208,2017-04-19,09:05:03,0,SF705,XZCE,5174,5108,5190,686,17700120,11528,11550,5376,4864,5120,5148,0,5138,0,0,0,2017-04-19,32703000,5172,9,0,0,0,0,0,0,0,0,5184,23,0,0,0,0,0,0,0,0
209,2017-04-19,09:05:04,0,SF705,XZCE,5172,5108,5190,704,18165600,11526,11550,5376,4864,5120,5148,0,5138,0,0,0,2017-04-19,32704000,5172,1,0,0,0,0,0,0,0,0,5184,24,0,0,0,0,0,0,0,0
210,2017-04-19,09:05:07,0,SF705,XZCE,5172,5108,5190,704,18165600,11526,11550,5376,4864,5120,5148,0,5138,0,0,0,2017-04-19,32707000,5172,1,0,0,0,0,0,0,0,0,5180,1,0,0,0,0,0,0,0,0
211,2017-04-19,09:05:10,0,SF705,XZCE,5172,5108,5190,706,18217320,11528,11550,5376,4864,5120,5148,0,5138,0,0,0,2017-04-19,32710000,5166,2,0,0,0,0,0,0,0,0,5180,1,0,0,0,0,0,0,0,0
212,2017-04-19,09:05:11,0,SF705,XZCE,5172,5108,5190,706,18217320,11528,11550,5376,4864,5120,5148,0,5138,0,0,0,2017-04-19,32711000,5166,2,0,0,0,0,0,0,0,0,5172,1,0,0,0,0,0,0,0,0
213,2017-04-19,09:05:16,0,SF705,XZCE,5172,5108,5190,706,18217320,11528,11550,5376,4864,5120,5148,0,5138,0,0,0,2017-04-19,32716000,5166,2,0,0,0,0,0,0,0,0,5180,2,0,0,0,0,0,0,0,0
214,2017-04-19,09:05:22,0,SF705,XZCE,5172,5108,5190,706,18217320,11528,11550,5376,4864,5120,5148,0,5138,0,0,0,2017-04-19,32722000,5166,19,0,0,0,0,0,0,0,0,5180,2,0,0,0,0,0,0,0,0
215,2017-04-19,09:05:23,0,SF705,XZCE,5172,5108,5190,706,18217320,11528,11550,5376,4864,5120,5148,0,5138,0,0,0,2017-04-19,32723000,5166,19,0,0,0,0,0,0,0,0,5180,1,0,0,0,0,0,0,0,0
216,2017-04-19,09:05:24,0,SF705,XZCE,5180,5108,5190,716,18476320,11526,11550,5376,4864,5120,5148,0,5138,0,0,0,2017-04-19,32724000,5166,16,0,0,0,0,0,0,0,0,5182,2,0,0,0,0,0,0,0,0
217,2017-04-19,09:05:24,0,SF705,XZCE,5180,5108,5190,716,18476320,11526,11550,5376,4864,5120,5148,0,5138,0,0,0,2017-04-19,32724000,5166,16,0,0,0,0,0,0,0,0,5176,1,0,0,0,0,0,0,0,0
218,2017-04-19,09:05:25,0,SF705,XZCE,5180,5108,5190,716,18476320,11526,11550,5376,4864,5120,5148,0,5138,0,0,0,2017-04-19,32725000,5166,16,0,0,0,0,0,0,0,0,5182,2,0,0,0,0,0,0,0,0
219,2017-04-19,09:05:26,0,SF705,XZCE,5180,5108,5190,716,18476320,11526,11550,5376,4864,5120,5148,0,5138,0,0,0,2017-04-19,32726000,5166,16,0,0,0,0,0,0,0,0,5178,1,0,0,0,0,0,0,0,0
220,2017-04-19,09:05:29,0,SF705,XZCE,5180,5108,5190,716,18476320,11526,11550,5376,4864,5120,5148,0,5138,0,0,0,2017-04-19,32729000,5166,17,0,0,0,0,0,0,0,0,5178,1,0,0,0,0,0,0,0,0
221,2017-04-19,09:05:31,0,SF705,XZCE,5180,5108,5190,716,18476320,11526,11550,5376,4864,5120,5148,0,5138,0,0,0,2017-04-19,32731000,5166,17,0,0,0,0,0,0,0,0,5180,1,0,0,0,0,0,0,0,0
222,2017-04-19,09:05:31,0,SF705,XZCE,5166,5108,5190,718,18527980,11526,11550,5376,4864,5120,5148,0,5138,0,0,0,2017-04-19,32731000,5166,16,0,0,0,0,0,0,0,0,5180,1,0,0,0,0,0,0,0,0
223,2017-04-19,09:05:33,0,SF705,XZCE,5166,5108,5190,718,18527980,11526,11550,5376,4864,5120,5148,0,5138,0,0,0,2017-04-19,32733000,5166,16,0,0,0,0,0,0,0,0,5178,1,0,0,0,0,0,0,0,0
224,2017-04-19,09:05:34,0,SF705,XZCE,5166,5108,5190,718,18527980,11526,11550,5376,4864,5120,5148,0,5138,0,0,0,2017-04-19,32734000,5168,2,0,0,0,0,0,0,0,0,5178,2,0,0,0,0,0,0,0,0
225,2017-04-19,09:05:39,0,SF705,XZCE,5166,5108,5190,724,18682960,11524,11550,5376,4864,5120,5148,0,5138,0,0,0,2017-04-19,32739000,5166,15,0,0,0,0,0,0,0,0,5178,2,0,0,0,0,0,0,0,0
226,2017-04-19,09:05:41,0,SF705,XZCE,5166,5108,5190,724,18682960,11524,11550,5376,4864,5120,5148,0,5138,0,0,0,2017-04-19,32741000,5166,15,0,0,0,0,0,0,0,0,5168,1,0,0,0,0,0,0,0,0
227,2017-04-19,09:05:42,0,SF705,XZCE,5168,5108,5190,726,18734640,11522,11550,5376,4864,5120,5148,0,5138,0,0,0,2017-04-19,32742000,5166,15,0,0,0,0,0,0,0,0,5176,1,0,0,0,0,0,0,0,0
228,2017-04-19,09:05:42,0,SF705,XZCE,5168,5108,5190,726,18734640,11522,11550,5376,4864,5120,5148,0,5138,0,0,0,2017-04-19,32742000,5166,15,0,0,0,0,0,0,0,0,5176,3,0,0,0,0,0,0,0,0
229,2017-04-19,09:05:46,0,SF705,XZCE,5168,5108,5190,726,18734640,11522,11550,5376,4864,5120,5148,0,5138,0,0,0,2017-04-19,32746000,5166,15,0,0,0,0,0,0,0,0,5176,4,0,0,0,0,0,0,0,0
230,2017-04-19,09:05:48,0,SF705,XZCE,5168,5108,5190,726,18734640,11522,11550,5376,4864,5120,5148,0,5138,0,0,0,2017-04-19,32748000,5166,15,0,0,0,0,0,0,0,0,5176,5,0,0,0,0,0,0,0,0
231,2017-04-19,09:05:53,0,SF705,XZCE,5168,5108,5190,726,18734640,11522,11550,5376,4864,5120,5148,0,5138,0,0,0,2017-04-19,32753000,5166,15,0,0,0,0,0,0,0,0,5174,2,0,0,0,0,0,0,0,0
232,2017-04-19,09:05:56,0,SF705,XZCE,5168,5108,5190,726,18734640,11522,11550,5376,4864,5120,5148,0,5138,0,0,0,2017-04-19,32756000,5166,15,0,0,0,0,0,0,0,0,5174,1,0,0,0,0,0,0,0,0
233,2017-04-19,09:05:57,0,SF705,XZCE,5168,5108,5190,726,18734640,11522,11550,5376,4864,5120,5148,0,5138,0,0,0,2017-04-19,32757000,5166,1,0,0,0,0,0,0,0,0,5174,1,0,0,0,0,0,0,0,0
234,2017-04-19,09:06:02,0,SF705,XZCE,5168,5108,5190,726,18734640,11522,11550,5376,4864,5120,5148,0,5138,0,0,0,2017-04-19,32762000,5166,2,0,0,0,0,0,0,0,0,5176,4,0,0,0,0,0,0,0,0
235,2017-04-19,09:06:02,0,SF705,XZCE,5168,5108,5190,726,18734640,11522,11550,5376,4864,5120,5148,0,5138,0,0,0,2017-04-19,32762000,5166,2,0,0,0,0,0,0,0,0,5174,1,0,0,0,0,0,0,0,0
236,2017-04-19,09:06:06,0,SF705,XZCE,5168,5108,5190,726,18734640,11522,11550,5376,4864,5120,5148,0,5138,0,0,0,2017-04-19,32766000,5166,2,0,0,0,0,0,0,0,0,5170,1,0,0,0,0,0,0,0,0
237,2017-04-19,09:06:08,0,SF705,XZCE,5164,5108,5190,738,19044480,11520,11550,5376,4864,5120,5148,0,5138,0,0,0,2017-04-19,32768000,5166,6,0,0,0,0,0,0,0,0,5170,1,0,0,0,0,0,0,0,0
238,2017-04-19,09:06:10,0,SF705,XZCE,5164,5108,5190,738,19044480,11520,11550,5376,4864,5120,5148,0,5138,0,0,0,2017-04-19,32770000,5162,7,0,0,0,0,0,0,0,0,5170,1,0,0,0,0,0,0,0,0
239,2017-04-19,09:06:12,0,SF705,XZCE,5164,5108,5190,738,19044480,11520,11550,5376,4864,5120,5148,0,5138,0,0,0,2017-04-19,32772000,5162,7,0,0,0,0,0,0,0,0,5170,2,0,0,0,0,0,0,0,0
240,2017-04-19,09:06:20,0,SF705,XZCE,5162,5108,5190,748,19302580,11512,11550,5376,4864,5120,5148,0,5138,0,0,0,2017-04-19,32780000,5162,5,0,0,0,0,0,0,0,0,5176,2,0,0,0,0,0,0,0,0
241,2017-04-19,09:06:21,0,SF705,XZCE,5162,5108,5190,748,19302580,11512,11550,5376,4864,5120,5148,0,5138,0,0,0,2017-04-19,32781000,5162,5,0,0,0,0,0,0,0,0,5168,1,0,0,0,0,0,0,0,0
242,2017-04-19,09:06:21,0,SF705,XZCE,5168,5108,5190,752,19405940,11512,11550,5376,4864,5120,5148,0,5138,0,0,0,2017-04-19,32781000,5162,4,0,0,0,0,0,0,0,0,5176,2,0,0,0,0,0,0,0,0
243,2017-04-19,09:06:24,0,SF705,XZCE,5162,5108,5190,756,19509180,11508,11550,5376,4864,5120,5148,0,5138,0,0,0,2017-04-19,32784000,5162,2,0,0,0,0,0,0,0,0,5176,2,0,0,0,0,0,0,0,0
244,2017-04-19,09:06:25,0,SF705,XZCE,5162,5108,5190,756,19509180,11508,11550,5376,4864,5120,5148,0,5138,0,0,0,2017-04-19,32785000,5162,2,0,0,0,0,0,0,0,0,5174,1,0,0,0,0,0,0,0,0
245,2017-04-19,09:06:26,0,SF705,XZCE,5162,5108,5190,756,19509180,11508,11550,5376,4864,5120,5148,0,5138,0,0,0,2017-04-19,32786000,5162,3,0,0,0,0,0,0,0,0,5174,1,0,0,0,0,0,0,0,0
246,2017-04-19,09:06:27,0,SF705,XZCE,5162,5108,5190,756,19509180,11508,11550,5376,4864,5120,5148,0,5138,0,0,0,2017-04-19,32787000,5162,4,0,0,0,0,0,0,0,0,5176,3,0,0,0,0,0,0,0,0
247,2017-04-19,09:06:29,0,SF705,XZCE,5182,5108,5190,766,19768280,11508,11550,5376,4864,5120,5148,0,5138,0,0,0,2017-04-19,32789000,5182,1,0,0,0,0,0,0,0,0,5184,1,0,0,0,0,0,0,0,0
248,2017-04-19,09:06:29,0,SF705,XZCE,5182,5108,5190,768,19820100,11506,11550,5376,4864,5120,5148,0,5138,0,0,0,2017-04-19,32789000,5162,4,0,0,0,0,0,0,0,0,5184,1,0,0,0,0,0,0,0,0
249,2017-04-19,09:06:30,0,SF705,XZCE,5182,5108,5190,768,19820100,11506,11550,5376,4864,5120,5148,0,5138,0,0,0,2017-04-19,32790000,5162,5,0,0,0,0,0,0,0,0,5184,1,0,0,0,0,0,0,0,0
250,2017-04-19,09:06:33,0,SF705,XZCE,5182,5108,5190,768,19820100,11506,11550,5376,4864,5120,5148,0,5138,0,0,0,2017-04-19,32793000,5164,1,0,0,0,0,0,0,0,0,5180,1,0,0,0,0,0,0,0,0
251,2017-04-19,09:06:35,0,SF705,XZCE,5182,5108,5190,768,19820100,11506,11550,5376,4864,5120,5148,0,5138,0,0,0,2017-04-19,32795000,5166,2,0,0,0,0,0,0,0,0,5180,1,0,0,0,0,0,0,0,0
252,2017-04-19,09:06:38,0,SF705,XZCE,5180,5108,5190,770,19871900,11508,11550,5376,4864,5120,5148,0,5138,0,0,0,2017-04-19,32798000,5180,3,0,0,0,0,0,0,0,0,5182,2,0,0,0,0,0,0,0,0
253,2017-04-19,09:06:38,0,SF705,XZCE,5180,5108,5190,776,20027300,11502,11550,5376,4864,5120,5148,0,5138,0,0,0,2017-04-19,32798000,5168,1,0,0,0,0,0,0,0,0,5182,2,0,0,0,0,0,0,0,0
254,2017-04-19,09:06:40,0,SF705,XZCE,5180,5108,5190,776,20027300,11502,11550,5376,4864,5120,5148,0,5138,0,0,0,2017-04-19,32800000,5168,1,0,0,0,0,0,0,0,0,5180,1,0,0,0,0,0,0,0,0
255,2017-04-19,09:06:41,0,SF705,XZCE,5180,5108,5190,776,20027300,11502,11550,5376,4864,5120,5148,0,5138,0,0,0,2017-04-19,32801000,5166,3,0,0,0,0,0,0,0,0,5180,1,0,0,0,0,0,0,0,0
256,2017-04-19,09:06:41,0,SF705,XZCE,5180,5108,5190,778,20079100,11504,11550,5376,4864,5120,5148,0,5138,0,0,0,2017-04-19,32801000,5166,3,0,0,0,0,0,0,0,0,5182,2,0,0,0,0,0,0,0,0
257,2017-04-19,09:06:42,0,SF705,XZCE,5180,5108,5190,778,20079100,11504,11550,5376,4864,5120,5148,0,5138,0,0,0,2017-04-19,32802000,5166,4,0,0,0,0,0,0,0,0,5182,2,0,0,0,0,0,0,0,0
258,2017-04-19,09:06:43,0,SF705,XZCE,5180,5108,5190,778,20079100,11504,11550,5376,4864,5120,5148,0,5138,0,0,0,2017-04-19,32803000,5170,2,0,0,0,0,0,0,0,0,5182,2,0,0,0,0,0,0,0,0
259,2017-04-19,09:06:45,0,SF705,XZCE,5182,5108,5190,780,20130920,11504,11550,5376,4864,5120,5148,0,5138,0,0,0,2017-04-19,32805000,5170,2,0,0,0,0,0,0,0,0,5182,1,0,0,0,0,0,0,0,0
260,2017-04-19,09:06:45,0,SF705,XZCE,5182,5108,5190,780,20130920,11504,11550,5376,4864,5120,5148,0,5138,0,0,0,2017-04-19,32805000,5170,1,0,0,0,0,0,0,0,0,5182,1,0,0,0,0,0,0,0,0
261,2017-04-19,09:06:46,0,SF705,XZCE,5182,5108,5190,780,20130920,11504,11550,5376,4864,5120,5148,0,5138,0,0,0,2017-04-19,32806000,5172,1,0,0,0,0,0,0,0,0,5182,1,0,0,0,0,0,0,0,0
262,2017-04-19,09:06:48,0,SF705,XZCE,5182,5108,5190,786,20286380,11504,11550,5376,4864,5120,5148,0,5138,0,0,0,2017-04-19,32808000,5172,2,0,0,0,0,0,0,0,0,5184,1,0,0,0,0,0,0,0,0
263,2017-04-19,09:06:48,0,SF705,XZCE,5182,5108,5190,788,20338200,11506,11550,5376,4864,5120,5148,0,5138,0,0,0,2017-04-19,32808000,5172,2,0,0,0,0,0,0,0,0,5184,1,0,0,0,0,0,0,0,0
264,2017-04-19,09:06:50,0,SF705,XZCE,5182,5108,5190,788,20338200,11506,11550,5376,4864,5120,5148,0,5138,0,0,0,2017-04-19,32810000,5172,1,0,0,0,0,0,0,0,0,5184,1,0,0,0,0,0,0,0,0
265,2017-04-19,09:06:50,0,SF705,XZCE,5182,5108,5190,788,20338200,11506,11550,5376,4864,5120,5148,0,5138,0,0,0,2017-04-19,32810000,5174,1,0,0,0,0,0,0,0,0,5184,1,0,0,0,0,0,0,0,0
266,2017-04-19,09:06:52,0,SF705,XZCE,5182,5108,5190,788,20338200,11506,11550,5376,4864,5120,5148,0,5138,0,0,0,2017-04-19,32812000,5176,1,0,0,0,0,0,0,0,0,5184,1,0,0,0,0,0,0,0,0
267,2017-04-19,09:06:52,0,SF705,XZCE,5182,5108,5190,788,20338200,11506,11550,5376,4864,5120,5148,0,5138,0,0,0,2017-04-19,32812000,5176,1,0,0,0,0,0,0,0,0,5180,1,0,0,0,0,0,0,0,0
268,2017-04-19,09:06:54,0,SF705,XZCE,5182,5108,5190,788,20338200,11506,11550,5376,4864,5120,5148,0,5138,0,0,0,2017-04-19,32814000,5176,1,0,0,0,0,0,0,0,0,5180,2,0,0,0,0,0,0,0,0
269,2017-04-19,09:06:59,0,SF705,XZCE,5182,5108,5190,788,20338200,11506,11550,5376,4864,5120,5148,0,5138,0,0,0,2017-04-19,32819000,5174,1,0,0,0,0,0,0,0,0,5180,3,0,0,0,0,0,0,0,0
270,2017-04-19,09:07:01,0,SF705,XZCE,5180,5108,5190,794,20493600,11508,11550,5376,4864,5120,5148,0,5138,0,0,0,2017-04-19,32821000,5180,2,0,0,0,0,0,0,0,0,5182,1,0,0,0,0,0,0,0,0
271,2017-04-19,09:07:03,0,SF705,XZCE,5180,5108,5190,796,20545400,11508,11550,5376,4864,5120,5148,0,5138,0,0,0,2017-04-19,32823000,5180,1,0,0,0,0,0,0,0,0,5182,1,0,0,0,0,0,0,0,0
272,2017-04-19,09:07:04,0,SF705,XZCE,5180,5108,5190,798,20597200,11508,11550,5376,4864,5120,5148,0,5138,0,0,0,2017-04-19,32824000,5174,1,0,0,0,0,0,0,0,0,5180,1,0,0,0,0,0,0,0,0
273,2017-04-19,09:07:05,0,SF705,XZCE,5180,5108,5190,798,20597200,11508,11550,5376,4864,5120,5148,0,5138,0,0,0,2017-04-19,32825000,5174,3,0,0,0,0,0,0,0,0,5180,1,0,0,0,0,0,0,0,0
274,2017-04-19,09:07:05,0,SF705,XZCE,5180,5108,5190,798,20597200,11508,11550,5376,4864,5120,5148,0,5138,0,0,0,2017-04-19,32825000,5174,3,0,0,0,0,0,0,0,0,5182,1,0,0,0,0,0,0,0,0
275,2017-04-19,09:07:07,0,SF705,XZCE,5180,5108,5190,800,20649000,11508,11550,5376,4864,5120,5148,0,5138,0,0,0,2017-04-19,32827000,5174,3,0,0,0,0,0,0,0,0,5180,1,0,0,0,0,0,0,0,0
276,2017-04-19,09:07:07,0,SF705,XZCE,5180,5108,5190,800,20649000,11508,11550,5376,4864,5120,5148,0,5138,0,0,0,2017-04-19,32827000,5174,3,0,0,0,0,0,0,0,0,5180,2,0,0,0,0,0,0,0,0
277,2017-04-19,09:07:08,0,SF705,XZCE,5180,5108,5190,800,20649000,11508,11550,5376,4864,5120,5148,0,5138,0,0,0,2017-04-19,32828000,5176,1,0,0,0,0,0,0,0,0,5180,2,0,0,0,0,0,0,0,0
278,2017-04-19,09:07:13,0,SF705,XZCE,5180,5108,5190,802,20700800,11506,11550,5376,4864,5120,5148,0,5138,0,0,0,2017-04-19,32833000,5176,1,0,0,0,0,0,0,0,0,5180,1,0,0,0,0,0,0,0,0
279,2017-04-19,09:07:14,0,SF705,XZCE,5176,5108,5190,804,20752560,11504,11550,5376,4864,5120,5148,0,5138,0,0,0,2017-04-19,32834000,5174,1,0,0,0,0,0,0,0,0,5176,1,0,0,0,0,0,0,0,0
280,2017-04-19,09:07:14,0,SF705,XZCE,5176,5108,5190,806,20804320,11502,11550,5376,4864,5120,5148,0,5138,0,0,0,2017-04-19,32834000,5174,1,0,0,0,0,0,0,0,0,5180,1,0,0,0,0,0,0,0,0
281,2017-04-19,09:07:15,0,SF705,XZCE,5176,5108,5190,806,20804320,11502,11550,5376,4864,5120,5148,0,5138,0,0,0,2017-04-19,32835000,5174,1,0,0,0,0,0,0,0,0,5176,1,0,0,0,0,0,0,0,0
282,2017-04-19,09:07:16,0,SF705,XZCE,5174,5108,5190,808,20856060,11502,11550,5376,4864,5120,5148,0,5138,0,0,0,2017-04-19,32836000,5172,2,0,0,0,0,0,0,0,0,5176,1,0,0,0,0,0,0,0,0
283,2017-04-19,09:07:16,0,SF705,XZCE,5174,5108,5190,808,20856060,11502,11550,5376,4864,5120,5148,0,5138,0,0,0,2017-04-19,32836000,5172,2,0,0,0,0,0,0,0,0,5176,2,0,0,0,0,0,0,0,0
284,2017-04-19,09:07:17,0,SF705,XZCE,5174,5108,5190,808,20856060,11502,11550,5376,4864,5120,5148,0,5138,0,0,0,2017-04-19,32837000,5172,1,0,0,0,0,0,0,0,0,5176,2,0,0,0,0,0,0,0,0
285,2017-04-19,09:07:18,0,SF705,XZCE,5172,5108,5190,810,20907780,11500,11550,5376,4864,5120,5148,0,5138,0,0,0,2017-04-19,32838000,5170,2,0,0,0,0,0,0,0,0,5176,2,0,0,0,0,0,0,0,0
286,2017-04-19,09:07:19,0,SF705,XZCE,5172,5108,5190,812,20959500,11502,11550,5376,4864,5120,5148,0,5138,0,0,0,2017-04-19,32839000,5172,2,0,0,0,0,0,0,0,0,5176,2,0,0,0,0,0,0,0,0
287,2017-04-19,09:07:22,0,SF705,XZCE,5172,5108,5190,812,20959500,11502,11550,5376,4864,5120,5148,0,5138,0,0,0,2017-04-19,32842000,5172,2,0,0,0,0,0,0,0,0,5176,3,0,0,0,0,0,0,0,0
288,2017-04-19,09:07:22,0,SF705,XZCE,5172,5108,5190,812,20959500,11502,11550,5376,4864,5120,5148,0,5138,0,0,0,2017-04-19,32842000,5170,1,0,0,0,0,0,0,0,0,5172,1,0,0,0,0,0,0,0,0
289,2017-04-19,09:07:22,0,SF705,XZCE,5172,5108,5190,812,20959500,11502,11550,5376,4864,5120,5148,0,5138,0,0,0,2017-04-19,32842000,5170,1,0,0,0,0,0,0,0,0,5172,2,0,0,0,0,0,0,0,0
290,2017-04-19,09:07:23,0,SF705,XZCE,5172,5108,5190,812,20959500,11502,11550,5376,4864,5120,5148,0,5138,0,0,0,2017-04-19,32843000,5170,1,0,0,0,0,0,0,0,0,5172,1,0,0,0,0,0,0,0,0
291,2017-04-19,09:07:28,0,SF705,XZCE,5172,5108,5190,814,21011220,11500,11550,5376,4864,5120,5148,0,5138,0,0,0,2017-04-19,32848000,5170,1,0,0,0,0,0,0,0,0,5176,3,0,0,0,0,0,0,0,0
292,2017-04-19,09:07:29,0,SF705,XZCE,5170,5108,5190,816,21062920,11498,11550,5376,4864,5120,5148,0,5138,0,0,0,2017-04-19,32849000,5166,3,0,0,0,0,0,0,0,0,5176,3,0,0,0,0,0,0,0,0
293,2017-04-19,09:07:30,0,SF705,XZCE,5170,5108,5190,816,21062920,11498,11550,5376,4864,5120,5148,0,5138,0,0,0,2017-04-19,32850000,5172,2,0,0,0,0,0,0,0,0,5176,3,0,0,0,0,0,0,0,0
294,2017-04-19,09:07:33,0,SF705,XZCE,5170,5108,5190,816,21062920,11498,11550,5376,4864,5120,5148,0,5138,0,0,0,2017-04-19,32853000,5170,1,0,0,0,0,0,0,0,0,5176,3,0,0,0,0,0,0,0,0
295,2017-04-19,09:07:33,0,SF705,XZCE,5170,5108,5190,816,21062920,11498,11550,5376,4864,5120,5148,0,5138,0,0,0,2017-04-19,32853000,5170,2,0,0,0,0,0,0,0,0,5176,3,0,0,0,0,0,0,0,0
296,2017-04-19,09:07:37,0,SF705,XZCE,5170,5108,5190,816,21062920,11498,11550,5376,4864,5120,5148,0,5138,0,0,0,2017-04-19,32857000,5172,1,0,0,0,0,0,0,0,0,5176,3,0,0,0,0,0,0,0,0
297,2017-04-19,09:07:39,0,SF705,XZCE,5170,5108,5190,816,21062920,11498,11550,5376,4864,5120,5148,0,5138,0,0,0,2017-04-19,32859000,5170,2,0,0,0,0,0,0,0,0,5176,3,0,0,0,0,0,0,0,0
298,2017-04-19,09:07:40,0,SF705,XZCE,5170,5108,5190,816,21062920,11498,11550,5376,4864,5120,5148,0,5138,0,0,0,2017-04-19,32860000,5172,1,0,0,0,0,0,0,0,0,5176,3,0,0,0,0,0,0,0,0
299,2017-04-19,09:07:41,0,SF705,XZCE,5170,5108,5190,816,21062920,11498,11550,5376,4864,5120,5148,0,5138,0,0,0,2017-04-19,32861000,5170,2,0,0,0,0,0,0,0,0,5176,3,0,0,0,0,0,0,0,0
300,2017-04-19,09:07:45,0,SF705,XZCE,5176,5108,5190,824,21269960,11496,11550,5376,4864,5120,5148,0,5138,0,0,0,2017-04-19,32865000,5174,1,0,0,0,0,0,0,0,0,5180,1,0,0,0,0,0,0,0,0
301,2017-04-19,09:07:48,0,SF705,XZCE,5180,5108,5190,826,21321760,11498,11550,5376,4864,5120,5148,0,5138,0,0,0,2017-04-19,32868000,5172,1,0,0,0,0,0,0,0,0,5182,1,0,0,0,0,0,0,0,0
302,2017-04-19,09:07:49,0,SF705,XZCE,5180,5108,5190,826,21321760,11498,11550,5376,4864,5120,5148,0,5138,0,0,0,2017-04-19,32869000,5172,1,0,0,0,0,0,0,0,0,5180,1,0,0,0,0,0,0,0,0
303,2017-04-19,09:07:51,0,SF705,XZCE,5174,5108,5190,828,21373500,11500,11550,5376,4864,5120,5148,0,5138,0,0,0,2017-04-19,32871000,5170,1,0,0,0,0,0,0,0,0,5180,1,0,0,0,0,0,0,0,0
304,2017-04-19,09:07:53,0,SF705,XZCE,5180,5108,5190,832,21477100,11502,11550,5376,4864,5120,5148,0,5138,0,0,0,2017-04-19,32873000,5172,2,0,0,0,0,0,0,0,0,5182,1,0,0,0,0,0,0,0,0
305,2017-04-19,09:07:55,0,SF705,XZCE,5180,5108,5190,832,21477100,11502,11550,5376,4864,5120,5148,0,5138,0,0,0,2017-04-19,32875000,5170,1,0,0,0,0,0,0,0,0,5182,1,0,0,0,0,0,0,0,0
306,2017-04-19,09:07:56,0,SF705,XZCE,5180,5108,5190,832,21477100,11502,11550,5376,4864,5120,5148,0,5138,0,0,0,2017-04-19,32876000,5170,2,0,0,0,0,0,0,0,0,5176,2,0,0,0,0,0,0,0,0
307,2017-04-19,09:07:56,0,SF705,XZCE,5180,5108,5190,832,21477100,11502,11550,5376,4864,5120,5148,0,5138,0,0,0,2017-04-19,32876000,5170,2,0,0,0,0,0,0,0,0,5182,1,0,0,0,0,0,0,0,0
308,2017-04-19,09:07:57,0,SF705,XZCE,5180,5108,5190,832,21477100,11502,11550,5376,4864,5120,5148,0,5138,0,0,0,2017-04-19,32877000,5170,1,0,0,0,0,0,0,0,0,5180,1,0,0,0,0,0,0,0,0
309,2017-04-19,09:07:57,0,SF705,XZCE,5174,5108,5190,836,21580580,11504,11550,5376,4864,5120,5148,0,5138,0,0,0,2017-04-19,32877000,5172,2,0,0,0,0,0,0,0,0,5180,1,0,0,0,0,0,0,0,0
310,2017-04-19,09:07:58,0,SF705,XZCE,5180,5108,5190,838,21632380,11502,11550,5376,4864,5120,5148,0,5138,0,0,0,2017-04-19,32878000,5172,2,0,0,0,0,0,0,0,0,5182,1,0,0,0,0,0,0,0,0
311,2017-04-19,09:07:59,0,SF705,XZCE,5180,5108,5190,838,21632380,11502,11550,5376,4864,5120,5148,0,5138,0,0,0,2017-04-19,32879000,5172,3,0,0,0,0,0,0,0,0,5182,1,0,0,0,0,0,0,0,0
312,2017-04-19,09:07:59,0,SF705,XZCE,5180,5108,5190,838,21632380,11502,11550,5376,4864,5120,5148,0,5138,0,0,0,2017-04-19,32879000,5172,3,0,0,0,0,0,0,0,0,5174,1,0,0,0,0,0,0,0,0
313,2017-04-19,09:08:00,0,SF705,XZCE,5174,5108,5190,840,21684120,11504,11550,5376,4864,5120,5148,0,5138,0,0,0,2017-04-19,32880000,5172,3,0,0,0,0,0,0,0,0,5182,2,0,0,0,0,0,0,0,0
314,2017-04-19,09:08:03,0,SF705,XZCE,5182,5108,5190,842,21735940,11504,11550,5376,4864,5120,5148,0,5138,0,0,0,2017-04-19,32883000,5172,3,0,0,0,0,0,0,0,0,5182,1,0,0,0,0,0,0,0,0
315,2017-04-19,09:08:03,0,SF705,XZCE,5182,5108,5190,842,21735940,11504,11550,5376,4864,5120,5148,0,5138,0,0,0,2017-04-19,32883000,5172,3,0,0,0,0,0,0,0,0,5180,1,0,0,0,0,0,0,0,0
316,2017-04-19,09:08:08,0,SF705,XZCE,5182,5108,5190,842,21735940,11504,11550,5376,4864,5120,5148,0,5138,0,0,0,2017-04-19,32888000,5172,4,0,0,0,0,0,0,0,0,5180,1,0,0,0,0,0,0,0,0
317,2017-04-19,09:08:10,0,SF705,XZCE,5188,5108,5190,864,22306620,11506,11550,5376,4864,5120,5148,0,5138,0,0,0,2017-04-19,32890000,5172,4,0,0,0,0,0,0,0,0,5188,3,0,0,0,0,0,0,0,0
318,2017-04-19,09:08:11,0,SF705,XZCE,5188,5108,5190,866,22358500,11506,11550,5376,4864,5120,5148,0,5138,0,0,0,2017-04-19,32891000,5174,1,0,0,0,0,0,0,0,0,5188,2,0,0,0,0,0,0,0,0
319,2017-04-19,09:08:12,0,SF705,XZCE,5188,5108,5190,866,22358500,11506,11550,5376,4864,5120,5148,0,5138,0,0,0,2017-04-19,32892000,5174,1,0,0,0,0,0,0,0,0,5178,1,0,0,0,0,0,0,0,0
320,2017-04-19,09:08:12,0,SF705,XZCE,5188,5108,5190,866,22358500,11506,11550,5376,4864,5120,5148,0,5138,0,0,0,2017-04-19,32892000,5174,1,0,0,0,0,0,0,0,0,5178,2,0,0,0,0,0,0,0,0
321,2017-04-19,09:08:13,0,SF705,XZCE,5178,5108,5190,868,22410280,11506,11550,5376,4864,5120,5148,0,5138,0,0,0,2017-04-19,32893000,5174,1,0,0,0,0,0,0,0,0,5178,1,0,0,0,0,0,0,0,0
322,2017-04-19,09:08:13,0,SF705,XZCE,5178,5108,5190,870,22462060,11506,11550,5376,4864,5120,5148,0,5138,0,0,0,2017-04-19,32893000,5174,1,0,0,0,0,0,0,0,0,5180,1,0,0,0,0,0,0,0,0
323,2017-04-19,09:08:14,0,SF705,XZCE,5178,5108,5190,870,22462060,11506,11550,5376,4864,5120,5148,0,5138,0,0,0,2017-04-19,32894000,5174,2,0,0,0,0,0,0,0,0,5180,1,0,0,0,0,0,0,0,0
324,2017-04-19,09:08:14,0,SF705,XZCE,5178,5108,5190,870,22462060,11506,11550,5376,4864,5120,5148,0,5138,0,0,0,2017-04-19,32894000,5174,2,0,0,0,0,0,0,0,0,5178,1,0,0,0,0,0,0,0,0
325,2017-04-19,09:08:17,0,SF705,XZCE,5178,5108,5190,872,22513840,11504,11550,5376,4864,5120,5148,0,5138,0,0,0,2017-04-19,32897000,5176,1,0,0,0,0,0,0,0,0,5180,1,0,0,0,0,0,0,0,0
326,2017-04-19,09:08:18,0,SF705,XZCE,5178,5108,5190,872,22513840,11504,11550,5376,4864,5120,5148,0,5138,0,0,0,2017-04-19,32898000,5178,1,0,0,0,0,0,0,0,0,5180,1,0,0,0,0,0,0,0,0
327,2017-04-19,09:08:18,0,SF705,XZCE,5178,5108,5190,874,22565620,11506,11550,5376,4864,5120,5148,0,5138,0,0,0,2017-04-19,32898000,5176,2,0,0,0,0,0,0,0,0,5180,1,0,0,0,0,0,0,0,0
328,2017-04-19,09:08:19,0,SF705,XZCE,5180,5108,5190,878,22669220,11506,11550,5376,4864,5120,5148,0,5138,0,0,0,2017-04-19,32899000,5178,1,0,0,0,0,0,0,0,0,5186,1,0,0,0,0,0,0,0,0
329,2017-04-19,09:08:23,0,SF705,XZCE,5180,5108,5190,878,22669220,11506,11550,5376,4864,5120,5148,0,5138,0,0,0,2017-04-19,32903000,5178,1,0,0,0,0,0,0,0,0,5184,1,0,0,0,0,0,0,0,0
330,2017-04-19,09:08:27,0,SF705,XZCE,5180,5108,5190,878,22669220,11506,11550,5376,4864,5120,5148,0,5138,0,0,0,2017-04-19,32907000,5178,1,0,0,0,0,0,0,0,0,5184,2,0,0,0,0,0,0,0,0
331,2017-04-19,09:08:27,0,SF705,XZCE,5184,5108,5190,882,22772900,11508,11550,5376,4864,5120,5148,0,5138,0,0,0,2017-04-19,32907000,5184,18,0,0,0,0,0,0,0,0,5186,2,0,0,0,0,0,0,0,0
332,2017-04-19,09:08:29,0,SF705,XZCE,5184,5108,5190,888,22928420,11512,11550,5376,4864,5120,5148,0,5138,0,0,0,2017-04-19,32909000,5184,17,0,0,0,0,0,0,0,0,5188,3,0,0,0,0,0,0,0,0
333,2017-04-19,09:08:30,0,SF705,XZCE,5184,5108,5190,890,22980260,11514,11550,5376,4864,5120,5148,0,5138,0,0,0,2017-04-19,32910000,5184,16,0,0,0,0,0,0,0,0,5188,3,0,0,0,0,0,0,0,0
334,2017-04-19,09:08:33,0,SF705,XZCE,5184,5108,5190,892,23032100,11516,11550,5376,4864,5120,5148,0,5138,0,0,0,2017-04-19,32913000,5184,15,0,0,0,0,0,0,0,0,5188,3,0,0,0,0,0,0,0,0
335,2017-04-19,09:08:34,0,SF705,XZCE,5188,5108,5190,898,23187740,11520,11550,5376,4864,5120,5148,0,5138,0,0,0,2017-04-19,32914000,5184,15,0,0,0,0,0,0,0,0,5190,7,0,0,0,0,0,0,0,0
336,2017-04-19,09:08:34,0,SF705,XZCE,5188,5108,5190,898,23187740,11520,11550,5376,4864,5120,5148,0,5138,0,0,0,2017-04-19,32914000,5184,15,0,0,0,0,0,0,0,0,5190,12,0,0,0,0,0,0,0,0
337,2017-04-19,09:08:36,0,SF705,XZCE,5188,5108,5190,898,23187740,11520,11550,5376,4864,5120,5148,0,5138,0,0,0,2017-04-19,32916000,5184,15,0,0,0,0,0,0,0,0,5188,5,0,0,0,0,0,0,0,0
338,2017-04-19,09:08:36,0,SF705,XZCE,5184,5108,5190,908,23446940,11530,11550,5376,4864,5120,5148,0,5138,0,0,0,2017-04-19,32916000,5184,10,0,0,0,0,0,0,0,0,5190,7,0,0,0,0,0,0,0,0
339,2017-04-19,09:08:36,0,SF705,XZCE,5184,5108,5190,908,23446940,11530,11550,5376,4864,5120,5148,0,5138,0,0,0,2017-04-19,32916000,5184,10,0,0,0,0,0,0,0,0,5188,1,0,0,0,0,0,0,0,0
340,2017-04-19,09:08:37,0,SF705,XZCE,5188,5108,5190,920,23758220,11534,11550,5376,4864,5120,5148,0,5138,0,0,0,2017-04-19,32917000,5184,10,0,0,0,0,0,0,0,0,5188,1,0,0,0,0,0,0,0,0
341,2017-04-19,09:08:40,0,SF705,XZCE,5188,5108,5190,920,23758220,11534,11550,5376,4864,5120,5148,0,5138,0,0,0,2017-04-19,32920000,5184,10,0,0,0,0,0,0,0,0,5188,2,0,0,0,0,0,0,0,0
342,2017-04-19,09:08:41,0,SF705,XZCE,5184,5108,5190,922,23810060,11534,11550,5376,4864,5120,5148,0,5138,0,0,0,2017-04-19,32921000,5184,9,0,0,0,0,0,0,0,0,5188,2,0,0,0,0,0,0,0,0
343,2017-04-19,09:08:42,0,SF705,XZCE,5184,5108,5190,922,23810060,11534,11550,5376,4864,5120,5148,0,5138,0,0,0,2017-04-19,32922000,5184,10,0,0,0,0,0,0,0,0,5188,2,0,0,0,0,0,0,0,0
344,2017-04-19,09:08:45,0,SF705,XZCE,5188,5108,5190,924,23861940,11534,11550,5376,4864,5120,5148,0,5138,0,0,0,2017-04-19,32925000,5184,10,0,0,0,0,0,0,0,0,5188,1,0,0,0,0,0,0,0,0
345,2017-04-19,09:08:48,0,SF705,XZCE,5184,5108,5190,930,24017460,11538,11550,5376,4864,5120,5148,0,5138,0,0,0,2017-04-19,32928000,5184,7,0,0,0,0,0,0,0,0,5188,1,0,0,0,0,0,0,0,0
346,2017-04-19,09:08:49,0,SF705,XZCE,5188,5108,5190,932,24069340,11540,11550,5376,4864,5120,5148,0,5138,0,0,0,2017-04-19,32929000,5184,7,0,0,0,0,0,0,0,0,5190,8,0,0,0,0,0,0,0,0
347,2017-04-19,09:08:49,0,SF705,XZCE,5188,5108,5190,932,24069340,11540,11550,5376,4864,5120,5148,0,5138,0,0,0,2017-04-19,32929000,5184,7,0,0,0,0,0,0,0,0,5188,2,0,0,0,0,0,0,0,0
348,2017-04-19,09:08:50,0,SF705,XZCE,5188,5108,5190,936,24173100,11544,11550,5376,4864,5120,5148,0,5138,0,0,0,2017-04-19,32930000,5188,9,0,0,0,0,0,0,0,0,5190,8,0,0,0,0,0,0,0,0
349,2017-04-19,09:08:51,0,SF705,XZCE,5188,5108,5190,950,24536260,11548,11550,5376,4864,5120,5148,0,5138,0,0,0,2017-04-19,32931000,5188,2,0,0,0,0,0,0,0,0,5190,8,0,0,0,0,0,0,0,0
350,2017-04-19,09:08:51,0,SF705,XZCE,5188,5108,5190,950,24536260,11548,11550,5376,4864,5120,5148,0,5138,0,0,0,2017-04-19,32931000,5188,4,0,0,0,0,0,0,0,0,5190,8,0,0,0,0,0,0,0,0
351,2017-04-19,09:08:53,0,SF705,XZCE,5188,5108,5190,952,24588140,11550,11550,5376,4864,5120,5148,0,5138,0,0,0,2017-04-19,32933000,5188,3,0,0,0,0,0,0,0,0,5190,8,0,0,0,0,0,0,0,0
352,2017-04-19,09:08:53,0,SF705,XZCE,5188,5108,5190,954,24640020,11550,11550,5376,4864,5120,5148,0,5138,0,0,0,2017-04-19,32933000,5188,2,0,0,0,0,0,0,0,0,5190,8,0,0,0,0,0,0,0,0
353,2017-04-19,09:08:53,0,SF705,XZCE,5188,5108,5190,956,24691900,11552,11550,5376,4864,5120,5148,0,5138,0,0,0,2017-04-19,32933000,5188,1,0,0,0,0,0,0,0,0,5190,8,0,0,0,0,0,0,0,0
354,2017-04-19,09:08:54,0,SF705,XZCE,5188,5108,5190,958,24743780,11554,11550,5376,4864,5120,5148,0,5138,0,0,0,2017-04-19,32934000,5184,7,0,0,0,0,0,0,0,0,5188,3,0,0,0,0,0,0,0,0
355,2017-04-19,09:08:55,0,SF705,XZCE,5188,5108,5190,962,24847540,11556,11550,5376,4864,5120,5148,0,5138,0,0,0,2017-04-19,32935000,5184,7,0,0,0,0,0,0,0,0,5188,1,0,0,0,0,0,0,0,0
356,2017-04-19,09:08:55,0,SF705,XZCE,5188,5108,5190,966,24951300,11556,11550,5376,4864,5120,5148,0,5138,0,0,0,2017-04-19,32935000,5184,7,0,0,0,0,0,0,0,0,5188,4,0,0,0,0,0,0,0,0
357,2017-04-19,09:08:58,0,SF705,XZCE,5188,5108,5190,966,24951300,11556,11550,5376,4864,5120,5148,0,5138,0,0,0,2017-04-19,32938000,5186,1,0,0,0,0,0,0,0,0,5190,8,0,0,0,0,0,0,0,0
358,2017-04-19,09:08:58,0,SF705,XZCE,5188,5108,5190,966,24951300,11556,11550,5376,4864,5120,5148,0,5138,0,0,0,2017-04-19,32938000,5186,1,0,0,0,0,0,0,0,0,5188,1,0,0,0,0,0,0,0,0
359,2017-04-19,09:09:00,0,SF705,XZCE,5188,5108,5190,966,24951300,11556,11550,5376,4864,5120,5148,0,5138,0,0,0,2017-04-19,32940000,5186,1,0,0,0,0,0,0,0,0,5188,2,0,0,0,0,0,0,0,0
360,2017-04-19,09:09:01,0,SF705,XZCE,5188,5108,5190,968,25003180,11556,11550,5376,4864,5120,5148,0,5138,0,0,0,2017-04-19,32941000,5186,1,0,0,0,0,0,0,0,0,5188,1,0,0,0,0,0,0,0,0
361,2017-04-19,09:09:01,0,SF705,XZCE,5186,5108,5190,974,25158760,11558,11550,5376,4864,5120,5148,0,5138,0,0,0,2017-04-19,32941000,5184,7,0,0,0,0,0,0,0,0,5186,1,0,0,0,0,0,0,0,0
362,2017-04-19,09:09:03,0,SF705,XZCE,5186,5108,5190,976,25210620,11556,11550,5376,4864,5120,5148,0,5138,0,0,0,2017-04-19,32943000,5186,1,0,0,0,0,0,0,0,0,5190,8,0,0,0,0,0,0,0,0
363,2017-04-19,09:09:04,0,SF705,XZCE,5186,5108,5190,978,25262480,11556,11550,5376,4864,5120,5148,0,5138,0,0,0,2017-04-19,32944000,5184,10,0,0,0,0,0,0,0,0,5186,2,0,0,0,0,0,0,0,0
364,2017-04-19,09:09:06,0,SF705,XZCE,5186,5108,5190,980,25314340,11558,11550,5376,4864,5120,5148,0,5138,0,0,0,2017-04-19,32946000,5184,10,0,0,0,0,0,0,0,0,5186,1,0,0,0,0,0,0,0,0
365,2017-04-19,09:09:06,0,SF705,XZCE,5186,5108,5190,980,25314340,11558,11550,5376,4864,5120,5148,0,5138,0,0,0,2017-04-19,32946000,5184,11,0,0,0,0,0,0,0,0,5186,1,0,0,0,0,0,0,0,0
366,2017-04-19,09:09:07,0,SF705,XZCE,5184,5108,5190,1002,25884580,11560,11550,5376,4864,5120,5148,0,5138,0,0,0,2017-04-19,32947000,5178,1,0,0,0,0,0,0,0,0,5184,5,0,0,0,0,0,0,0,0
367,2017-04-19,09:09:08,0,SF705,XZCE,5184,5108,5190,1004,25936420,11560,11550,5376,4864,5120,5148,0,5138,0,0,0,2017-04-19,32948000,5178,1,0,0,0,0,0,0,0,0,5184,4,0,0,0,0,0,0,0,0
368,2017-04-19,09:09:08,0,SF705,XZCE,5184,5108,5190,1004,25936420,11560,11550,5376,4864,5120,5148,0,5138,0,0,0,2017-04-19,32948000,5178,1,0,0,0,0,0,0,0,0,5184,8,0,0,0,0,0,0,0,0
369,2017-04-19,09:09:09,0,SF705,XZCE,5178,5108,5190,1008,26039980,11562,11550,5376,4864,5120,5148,0,5138,0,0,0,2017-04-19,32949000,5176,2,0,0,0,0,0,0,0,0,5178,5,0,0,0,0,0,0,0,0
370,2017-04-19,09:09:11,0,SF705,XZCE,5178,5108,5190,1012,26143540,11566,11550,5376,4864,5120,5148,0,5138,0,0,0,2017-04-19,32951000,5176,3,0,0,0,0,0,0,0,0,5178,3,0,0,0,0,0,0,0,0
371,2017-04-19,09:09:13,0,SF705,XZCE,5178,5108,5190,1018,26298880,11570,11550,5376,4864,5120,5148,0,5138,0,0,0,2017-04-19,32953000,5176,2,0,0,0,0,0,0,0,0,5184,4,0,0,0,0,0,0,0,0
372,2017-04-19,09:09:13,0,SF705,XZCE,5178,5108,5190,1018,26298880,11570,11550,5376,4864,5120,5148,0,5138,0,0,0,2017-04-19,32953000,5178,2,0,0,0,0,0,0,0,0,5184,4,0,0,0,0,0,0,0,0
373,2017-04-19,09:09:19,0,SF705,XZCE,5178,5108,5190,1020,26350660,11570,11550,5376,4864,5120,5148,0,5138,0,0,0,2017-04-19,32959000,5178,2,0,0,0,0,0,0,0,0,5184,4,0,0,0,0,0,0,0,0
374,2017-04-19,09:09:27,0,SF705,XZCE,5178,5108,5190,1022,26402440,11570,11550,5376,4864,5120,5148,0,5138,0,0,0,2017-04-19,32967000,5178,1,0,0,0,0,0,0,0,0,5182,1,0,0,0,0,0,0,0,0
375,2017-04-19,09:09:27,0,SF705,XZCE,5178,5108,5190,1024,26454220,11568,11550,5376,4864,5120,5148,0,5138,0,0,0,2017-04-19,32967000,5176,3,0,0,0,0,0,0,0,0,5182,1,0,0,0,0,0,0,0,0
376,2017-04-19,09:09:29,0,SF705,XZCE,5176,5108,5190,1028,26557740,11564,11550,5376,4864,5120,5148,0,5138,0,0,0,2017-04-19,32969000,5178,1,0,0,0,0,0,0,0,0,5182,1,0,0,0,0,0,0,0,0
377,2017-04-19,09:09:30,0,SF705,XZCE,5178,5108,5190,1030,26609520,11564,11550,5376,4864,5120,5148,0,5138,0,0,0,2017-04-19,32970000,5176,1,0,0,0,0,0,0,0,0,5180,1,0,0,0,0,0,0,0,0
378,2017-04-19,09:09:34,0,SF705,XZCE,5176,5108,5190,1032,26661280,11564,11550,5376,4864,5120,5148,0,5138,0,0,0,2017-04-19,32974000,5176,1,0,0,0,0,0,0,0,0,5180,1,0,0,0,0,0,0,0,0
379,2017-04-19,09:09:36,0,SF705,XZCE,5176,5108,5190,1032,26661280,11564,11550,5376,4864,5120,5148,0,5138,0,0,0,2017-04-19,32976000,5176,1,0,0,0,0,0,0,0,0,5178,1,0,0,0,0,0,0,0,0
380,2017-04-19,09:09:39,0,SF705,XZCE,5176,5108,5190,1034,26713040,11562,11550,5376,4864,5120,5148,0,5138,0,0,0,2017-04-19,32979000,5174,1,0,0,0,0,0,0,0,0,5178,1,0,0,0,0,0,0,0,0
381,2017-04-19,09:09:41,0,SF705,XZCE,5178,5108,5190,1038,26816600,11564,11550,5376,4864,5120,5148,0,5138,0,0,0,2017-04-19,32981000,5178,1,0,0,0,0,0,0,0,0,5180,2,0,0,0,0,0,0,0,0
382,2017-04-19,09:09:48,0,SF705,XZCE,5178,5108,5190,1040,26868380,11564,11550,5376,4864,5120,5148,0,5138,0,0,0,2017-04-19,32988000,5176,1,0,0,0,0,0,0,0,0,5180,1,0,0,0,0,0,0,0,0
383,2017-04-19,09:09:48,0,SF705,XZCE,5180,5108,5190,1042,26920180,11564,11550,5376,4864,5120,5148,0,5138,0,0,0,2017-04-19,32988000,5180,1,0,0,0,0,0,0,0,0,5182,1,0,0,0,0,0,0,0,0
384,2017-04-19,09:09:52,0,SF705,XZCE,5180,5108,5190,1042,26920180,11564,11550,5376,4864,5120,5148,0,5138,0,0,0,2017-04-19,32992000,5180,1,0,0,0,0,0,0,0,0,5184,4,0,0,0,0,0,0,0,0
385,2017-04-19,09:09:53,0,SF705,XZCE,5180,5108,5190,1044,26971980,11566,11550,5376,4864,5120,5148,0,5138,0,0,0,2017-04-19,32993000,5174,2,0,0,0,0,0,0,0,0,5184,4,0,0,0,0,0,0,0,0
386,2017-04-19,09:09:53,0,SF705,XZCE,5180,5108,5190,1044,26971980,11566,11550,5376,4864,5120,5148,0,5138,0,0,0,2017-04-19,32993000,5176,1,0,0,0,0,0,0,0,0,5184,4,0,0,0,0,0,0,0,0
387,2017-04-19,09:09:59,0,SF705,XZCE,5180,5108,5190,1044,26971980,11566,11550,5376,4864,5120,5148,0,5138,0,0,0,2017-04-19,32999000,5176,1,0,0,0,0,0,0,0,0,5184,5,0,0,0,0,0,0,0,0
388,2017-04-19,09:10:01,0,SF705,XZCE,5180,5108,5190,1048,27075580,11564,11550,5376,4864,5120,5148,0,5138,0,0,0,2017-04-19,33001000,5178,2,0,0,0,0,0,0,0,0,5182,1,0,0,0,0,0,0,0,0
389,2017-04-19,09:10:03,0,SF705,XZCE,5182,5108,5190,1050,27127400,11564,11550,5376,4864,5120,5148,0,5138,0,0,0,2017-04-19,33003000,5178,15,0,0,0,0,0,0,0,0,5184,5,0,0,0,0,0,0,0,0
390,2017-04-19,09:10:03,0,SF705,XZCE,5182,5108,5190,1050,27127400,11564,11550,5376,4864,5120,5148,0,5138,0,0,0,2017-04-19,33003000,5180,2,0,0,0,0,0,0,0,0,5184,5,0,0,0,0,0,0,0,0
391,2017-04-19,09:10:04,0,SF705,XZCE,5186,5108,5190,1066,27542280,11558,11550,5376,4864,5120,5148,0,5138,0,0,0,2017-04-19,33004000,5180,2,0,0,0,0,0,0,0,0,5186,2,0,0,0,0,0,0,0,0
392,2017-04-19,09:10:05,0,SF705,XZCE,5190,5108,5190,1084,28009380,11554,11550,5376,4864,5120,5148,0,5138,0,0,0,2017-04-19,33005000,5180,2,0,0,0,0,0,0,0,0,5190,3,0,0,0,0,0,0,0,0
393,2017-04-19,09:10:05,0,SF705,XZCE,5190,5108,5190,1088,28113180,11554,11550,5376,4864,5120,5148,0,5138,0,0,0,2017-04-19,33005000,5180,5,0,0,0,0,0,0,0,0,5190,1,0,0,0,0,0,0,0,0
394,2017-04-19,09:10:06,0,SF705,XZCE,5190,5108,5190,1088,28113180,11554,11550,5376,4864,5120,5148,0,5138,0,0,0,2017-04-19,33006000,5180,6,0,0,0,0,0,0,0,0,5190,1,0,0,0,0,0,0,0,0
395,2017-04-19,09:10:07,0,SF705,XZCE,5190,5108,5190,1088,28113180,11554,11550,5376,4864,5120,5148,0,5138,0,0,0,2017-04-19,33007000,5180,6,0,0,0,0,0,0,0,0,5190,2,0,0,0,0,0,0,0,0
396,2017-04-19,09:10:08,0,SF705,XZCE,5190,5108,5190,1090,28165080,11554,11550,5376,4864,5120,5148,0,5138,0,0,0,2017-04-19,33008000,5180,5,0,0,0,0,0,0,0,0,5190,2,0,0,0,0,0,0,0,0
397,2017-04-19,09:10:09,0,SF705,XZCE,5190,5108,5190,1090,28165080,11554,11550,5376,4864,5120,5148,0,5138,0,0,0,2017-04-19,33009000,5180,7,0,0,0,0,0,0,0,0,5190,2,0,0,0,0,0,0,0,0
398,2017-04-19,09:10:11,0,SF705,XZCE,5190,5108,5190,1090,28165080,11554,11550,5376,4864,5120,5148,0,5138,0,0,0,2017-04-19,33011000,5180,7,0,0,0,0,0,0,0,0,5190,4,0,0,0,0,0,0,0,0
399,2017-04-19,09:10:11,0,SF705,XZCE,5190,5108,5190,1090,28165080,11554,11550,5376,4864,5120,5148,0,5138,0,0,0,2017-04-19,33011000,5180,6,0,0,0,0,0,0,0,0,5190,4,0,0,0,0,0,0,0,0
400,2017-04-19,09:10:12,0,SF705,XZCE,5190,5108,5190,1090,28165080,11554,11550,5376,4864,5120,5148,0,5138,0,0,0,2017-04-19,33012000,5180,5,0,0,0,0,0,0,0,0,5190,4,0,0,0,0,0,0,0,0
401,2017-04-19,09:10:12,0,SF705,XZCE,5180,5108,5190,1092,28216880,11554,11550,5376,4864,5120,5148,0,5138,0,0,0,2017-04-19,33012000,5180,4,0,0,0,0,0,0,0,0,5190,4,0,0,0,0,0,0,0,0
402,2017-04-19,09:10:14,0,SF705,XZCE,5190,5108,5190,1094,28268780,11556,11550,5376,4864,5120,5148,0,5138,0,0,0,2017-04-19,33014000,5180,4,0,0,0,0,0,0,0,0,5190,3,0,0,0,0,0,0,0,0
403,2017-04-19,09:10:17,0,SF705,XZCE,5190,5108,5190,1094,28268780,11556,11550,5376,4864,5120,5148,0,5138,0,0,0,2017-04-19,33017000,5182,1,0,0,0,0,0,0,0,0,5190,3,0,0,0,0,0,0,0,0
404,2017-04-19,09:10:19,0,SF705,XZCE,5190,5108,5190,1096,28320680,11558,11550,5376,4864,5120,5148,0,5138,0,0,0,2017-04-19,33019000,5182,1,0,0,0,0,0,0,0,0,5190,2,0,0,0,0,0,0,0,0
405,2017-04-19,09:10:20,0,SF705,XZCE,5190,5108,5190,1096,28320680,11558,11550,5376,4864,5120,5148,0,5138,0,0,0,2017-04-19,33020000,5182,1,0,0,0,0,0,0,0,0,5190,7,0,0,0,0,0,0,0,0
406,2017-04-19,09:10:21,0,SF705,XZCE,5190,5108,5190,1098,28372580,11556,11550,5376,4864,5120,5148,0,5138,0,0,0,2017-04-19,33021000,5182,1,0,0,0,0,0,0,0,0,5190,6,0,0,0,0,0,0,0,0
407,2017-04-19,09:10:22,0,SF705,XZCE,5190,5108,5190,1100,28424480,11554,11550,5376,4864,5120,5148,0,5138,0,0,0,2017-04-19,33022000,5182,1,0,0,0,0,0,0,0,0,5190,5,0,0,0,0,0,0,0,0
408,2017-04-19,09:10:22,0,SF705,XZCE,5190,5108,5190,1102,28476380,11554,11550,5376,4864,5120,5148,0,5138,0,0,0,2017-04-19,33022000,5182,1,0,0,0,0,0,0,0,0,5190,4,0,0,0,0,0,0,0,0
409,2017-04-19,09:10:23,0,SF705,XZCE,5190,5108,5190,1104,28528280,11554,11550,5376,4864,5120,5148,0,5138,0,0,0,2017-04-19,33023000,5182,1,0,0,0,0,0,0,0,0,5190,3,0,0,0,0,0,0,0,0
410,2017-04-19,09:10:24,0,SF705,XZCE,5190,5108,5190,1104,28528280,11554,11550,5376,4864,5120,5148,0,5138,0,0,0,2017-04-19,33024000,5182,2,0,0,0,0,0,0,0,0,5190,3,0,0,0,0,0,0,0,0
411,2017-04-19,09:10:27,0,SF705,XZCE,5190,5108,5190,1104,28528280,11554,11550,5376,4864,5120,5148,0,5138,0,0,0,2017-04-19,33027000,5182,6,0,0,0,0,0,0,0,0,5190,3,0,0,0,0,0,0,0,0
412,2017-04-19,09:10:28,0,SF705,XZCE,5190,5108,5190,1104,28528280,11554,11550,5376,4864,5120,5148,0,5138,0,0,0,2017-04-19,33028000,5184,1,0,0,0,0,0,0,0,0,5190,3,0,0,0,0,0,0,0,0
413,2017-04-19,09:10:28,0,SF705,XZCE,5190,5108,5190,1104,28528280,11554,11550,5376,4864,5120,5148,0,5138,0,0,0,2017-04-19,33028000,5182,6,0,0,0,0,0,0,0,0,5190,3,0,0,0,0,0,0,0,0
414,2017-04-19,09:10:29,0,SF705,XZCE,5190,5108,5190,1104,28528280,11554,11550,5376,4864,5120,5148,0,5138,0,0,0,2017-04-19,33029000,5184,1,0,0,0,0,0,0,0,0,5190,3,0,0,0,0,0,0,0,0
415,2017-04-19,09:10:29,0,SF705,XZCE,5190,5108,5190,1104,28528280,11554,11550,5376,4864,5120,5148,0,5138,0,0,0,2017-04-19,33029000,5182,6,0,0,0,0,0,0,0,0,5190,4,0,0,0,0,0,0,0,0
416,2017-04-19,09:10:31,0,SF705,XZCE,5190,5108,5190,1104,28528280,11554,11550,5376,4864,5120,5148,0,5138,0,0,0,2017-04-19,33031000,5182,3,0,0,0,0,0,0,0,0,5190,4,0,0,0,0,0,0,0,0
417,2017-04-19,09:10:32,0,SF705,XZCE,5190,5108,5190,1106,28580180,11554,11550,5376,4864,5120,5148,0,5138,0,0,0,2017-04-19,33032000,5182,3,0,0,0,0,0,0,0,0,5190,3,0,0,0,0,0,0,0,0
418,2017-04-19,09:10:33,0,SF705,XZCE,5190,5108,5190,1108,28632080,11554,11550,5376,4864,5120,5148,0,5138,0,0,0,2017-04-19,33033000,5182,3,0,0,0,0,0,0,0,0,5190,2,0,0,0,0,0,0,0,0
419,2017-04-19,09:10:33,0,SF705,XZCE,5190,5108,5190,1108,28632080,11554,11550,5376,4864,5120,5148,0,5138,0,0,0,2017-04-19,33033000,5182,7,0,0,0,0,0,0,0,0,5190,2,0,0,0,0,0,0,0,0
420,2017-04-19,09:10:33,0,SF705,XZCE,5190,5108,5190,1108,28632080,11554,11550,5376,4864,5120,5148,0,5138,0,0,0,2017-04-19,33033000,5182,8,0,0,0,0,0,0,0,0,5190,2,0,0,0,0,0,0,0,0
421,2017-04-19,09:10:34,0,SF705,XZCE,5190,5108,5190,1108,28632080,11554,11550,5376,4864,5120,5148,0,5138,0,0,0,2017-04-19,33034000,5182,18,0,0,0,0,0,0,0,0,5190,2,0,0,0,0,0,0,0,0
422,2017-04-19,09:10:37,0,SF705,XZCE,5190,5108,5190,1112,28735880,11556,11550,5376,4864,5120,5148,0,5138,0,0,0,2017-04-19,33037000,5190,7,0,0,0,0,0,0,0,0,5194,15,0,0,0,0,0,0,0,0
423,2017-04-19,09:10:37,0,SF705,XZCE,5190,5108,5190,1114,28787780,11556,11550,5376,4864,5120,5148,0,5138,0,0,0,2017-04-19,33037000,5190,6,0,0,0,0,0,0,0,0,5194,15,0,0,0,0,0,0,0,0
424,2017-04-19,09:10:40,0,SF705,XZCE,5190,5108,5190,1114,28787780,11556,11550,5376,4864,5120,5148,0,5138,0,0,0,2017-04-19,33040000,5190,5,0,0,0,0,0,0,0,0,5194,15,0,0,0,0,0,0,0,0
425,2017-04-19,09:10:43,0,SF705,XZCE,5192,5108,5192,1118,28891620,11556,11550,5376,4864,5120,5148,0,5138,0,0,0,2017-04-19,33043000,5190,5,0,0,0,0,0,0,0,0,5194,15,0,0,0,0,0,0,0,0
426,2017-04-19,09:10:43,0,SF705,XZCE,5190,5108,5192,1120,28943520,11554,11550,5376,4864,5120,5148,0,5138,0,0,0,2017-04-19,33043000,5182,3,0,0,0,0,0,0,0,0,5194,15,0,0,0,0,0,0,0,0
427,2017-04-19,09:10:43,0,SF705,XZCE,5182,5108,5192,1122,28995340,11552,11550,5376,4864,5120,5148,0,5138,0,0,0,2017-04-19,33043000,5182,2,0,0,0,0,0,0,0,0,5194,15,0,0,0,0,0,0,0,0
428,2017-04-19,09:10:44,0,SF705,XZCE,5194,5108,5194,1166,30138020,11518,11550,5376,4864,5120,5148,0,5138,0,0,0,2017-04-19,33044000,5194,8,0,0,0,0,0,0,0,0,5196,3,0,0,0,0,0,0,0,0
429,2017-04-19,09:10:46,0,SF705,XZCE,5196,5108,5196,1170,30241940,11518,11550,5376,4864,5120,5148,0,5138,0,0,0,2017-04-19,33046000,5194,8,0,0,0,0,0,0,0,0,5196,1,0,0,0,0,0,0,0,0
430,2017-04-19,09:10:46,0,SF705,XZCE,5194,5108,5196,1178,30449700,11516,11550,5376,4864,5120,5148,0,5138,0,0,0,2017-04-19,33046000,5194,4,0,0,0,0,0,0,0,0,5196,1,0,0,0,0,0,0,0,0
431,2017-04-19,09:10:48,0,SF705,XZCE,5198,5108,5198,1182,30553660,11516,11550,5376,4864,5120,5148,0,5138,0,0,0,2017-04-19,33048000,5194,5,0,0,0,0,0,0,0,0,5198,45,0,0,0,0,0,0,0,0
432,2017-04-19,09:10:48,0,SF705,XZCE,5198,5108,5198,1182,30553660,11516,11550,5376,4864,5120,5148,0,5138,0,0,0,2017-04-19,33048000,5194,5,0,0,0,0,0,0,0,0,5198,46,0,0,0,0,0,0,0,0
433,2017-04-19,09:10:50,0,SF705,XZCE,5194,5108,5198,1190,30761420,11516,11550,5376,4864,5120,5148,0,5138,0,0,0,2017-04-19,33050000,5194,2,0,0,0,0,0,0,0,0,5198,44,0,0,0,0,0,0,0,0
434,2017-04-19,09:10:53,0,SF705,XZCE,5194,5108,5198,1190,30761420,11516,11550,5376,4864,5120,5148,0,5138,0,0,0,2017-04-19,33053000,5194,2,0,0,0,0,0,0,0,0,5196,1,0,0,0,0,0,0,0,0
435,2017-04-19,09:10:54,0,SF705,XZCE,5194,5108,5198,1190,30761420,11516,11550,5376,4864,5120,5148,0,5138,0,0,0,2017-04-19,33054000,5194,2,0,0,0,0,0,0,0,0,5196,2,0,0,0,0,0,0,0,0
436,2017-04-19,09:10:54,0,SF705,XZCE,5196,5108,5198,1192,30813380,11518,11550,5376,4864,5120,5148,0,5138,0,0,0,2017-04-19,33054000,5194,2,0,0,0,0,0,0,0,0,5196,2,0,0,0,0,0,0,0,0
437,2017-04-19,09:10:55,0,SF705,XZCE,5194,5108,5198,1196,30917260,11516,11550,5376,4864,5120,5148,0,5138,0,0,0,2017-04-19,33055000,5186,1,0,0,0,0,0,0,0,0,5196,2,0,0,0,0,0,0,0,0
438,2017-04-19,09:10:56,0,SF705,XZCE,5196,5108,5198,1200,31021180,11520,11550,5376,4864,5120,5148,0,5138,0,0,0,2017-04-19,33056000,5196,28,0,0,0,0,0,0,0,0,5198,44,0,0,0,0,0,0,0,0
439,2017-04-19,09:10:56,0,SF705,XZCE,5196,5108,5198,1202,31073140,11522,11550,5376,4864,5120,5148,0,5138,0,0,0,2017-04-19,33056000,5196,27,0,0,0,0,0,0,0,0,5198,44,0,0,0,0,0,0,0,0
440,2017-04-19,09:11:00,0,SF705,XZCE,5196,5108,5198,1204,31125100,11524,11550,5376,4864,5120,5148,0,5138,0,0,0,2017-04-19,33060000,5196,26,0,0,0,0,0,0,0,0,5198,44,0,0,0,0,0,0,0,0
441,2017-04-19,09:11:01,0,SF705,XZCE,5198,5108,5198,1208,31229060,11526,11550,5376,4864,5120,5148,0,5138,0,0,0,2017-04-19,33061000,5196,25,0,0,0,0,0,0,0,0,5198,43,0,0,0,0,0,0,0,0
442,2017-04-19,09:11:02,0,SF705,XZCE,5196,5108,5198,1210,31281020,11526,11550,5376,4864,5120,5148,0,5138,0,0,0,2017-04-19,33062000,5196,24,0,0,0,0,0,0,0,0,5198,43,0,0,0,0,0,0,0,0
443,2017-04-19,09:11:03,0,SF705,XZCE,5196,5108,5198,1212,31332980,11526,11550,5376,4864,5120,5148,0,5138,0,0,0,2017-04-19,33063000,5196,23,0,0,0,0,0,0,0,0,5198,43,0,0,0,0,0,0,0,0
444,2017-04-19,09:11:03,0,SF705,XZCE,5196,5108,5198,1216,31436900,11526,11550,5376,4864,5120,5148,0,5138,0,0,0,2017-04-19,33063000,5196,21,0,0,0,0,0,0,0,0,5198,43,0,0,0,0,0,0,0,0
445,2017-04-19,09:11:05,0,SF705,XZCE,5196,5108,5198,1244,32164340,11534,11550,5376,4864,5120,5148,0,5138,0,0,0,2017-04-19,33065000,5196,7,0,0,0,0,0,0,0,0,5198,44,0,0,0,0,0,0,0,0
446,2017-04-19,09:11:05,0,SF705,XZCE,5196,5108,5198,1260,32580020,11534,11550,5376,4864,5120,5148,0,5138,0,0,0,2017-04-19,33065000,5186,12,0,0,0,0,0,0,0,0,5196,3,0,0,0,0,0,0,0,0
447,2017-04-19,09:11:05,0,SF705,XZCE,5196,5108,5198,1260,32580020,11534,11550,5376,4864,5120,5148,0,5138,0,0,0,2017-04-19,33065000,5186,12,0,0,0,0,0,0,0,0,5196,5,0,0,0,0,0,0,0,0
448,2017-04-19,09:11:06,0,SF705,XZCE,5196,5108,5198,1260,32580020,11534,11550,5376,4864,5120,5148,0,5138,0,0,0,2017-04-19,33066000,5186,13,0,0,0,0,0,0,0,0,5196,6,0,0,0,0,0,0,0,0
449,2017-04-19,09:11:07,0,SF705,XZCE,5196,5108,5198,1260,32580020,11534,11550,5376,4864,5120,5148,0,5138,0,0,0,2017-04-19,33067000,5186,14,0,0,0,0,0,0,0,0,5196,6,0,0,0,0,0,0,0,0
450,2017-04-19,09:11:08,0,SF705,XZCE,5186,5108,5198,1262,32631880,11534,11550,5376,4864,5120,5148,0,5138,0,0,0,2017-04-19,33068000,5186,13,0,0,0,0,0,0,0,0,5196,10,0,0,0,0,0,0,0,0
451,2017-04-19,09:11:09,0,SF705,XZCE,5186,5108,5198,1262,32631880,11534,11550,5376,4864,5120,5148,0,5138,0,0,0,2017-04-19,33069000,5188,4,0,0,0,0,0,0,0,0,5196,10,0,0,0,0,0,0,0,0
452,2017-04-19,09:11:09,0,SF705,XZCE,5186,5108,5198,1262,32631880,11534,11550,5376,4864,5120,5148,0,5138,0,0,0,2017-04-19,33069000,5188,6,0,0,0,0,0,0,0,0,5196,10,0,0,0,0,0,0,0,0
453,2017-04-19,09:11:10,0,SF705,XZCE,5186,5108,5198,1262,32631880,11534,11550,5376,4864,5120,5148,0,5138,0,0,0,2017-04-19,33070000,5188,6,0,0,0,0,0,0,0,0,5194,2,0,0,0,0,0,0,0,0
454,2017-04-19,09:11:12,0,SF705,XZCE,5186,5108,5198,1262,32631880,11534,11550,5376,4864,5120,5148,0,5138,0,0,0,2017-04-19,33072000,5188,7,0,0,0,0,0,0,0,0,5194,2,0,0,0,0,0,0,0,0
455,2017-04-19,09:11:20,0,SF705,XZCE,5194,5108,5198,1264,32683820,11536,11550,5376,4864,5120,5148,0,5138,0,0,0,2017-04-19,33080000,5188,7,0,0,0,0,0,0,0,0,5194,1,0,0,0,0,0,0,0,0
456,2017-04-19,09:11:22,0,SF705,XZCE,5194,5108,5198,1264,32683820,11536,11550,5376,4864,5120,5148,0,5138,0,0,0,2017-04-19,33082000,5188,8,0,0,0,0,0,0,0,0,5194,1,0,0,0,0,0,0,0,0
457,2017-04-19,09:11:23,0,SF705,XZCE,5194,5108,5198,1264,32683820,11536,11550,5376,4864,5120,5148,0,5138,0,0,0,2017-04-19,33083000,5188,8,0,0,0,0,0,0,0,0,5196,4,0,0,0,0,0,0,0,0
458,2017-04-19,09:11:24,0,SF705,XZCE,5194,5108,5198,1264,32683820,11536,11550,5376,4864,5120,5148,0,5138,0,0,0,2017-04-19,33084000,5188,7,0,0,0,0,0,0,0,0,5196,4,0,0,0,0,0,0,0,0
459,2017-04-19,09:11:25,0,SF705,XZCE,5188,5108,5198,1266,32735700,11536,11550,5376,4864,5120,5148,0,5138,0,0,0,2017-04-19,33085000,5188,6,0,0,0,0,0,0,0,0,5196,4,0,0,0,0,0,0,0,0
460,2017-04-19,09:11:28,0,SF705,XZCE,5188,5108,5198,1266,32735700,11536,11550,5376,4864,5120,5148,0,5138,0,0,0,2017-04-19,33088000,5188,6,0,0,0,0,0,0,0,0,5194,1,0,0,0,0,0,0,0,0
461,2017-04-19,09:11:32,0,SF705,XZCE,5188,5108,5198,1266,32735700,11536,11550,5376,4864,5120,5148,0,5138,0,0,0,2017-04-19,33092000,5192,1,0,0,0,0,0,0,0,0,5194,1,0,0,0,0,0,0,0,0
462,2017-04-19,09:11:35,0,SF705,XZCE,5192,5108,5198,1268,32787620,11536,11550,5376,4864,5120,5148,0,5138,0,0,0,2017-04-19,33095000,5190,2,0,0,0,0,0,0,0,0,5192,1,0,0,0,0,0,0,0,0
463,2017-04-19,09:11:37,0,SF705,XZCE,5192,5108,5198,1276,32995300,11532,11550,5376,4864,5120,5148,0,5138,0,0,0,2017-04-19,33097000,5188,2,0,0,0,0,0,0,0,0,5190,2,0,0,0,0,0,0,0,0
464,2017-04-19,09:11:39,0,SF705,XZCE,5188,5108,5198,1280,33099060,11534,11550,5376,4864,5120,5148,0,5138,0,0,0,2017-04-19,33099000,5186,12,0,0,0,0,0,0,0,0,5190,2,0,0,0,0,0,0,0,0
465,2017-04-19,09:11:42,0,SF705,XZCE,5188,5108,5198,1280,33099060,11534,11550,5376,4864,5120,5148,0,5138,0,0,0,2017-04-19,33102000,5188,2,0,0,0,0,0,0,0,0,5190,2,0,0,0,0,0,0,0,0
466,2017-04-19,09:11:44,0,SF705,XZCE,5188,5108,5198,1282,33150940,11534,11550,5376,4864,5120,5148,0,5138,0,0,0,2017-04-19,33104000,5188,1,0,0,0,0,0,0,0,0,5190,2,0,0,0,0,0,0,0,0
467,2017-04-19,09:11:45,0,SF705,XZCE,5186,5108,5198,1288,33306520,11530,11550,5376,4864,5120,5148,0,5138,0,0,0,2017-04-19,33105000,5186,12,0,0,0,0,0,0,0,0,5188,1,0,0,0,0,0,0,0,0
468,2017-04-19,09:11:47,0,SF705,XZCE,5188,5108,5198,1294,33462160,11530,11550,5376,4864,5120,5148,0,5138,0,0,0,2017-04-19,33107000,5186,4,0,0,0,0,0,0,0,0,5190,2,0,0,0,0,0,0,0,0
469,2017-04-19,09:11:49,0,SF705,XZCE,5188,5108,5198,1294,33462160,11530,11550,5376,4864,5120,5148,0,5138,0,0,0,2017-04-19,33109000,5188,2,0,0,0,0,0,0,0,0,5190,2,0,0,0,0,0,0,0,0
470,2017-04-19,09:11:52,0,SF705,XZCE,5186,5108,5198,1302,33669600,11526,11550,5376,4864,5120,5148,0,5138,0,0,0,2017-04-19,33112000,5186,2,0,0,0,0,0,0,0,0,5190,2,0,0,0,0,0,0,0,0
471,2017-04-19,09:11:52,0,SF705,XZCE,5190,5108,5198,1304,33721500,11528,11550,5376,4864,5120,5148,0,5138,0,0,0,2017-04-19,33112000,5186,2,0,0,0,0,0,0,0,0,5190,1,0,0,0,0,0,0,0,0
472,2017-04-19,09:11:53,0,SF705,XZCE,5190,5108,5198,1304,33721500,11528,11550,5376,4864,5120,5148,0,5138,0,0,0,2017-04-19,33113000,5186,2,0,0,0,0,0,0,0,0,5190,2,0,0,0,0,0,0,0,0
473,2017-04-19,09:11:53,0,SF705,XZCE,5190,5108,5198,1304,33721500,11528,11550,5376,4864,5120,5148,0,5138,0,0,0,2017-04-19,33113000,5186,2,0,0,0,0,0,0,0,0,5190,1,0,0,0,0,0,0,0,0
474,2017-04-19,09:11:58,0,SF705,XZCE,5190,5108,5198,1306,33773400,11526,11550,5376,4864,5120,5148,0,5138,0,0,0,2017-04-19,33118000,5186,2,0,0,0,0,0,0,0,0,5196,9,0,0,0,0,0,0,0,0
475,2017-04-19,09:11:59,0,SF705,XZCE,5186,5108,5198,1308,33825260,11526,11550,5376,4864,5120,5148,0,5138,0,0,0,2017-04-19,33119000,5186,1,0,0,0,0,0,0,0,0,5194,2,0,0,0,0,0,0,0,0
476,2017-04-19,09:11:59,0,SF705,XZCE,5186,5108,5198,1308,33825260,11526,11550,5376,4864,5120,5148,0,5138,0,0,0,2017-04-19,33119000,5186,1,0,0,0,0,0,0,0,0,5190,1,0,0,0,0,0,0,0,0
477,2017-04-19,09:12:02,0,SF705,XZCE,5186,5108,5198,1308,33825260,11526,11550,5376,4864,5120,5148,0,5138,0,0,0,2017-04-19,33122000,5186,1,0,0,0,0,0,0,0,0,5190,2,0,0,0,0,0,0,0,0
478,2017-04-19,09:12:03,0,SF705,XZCE,5186,5108,5198,1308,33825260,11526,11550,5376,4864,5120,5148,0,5138,0,0,0,2017-04-19,33123000,5186,1,0,0,0,0,0,0,0,0,5190,3,0,0,0,0,0,0,0,0
479,2017-04-19,09:12:08,0,SF705,XZCE,5186,5108,5198,1310,33877120,11526,11550,5376,4864,5120,5148,0,5138,0,0,0,2017-04-19,33128000,5182,5,0,0,0,0,0,0,0,0,5190,3,0,0,0,0,0,0,0,0
480,2017-04-19,09:12:09,0,SF705,XZCE,5186,5108,5198,1310,33877120,11526,11550,5376,4864,5120,5148,0,5138,0,0,0,2017-04-19,33129000,5182,5,0,0,0,0,0,0,0,0,5190,4,0,0,0,0,0,0,0,0
481,2017-04-19,09:12:10,0,SF705,XZCE,5186,5108,5198,1310,33877120,11526,11550,5376,4864,5120,5148,0,5138,0,0,0,2017-04-19,33130000,5182,5,0,0,0,0,0,0,0,0,5190,5,0,0,0,0,0,0,0,0
482,2017-04-19,09:12:14,0,SF705,XZCE,5186,5108,5198,1310,33877120,11526,11550,5376,4864,5120,5148,0,5138,0,0,0,2017-04-19,33134000,5182,5,0,0,0,0,0,0,0,0,5188,1,0,0,0,0,0,0,0,0
483,2017-04-19,09:12:17,0,SF705,XZCE,5186,5108,5198,1310,33877120,11526,11550,5376,4864,5120,5148,0,5138,0,0,0,2017-04-19,33137000,5184,1,0,0,0,0,0,0,0,0,5188,1,0,0,0,0,0,0,0,0
484,2017-04-19,09:12:18,0,SF705,XZCE,5182,5108,5198,1318,34084400,11522,11550,5376,4864,5120,5148,0,5138,0,0,0,2017-04-19,33138000,5182,2,0,0,0,0,0,0,0,0,5188,1,0,0,0,0,0,0,0,0
485,2017-04-19,09:12:23,0,SF705,XZCE,5188,5108,5198,1320,34136280,11524,11550,5376,4864,5120,5148,0,5138,0,0,0,2017-04-19,33143000,5182,2,0,0,0,0,0,0,0,0,5190,4,0,0,0,0,0,0,0,0
486,2017-04-19,09:12:24,0,SF705,XZCE,5182,5108,5198,1322,34188100,11522,11550,5376,4864,5120,5148,0,5138,0,0,0,2017-04-19,33144000,5182,1,0,0,0,0,0,0,0,0,5190,4,0,0,0,0,0,0,0,0
487,2017-04-19,09:12:25,0,SF705,XZCE,5182,5108,5198,1322,34188100,11522,11550,5376,4864,5120,5148,0,5138,0,0,0,2017-04-19,33145000,5184,1,0,0,0,0,0,0,0,0,5190,4,0,0,0,0,0,0,0,0
488,2017-04-19,09:12:36,0,SF705,XZCE,5182,5108,5198,1322,34188100,11522,11550,5376,4864,5120,5148,0,5138,0,0,0,2017-04-19,33156000,5184,1,0,0,0,0,0,0,0,0,5188,2,0,0,0,0,0,0,0,0
489,2017-04-19,09:12:38,0,SF705,XZCE,5184,5108,5198,1324,34239940,11520,11550,5376,4864,5120,5148,0,5138,0,0,0,2017-04-19,33158000,5182,3,0,0,0,0,0,0,0,0,5184,2,0,0,0,0,0,0,0,0
490,2017-04-19,09:12:43,0,SF705,XZCE,5184,5108,5198,1328,34343620,11516,11550,5376,4864,5120,5148,0,5138,0,0,0,2017-04-19,33163000,5184,1,0,0,0,0,0,0,0,0,5190,4,0,0,0,0,0,0,0,0
491,2017-04-19,09:12:43,0,SF705,XZCE,5184,5108,5198,1330,34395460,11514,11550,5376,4864,5120,5148,0,5138,0,0,0,2017-04-19,33163000,5182,3,0,0,0,0,0,0,0,0,5190,4,0,0,0,0,0,0,0,0
492,2017-04-19,09:12:45,0,SF705,XZCE,5184,5108,5198,1330,34395460,11514,11550,5376,4864,5120,5148,0,5138,0,0,0,2017-04-19,33165000,5184,3,0,0,0,0,0,0,0,0,5190,4,0,0,0,0,0,0,0,0
493,2017-04-19,09:12:46,0,SF705,XZCE,5184,5108,5198,1330,34395460,11514,11550,5376,4864,5120,5148,0,5138,0,0,0,2017-04-19,33166000,5184,3,0,0,0,0,0,0,0,0,5186,1,0,0,0,0,0,0,0,0
494,2017-04-19,09:12:48,0,SF705,XZCE,5184,5108,5198,1334,34499140,11514,11550,5376,4864,5120,5148,0,5138,0,0,0,2017-04-19,33168000,5184,1,0,0,0,0,0,0,0,0,5186,1,0,0,0,0,0,0,0,0
495,2017-04-19,09:12:52,0,SF705,XZCE,5184,5108,5198,1336,34550980,11516,11550,5376,4864,5120,5148,0,5138,0,0,0,2017-04-19,33172000,5182,3,0,0,0,0,0,0,0,0,5186,2,0,0,0,0,0,0,0,0
496,2017-04-19,09:12:54,0,SF705,XZCE,5184,5108,5198,1336,34550980,11516,11550,5376,4864,5120,5148,0,5138,0,0,0,2017-04-19,33174000,5182,3,0,0,0,0,0,0,0,0,5184,2,0,0,0,0,0,0,0,0
497,2017-04-19,09:12:56,0,SF705,XZCE,5182,5108,5198,1338,34602800,11516,11550,5376,4864,5120,5148,0,5138,0,0,0,2017-04-19,33176000,5182,2,0,0,0,0,0,0,0,0,5184,2,0,0,0,0,0,0,0,0
498,2017-04-19,09:12:59,0,SF705,XZCE,5182,5108,5198,1340,34654620,11514,11550,5376,4864,5120,5148,0,5138,0,0,0,2017-04-19,33179000,5182,1,0,0,0,0,0,0,0,0,5184,2,0,0,0,0,0,0,0,0
499,2017-04-19,09:13:01,0,SF705,XZCE,5182,5108,5198,1342,34706440,11514,11550,5376,4864,5120,5148,0,5138,0,0,0,2017-04-19,33181000,5180,4,0,0,0,0,0,0,0,0,5184,2,0,0,0,0,0,0,0,0
500,2017-04-19,09:13:09,0,SF705,XZCE,5184,5108,5198,1344,34758280,11516,11550,5376,4864,5120,5148,0,5138,0,0,0,2017-04-19,33189000,5180,4,0,0,0,0,0,0,0,0,5184,1,0,0,0,0,0,0,0,0
501,2017-04-19,09:13:12,0,SF705,XZCE,5180,5108,5198,1346,34810080,11514,11550,5376,4864,5120,5148,0,5138,0,0,0,2017-04-19,33192000,5180,3,0,0,0,0,0,0,0,0,5184,1,0,0,0,0,0,0,0,0
502,2017-04-19,09:13:27,0,SF705,XZCE,5180,5108,5198,1346,34810080,11514,11550,5376,4864,5120,5148,0,5138,0,0,0,2017-04-19,33207000,5180,3,0,0,0,0,0,0,0,0,5184,3,0,0,0,0,0,0,0,0
503,2017-04-19,09:13:28,0,SF705,XZCE,5180,5108,5198,1346,34810080,11514,11550,5376,4864,5120,5148,0,5138,0,0,0,2017-04-19,33208000,5180,3,0,0,0,0,0,0,0,0,5182,1,0,0,0,0,0,0,0,0
504,2017-04-19,09:13:32,0,SF705,XZCE,5180,5108,5198,1352,34965480,11514,11550,5376,4864,5120,5148,0,5138,0,0,0,2017-04-19,33212000,5174,1,0,0,0,0,0,0,0,0,5180,2,0,0,0,0,0,0,0,0
505,2017-04-19,09:13:33,0,SF705,XZCE,5174,5108,5198,1354,35017220,11512,11550,5376,4864,5120,5148,0,5138,0,0,0,2017-04-19,33213000,5170,8,0,0,0,0,0,0,0,0,5180,2,0,0,0,0,0,0,0,0
506,2017-04-19,09:13:34,0,SF705,XZCE,5174,5108,5198,1354,35017220,11512,11550,5376,4864,5120,5148,0,5138,0,0,0,2017-04-19,33214000,5170,8,0,0,0,0,0,0,0,0,5180,4,0,0,0,0,0,0,0,0
507,2017-04-19,09:13:36,0,SF705,XZCE,5174,5108,5198,1354,35017220,11512,11550,5376,4864,5120,5148,0,5138,0,0,0,2017-04-19,33216000,5170,8,0,0,0,0,0,0,0,0,5180,3,0,0,0,0,0,0,0,0
508,2017-04-19,09:13:37,0,SF705,XZCE,5174,5108,5198,1354,35017220,11512,11550,5376,4864,5120,5148,0,5138,0,0,0,2017-04-19,33217000,5170,6,0,0,0,0,0,0,0,0,5180,3,0,0,0,0,0,0,0,0
509,2017-04-19,09:13:40,0,SF705,XZCE,5174,5108,5198,1354,35017220,11512,11550,5376,4864,5120,5148,0,5138,0,0,0,2017-04-19,33220000,5172,1,0,0,0,0,0,0,0,0,5180,2,0,0,0,0,0,0,0,0
510,2017-04-19,09:13:41,0,SF705,XZCE,5174,5108,5198,1354,35017220,11512,11550,5376,4864,5120,5148,0,5138,0,0,0,2017-04-19,33221000,5172,10,0,0,0,0,0,0,0,0,5180,2,0,0,0,0,0,0,0,0
511,2017-04-19,09:13:41,0,SF705,XZCE,5180,5108,5198,1358,35120820,11512,11550,5376,4864,5120,5148,0,5138,0,0,0,2017-04-19,33221000,5172,8,0,0,0,0,0,0,0,0,5184,1,0,0,0,0,0,0,0,0
512,2017-04-19,09:13:44,0,SF705,XZCE,5180,5108,5198,1358,35120820,11512,11550,5376,4864,5120,5148,0,5138,0,0,0,2017-04-19,33224000,5172,8,0,0,0,0,0,0,0,0,5184,2,0,0,0,0,0,0,0,0
513,2017-04-19,09:13:44,0,SF705,XZCE,5180,5108,5198,1358,35120820,11512,11550,5376,4864,5120,5148,0,5138,0,0,0,2017-04-19,33224000,5172,8,0,0,0,0,0,0,0,0,5180,2,0,0,0,0,0,0,0,0
514,2017-04-19,09:13:45,0,SF705,XZCE,5170,5108,5198,1388,35896320,11494,11550,5376,4864,5120,5148,0,5138,0,0,0,2017-04-19,33225000,5164,2,0,0,0,0,0,0,0,0,5170,25,0,0,0,0,0,0,0,0
515,2017-04-19,09:13:45,0,SF705,XZCE,5170,5108,5198,1392,35999720,11494,11550,5376,4864,5120,5148,0,5138,0,0,0,2017-04-19,33225000,5164,2,0,0,0,0,0,0,0,0,5170,23,0,0,0,0,0,0,0,0
516,2017-04-19,09:13:48,0,SF705,XZCE,5164,5108,5198,1394,36051360,11494,11550,5376,4864,5120,5148,0,5138,0,0,0,2017-04-19,33228000,5164,1,0,0,0,0,0,0,0,0,5176,4,0,0,0,0,0,0,0,0
517,2017-04-19,09:13:48,0,SF705,XZCE,5164,5108,5198,1396,36103000,11492,11550,5376,4864,5120,5148,0,5138,0,0,0,2017-04-19,33228000,5170,2,0,0,0,0,0,0,0,0,5176,4,0,0,0,0,0,0,0,0
518,2017-04-19,09:13:49,0,SF705,XZCE,5164,5108,5198,1396,36103000,11492,11550,5376,4864,5120,5148,0,5138,0,0,0,2017-04-19,33229000,5162,2,0,0,0,0,0,0,0,0,5176,4,0,0,0,0,0,0,0,0
519,2017-04-19,09:13:50,0,SF705,XZCE,5164,5108,5198,1396,36103000,11492,11550,5376,4864,5120,5148,0,5138,0,0,0,2017-04-19,33230000,5164,1,0,0,0,0,0,0,0,0,5176,4,0,0,0,0,0,0,0,0
520,2017-04-19,09:13:52,0,SF705,XZCE,5164,5108,5198,1396,36103000,11492,11550,5376,4864,5120,5148,0,5138,0,0,0,2017-04-19,33232000,5164,1,0,0,0,0,0,0,0,0,5180,6,0,0,0,0,0,0,0,0
521,2017-04-19,09:13:53,0,SF705,XZCE,5180,5108,5198,1398,36154800,11490,11550,5376,4864,5120,5148,0,5138,0,0,0,2017-04-19,33233000,5164,1,0,0,0,0,0,0,0,0,5180,5,0,0,0,0,0,0,0,0
522,2017-04-19,09:13:54,0,SF705,XZCE,5180,5108,5198,1398,36154800,11490,11550,5376,4864,5120,5148,0,5138,0,0,0,2017-04-19,33234000,5164,1,0,0,0,0,0,0,0,0,5174,3,0,0,0,0,0,0,0,0
523,2017-04-19,09:13:55,0,SF705,XZCE,5164,5108,5198,1402,36258080,11492,11550,5376,4864,5120,5148,0,5138,0,0,0,2017-04-19,33235000,5164,4,0,0,0,0,0,0,0,0,5174,2,0,0,0,0,0,0,0,0
524,2017-04-19,09:13:56,0,SF705,XZCE,5164,5108,5198,1404,36309720,11494,11550,5376,4864,5120,5148,0,5138,0,0,0,2017-04-19,33236000,5164,1,0,0,0,0,0,0,0,0,5174,2,0,0,0,0,0,0,0,0
525,2017-04-19,09:13:57,0,SF705,XZCE,5164,5108,5198,1404,36309720,11494,11550,5376,4864,5120,5148,0,5138,0,0,0,2017-04-19,33237000,5164,1,0,0,0,0,0,0,0,0,5168,1,0,0,0,0,0,0,0,0
526,2017-04-19,09:13:58,0,SF705,XZCE,5174,5108,5198,1408,36413200,11492,11550,5376,4864,5120,5148,0,5138,0,0,0,2017-04-19,33238000,5164,1,0,0,0,0,0,0,0,0,5174,1,0,0,0,0,0,0,0,0
527,2017-04-19,09:13:59,0,SF705,XZCE,5174,5108,5198,1408,36413200,11492,11550,5376,4864,5120,5148,0,5138,0,0,0,2017-04-19,33239000,5164,5,0,0,0,0,0,0,0,0,5174,2,0,0,0,0,0,0,0,0
528,2017-04-19,09:14:00,0,SF705,XZCE,5174,5108,5198,1410,36464940,11492,11550,5376,4864,5120,5148,0,5138,0,0,0,2017-04-19,33240000,5164,5,0,0,0,0,0,0,0,0,5180,5,0,0,0,0,0,0,0,0
529,2017-04-19,09:14:00,0,SF705,XZCE,5174,5108,5198,1410,36464940,11492,11550,5376,4864,5120,5148,0,5138,0,0,0,2017-04-19,33240000,5164,3,0,0,0,0,0,0,0,0,5180,5,0,0,0,0,0,0,0,0
530,2017-04-19,09:14:01,0,SF705,XZCE,5174,5108,5198,1410,36464940,11492,11550,5376,4864,5120,5148,0,5138,0,0,0,2017-04-19,33241000,5164,6,0,0,0,0,0,0,0,0,5180,5,0,0,0,0,0,0,0,0
531,2017-04-19,09:14:01,0,SF705,XZCE,5174,5108,5198,1410,36464940,11492,11550,5376,4864,5120,5148,0,5138,0,0,0,2017-04-19,33241000,5164,6,0,0,0,0,0,0,0,0,5178,1,0,0,0,0,0,0,0,0
532,2017-04-19,09:14:02,0,SF705,XZCE,5164,5108,5198,1412,36516580,11494,11550,5376,4864,5120,5148,0,5138,0,0,0,2017-04-19,33242000,5164,5,0,0,0,0,0,0,0,0,5170,4,0,0,0,0,0,0,0,0
533,2017-04-19,09:14:03,0,SF705,XZCE,5164,5108,5198,1412,36516580,11494,11550,5376,4864,5120,5148,0,5138,0,0,0,2017-04-19,33243000,5166,1,0,0,0,0,0,0,0,0,5170,4,0,0,0,0,0,0,0,0
534,2017-04-19,09:14:05,0,SF705,XZCE,5170,5108,5198,1416,36619980,11490,11550,5376,4864,5120,5148,0,5138,0,0,0,2017-04-19,33245000,5164,5,0,0,0,0,0,0,0,0,5170,2,0,0,0,0,0,0,0,0
535,2017-04-19,09:14:06,0,SF705,XZCE,5170,5108,5198,1418,36671680,11488,11550,5376,4864,5120,5148,0,5138,0,0,0,2017-04-19,33246000,5164,5,0,0,0,0,0,0,0,0,5170,1,0,0,0,0,0,0,0,0
536,2017-04-19,09:14:08,0,SF705,XZCE,5164,5108,5198,1420,36723320,11486,11550,5376,4864,5120,5148,0,5138,0,0,0,2017-04-19,33248000,5164,4,0,0,0,0,0,0,0,0,5170,1,0,0,0,0,0,0,0,0
537,2017-04-19,09:14:10,0,SF705,XZCE,5170,5108,5198,1422,36775020,11486,11550,5376,4864,5120,5148,0,5138,0,0,0,2017-04-19,33250000,5164,4,0,0,0,0,0,0,0,0,5174,4,0,0,0,0,0,0,0,0
538,2017-04-19,09:14:11,0,SF705,XZCE,5174,5108,5198,1424,36826760,11484,11550,5376,4864,5120,5148,0,5138,0,0,0,2017-04-19,33251000,5164,4,0,0,0,0,0,0,0,0,5174,3,0,0,0,0,0,0,0,0
539,2017-04-19,09:14:12,0,SF705,XZCE,5174,5108,5198,1424,36826760,11484,11550,5376,4864,5120,5148,0,5138,0,0,0,2017-04-19,33252000,5166,1,0,0,0,0,0,0,0,0,5174,3,0,0,0,0,0,0,0,0
540,2017-04-19,09:14:13,0,SF705,XZCE,5166,5108,5198,1426,36878420,11486,11550,5376,4864,5120,5148,0,5138,0,0,0,2017-04-19,33253000,5164,5,0,0,0,0,0,0,0,0,5174,3,0,0,0,0,0,0,0,0
541,2017-04-19,09:14:14,0,SF705,XZCE,5162,5108,5198,1472,38065680,11470,11550,5376,4864,5120,5148,0,5138,0,0,0,2017-04-19,33254000,5160,5,0,0,0,0,0,0,0,0,5174,3,0,0,0,0,0,0,0,0
542,2017-04-19,09:14:16,0,SF705,XZCE,5162,5108,5198,1472,38065680,11470,11550,5376,4864,5120,5148,0,5138,0,0,0,2017-04-19,33256000,5166,2,0,0,0,0,0,0,0,0,5172,1,0,0,0,0,0,0,0,0
543,2017-04-19,09:14:17,0,SF705,XZCE,5162,5108,5198,1472,38065680,11470,11550,5376,4864,5120,5148,0,5138,0,0,0,2017-04-19,33257000,5164,1,0,0,0,0,0,0,0,0,5172,1,0,0,0,0,0,0,0,0
544,2017-04-19,09:14:19,0,SF705,XZCE,5174,5108,5198,1476,38169160,11470,11550,5376,4864,5120,5148,0,5138,0,0,0,2017-04-19,33259000,5164,1,0,0,0,0,0,0,0,0,5174,8,0,0,0,0,0,0,0,0
545,2017-04-19,09:14:21,0,SF705,XZCE,5174,5108,5198,1476,38169160,11470,11550,5376,4864,5120,5148,0,5138,0,0,0,2017-04-19,33261000,5164,1,0,0,0,0,0,0,0,0,5170,1,0,0,0,0,0,0,0,0
546,2017-04-19,09:14:21,0,SF705,XZCE,5172,5108,5198,1478,38220880,11470,11550,5376,4864,5120,5148,0,5138,0,0,0,2017-04-19,33261000,5164,1,0,0,0,0,0,0,0,0,5174,8,0,0,0,0,0,0,0,0
547,2017-04-19,09:14:24,0,SF705,XZCE,5172,5108,5198,1478,38220880,11470,11550,5376,4864,5120,5148,0,5138,0,0,0,2017-04-19,33264000,5164,1,0,0,0,0,0,0,0,0,5172,1,0,0,0,0,0,0,0,0
548,2017-04-19,09:14:24,0,SF705,XZCE,5172,5108,5198,1478,38220880,11470,11550,5376,4864,5120,5148,0,5138,0,0,0,2017-04-19,33264000,5164,1,0,0,0,0,0,0,0,0,5170,1,0,0,0,0,0,0,0,0
549,2017-04-19,09:14:25,0,SF705,XZCE,5174,5108,5198,1498,38738280,11478,11550,5376,4864,5120,5148,0,5138,0,0,0,2017-04-19,33265000,5164,1,0,0,0,0,0,0,0,0,5178,3,0,0,0,0,0,0,0,0
550,2017-04-19,09:14:26,0,SF705,XZCE,5174,5108,5198,1498,38738280,11478,11550,5376,4864,5120,5148,0,5138,0,0,0,2017-04-19,33266000,5164,2,0,0,0,0,0,0,0,0,5178,3,0,0,0,0,0,0,0,0
551,2017-04-19,09:14:28,0,SF705,XZCE,5174,5108,5198,1498,38738280,11478,11550,5376,4864,5120,5148,0,5138,0,0,0,2017-04-19,33268000,5166,1,0,0,0,0,0,0,0,0,5178,3,0,0,0,0,0,0,0,0
552,2017-04-19,09:14:29,0,SF705,XZCE,5174,5108,5198,1498,38738280,11478,11550,5376,4864,5120,5148,0,5138,0,0,0,2017-04-19,33269000,5166,2,0,0,0,0,0,0,0,0,5176,1,0,0,0,0,0,0,0,0
553,2017-04-19,09:14:29,0,SF705,XZCE,5174,5108,5198,1498,38738280,11478,11550,5376,4864,5120,5148,0,5138,0,0,0,2017-04-19,33269000,5166,3,0,0,0,0,0,0,0,0,5176,1,0,0,0,0,0,0,0,0
554,2017-04-19,09:14:30,0,SF705,XZCE,5174,5108,5198,1498,38738280,11478,11550,5376,4864,5120,5148,0,5138,0,0,0,2017-04-19,33270000,5166,3,0,0,0,0,0,0,0,0,5176,2,0,0,0,0,0,0,0,0
555,2017-04-19,09:14:30,0,SF705,XZCE,5174,5108,5198,1498,38738280,11478,11550,5376,4864,5120,5148,0,5138,0,0,0,2017-04-19,33270000,5172,2,0,0,0,0,0,0,0,0,5176,2,0,0,0,0,0,0,0,0
556,2017-04-19,09:14:31,0,SF705,XZCE,5174,5108,5198,1498,38738280,11478,11550,5376,4864,5120,5148,0,5138,0,0,0,2017-04-19,33271000,5166,3,0,0,0,0,0,0,0,0,5176,2,0,0,0,0,0,0,0,0
557,2017-04-19,09:14:33,0,SF705,XZCE,5174,5108,5198,1498,38738280,11478,11550,5376,4864,5120,5148,0,5138,0,0,0,2017-04-19,33273000,5168,1,0,0,0,0,0,0,0,0,5176,2,0,0,0,0,0,0,0,0
558,2017-04-19,09:14:37,0,SF705,XZCE,5176,5108,5198,1500,38790040,11478,11550,5376,4864,5120,5148,0,5138,0,0,0,2017-04-19,33277000,5168,1,0,0,0,0,0,0,0,0,5176,1,0,0,0,0,0,0,0,0
559,2017-04-19,09:14:37,0,SF705,XZCE,5176,5108,5198,1500,38790040,11478,11550,5376,4864,5120,5148,0,5138,0,0,0,2017-04-19,33277000,5168,1,0,0,0,0,0,0,0,0,5172,1,0,0,0,0,0,0,0,0
560,2017-04-19,09:14:39,0,SF705,XZCE,5176,5108,5198,1500,38790040,11478,11550,5376,4864,5120,5148,0,5138,0,0,0,2017-04-19,33279000,5168,1,0,0,0,0,0,0,0,0,5170,1,0,0,0,0,0,0,0,0
561,2017-04-19,09:14:40,0,SF705,XZCE,5172,5108,5198,1502,38841760,11476,11550,5376,4864,5120,5148,0,5138,0,0,0,2017-04-19,33280000,5166,1,0,0,0,0,0,0,0,0,5172,1,0,0,0,0,0,0,0,0
562,2017-04-19,09:14:42,0,SF705,XZCE,5170,5108,5198,1504,38893460,11476,11550,5376,4864,5120,5148,0,5138,0,0,0,2017-04-19,33282000,5166,1,0,0,0,0,0,0,0,0,5170,1,0,0,0,0,0,0,0,0
563,2017-04-19,09:14:47,0,SF705,XZCE,5166,5108,5198,1510,39048440,11478,11550,5376,4864,5120,5148,0,5138,0,0,0,2017-04-19,33287000,5168,1,0,0,0,0,0,0,0,0,5172,1,0,0,0,0,0,0,0,0
564,2017-04-19,09:14:47,0,SF705,XZCE,5166,5108,5198,1510,39048440,11478,11550,5376,4864,5120,5148,0,5138,0,0,0,2017-04-19,33287000,5168,2,0,0,0,0,0,0,0,0,5172,2,0,0,0,0,0,0,0,0
