,dataDate,dataTime,dataMillisec,instrumentID,exchangeCD,lastPrice,lowPrice,highPrice,volume,value,openInterest,preOpenInterest,upperLimitPrice,lowerLimitPrice,preSettlementPrice,prevClosePrice,settlementPrice,openPrice,closePrice,preDelta,currDelta,clearingDay,milliSecOffset,bidPrice1,bidVolume1,bidPrice2,bidVolume2,bidPrice3,bidVolume3,bidPrice4,bidVolume4,bidPrice5,bidVolume5,askPrice1,askVolume1,askPrice2,askVolume2,askPrice3,askVolume3,askPrice4,askVolume4,askPrice5,askVolume5
0,2017-04-19,07:27:41,0,SM705,XZCE,5870,0,0,0,0,25776,25776,6136,5440,5788,5870,0,0,0,0,0,2017-04-19,26861000,0,0,0,0,0,0,0,0,0,0,0,0,0,0,0,0,0,0,0,0
1,2017-04-19,07:27:41,0,SM705,XZCE,5870,0,0,0,0,25776,25776,6136,5440,5788,5870,0,5866,0,0,0,2017-04-19,26861000,0,0,0,0,0,0,0,0,0,0,0,0,0,0,0,0,0,0,0,0
2,2017-04-19,07:27:41,0,SM705,XZCE,5870,0,0,0,0,25776,25776,6136,5440,5788,5870,0,5870,0,0,0,2017-04-19,26861000,0,0,0,0,0,0,0,0,0,0,0,0,0,0,0,0,0,0,0,0
3,2017-04-19,07:27:41,0,SM705,XZCE,5870,0,0,0,0,25776,25776,6136,5440,5788,5870,0,5868,0,0,0,2017-04-19,26861000,0,0,0,0,0,0,0,0,0,0,0,0,0,0,0,0,0,0,0,0
4,2017-04-19,07:27:41,0,SM705,XZCE,5870,0,0,0,0,25776,25776,6136,5440,5788,5870,0,5858,0,0,0,2017-04-19,26861000,0,0,0,0,0,0,0,0,0,0,0,0,0,0,0,0,0,0,0,0
5,2017-04-19,07:27:41,0,SM705,XZCE,5870,0,0,0,0,25776,25776,6136,5440,5788,5870,0,5856,0,0,0,2017-04-19,26861000,0,0,0,0,0,0,0,0,0,0,0,0,0,0,0,0,0,0,0,0
6,2017-04-19,08:59:00,0,SM705,XZCE,5856,5856,5856,84,2459520,25760,25776,6136,5440,5788,5870,0,5856,0,0,0,2017-04-19,32340000,5850,5,0,0,0,0,0,0,0,0,5856,64,0,0,0,0,0,0,0,0
7,2017-04-19,09:00:00,0,SM705,XZCE,5856,5856,5856,84,2459520,25760,25776,6136,5440,5788,5870,0,5856,0,0,0,2017-04-19,32400000,5850,8,0,0,0,0,0,0,0,0,5856,64,0,0,0,0,0,0,0,0
8,2017-04-19,09:00:00,0,SM705,XZCE,5830,5830,5856,104,3042520,25758,25776,6136,5440,5788,5870,0,5856,0,0,0,2017-04-19,32400000,5830,9,0,0,0,0,0,0,0,0,5840,1,0,0,0,0,0,0,0,0
9,2017-04-19,09:00:01,0,SM705,XZCE,5838,5830,5856,126,3684700,25760,25776,6136,5440,5788,5870,0,5856,0,0,0,2017-04-19,32401000,5830,6,0,0,0,0,0,0,0,0,5840,10,0,0,0,0,0,0,0,0
10,2017-04-19,09:00:01,0,SM705,XZCE,5846,5830,5856,188,5496960,25732,25776,6136,5440,5788,5870,0,5856,0,0,0,2017-04-19,32401000,5840,4,0,0,0,0,0,0,0,0,5844,1,0,0,0,0,0,0,0,0
11,2017-04-19,09:00:02,0,SM705,XZCE,5846,5830,5856,296,8653800,25708,25776,6136,5440,5788,5870,0,5856,0,0,0,2017-04-19,32402000,5844,5,0,0,0,0,0,0,0,0,5846,16,0,0,0,0,0,0,0,0
12,2017-04-19,09:00:02,0,SM705,XZCE,5850,5830,5856,466,13626300,25566,25776,6136,5440,5788,5870,0,5856,0,0,0,2017-04-19,32402000,5842,4,0,0,0,0,0,0,0,0,5850,62,0,0,0,0,0,0,0,0
13,2017-04-19,09:00:03,0,SM705,XZCE,5846,5830,5856,600,17543120,25440,25776,6136,5440,5788,5870,0,5856,0,0,0,2017-04-19,32403000,5840,16,0,0,0,0,0,0,0,0,5846,8,0,0,0,0,0,0,0,0
14,2017-04-19,09:00:03,0,SM705,XZCE,5840,5830,5856,612,17893520,25430,25776,6136,5440,5788,5870,0,5856,0,0,0,2017-04-19,32403000,5840,1,0,0,0,0,0,0,0,0,5842,5,0,0,0,0,0,0,0,0
15,2017-04-19,09:00:04,0,SM705,XZCE,5830,5826,5856,664,19409320,25392,25776,6136,5440,5788,5870,0,5856,0,0,0,2017-04-19,32404000,5822,26,0,0,0,0,0,0,0,0,5830,65,0,0,0,0,0,0,0,0
16,2017-04-19,09:00:04,0,SM705,XZCE,5828,5822,5856,746,21798800,25344,25776,6136,5440,5788,5870,0,5856,0,0,0,2017-04-19,32404000,5822,19,0,0,0,0,0,0,0,0,5828,5,0,0,0,0,0,0,0,0
17,2017-04-19,09:00:05,0,SM705,XZCE,5830,5822,5856,768,22440100,25328,25776,6136,5440,5788,5870,0,5856,0,0,0,2017-04-19,32405000,5828,6,0,0,0,0,0,0,0,0,5830,35,0,0,0,0,0,0,0,0
18,2017-04-19,09:00:05,0,SM705,XZCE,5822,5822,5856,786,22964080,25328,25776,6136,5440,5788,5870,0,5856,0,0,0,2017-04-19,32405000,5822,18,0,0,0,0,0,0,0,0,5826,1,0,0,0,0,0,0,0,0
19,2017-04-19,09:00:06,0,SM705,XZCE,5828,5822,5856,794,23197200,25326,25776,6136,5440,5788,5870,0,5856,0,0,0,2017-04-19,32406000,5822,18,0,0,0,0,0,0,0,0,5828,11,0,0,0,0,0,0,0,0
20,2017-04-19,09:00:06,0,SM705,XZCE,5830,5822,5856,844,24654700,25302,25776,6136,5440,5788,5870,0,5856,0,0,0,2017-04-19,32406000,5824,4,0,0,0,0,0,0,0,0,5828,9,0,0,0,0,0,0,0,0
21,2017-04-19,09:00:07,0,SM705,XZCE,5824,5822,5856,858,25062380,25300,25776,6136,5440,5788,5870,0,5856,0,0,0,2017-04-19,32407000,5824,2,0,0,0,0,0,0,0,0,5828,8,0,0,0,0,0,0,0,0
22,2017-04-19,09:00:07,0,SM705,XZCE,5826,5822,5856,882,25761500,25298,25776,6136,5440,5788,5870,0,5856,0,0,0,2017-04-19,32407000,5822,17,0,0,0,0,0,0,0,0,5826,2,0,0,0,0,0,0,0,0
23,2017-04-19,09:00:07,0,SM705,XZCE,5822,5822,5856,936,27333440,25268,25776,6136,5440,5788,5870,0,5856,0,0,0,2017-04-19,32407000,5824,4,0,0,0,0,0,0,0,0,5826,4,0,0,0,0,0,0,0,0
24,2017-04-19,09:00:08,0,SM705,XZCE,5842,5822,5856,984,28735520,25250,25776,6136,5440,5788,5870,0,5856,0,0,0,2017-04-19,32408000,5830,2,0,0,0,0,0,0,0,0,5834,8,0,0,0,0,0,0,0,0
25,2017-04-19,09:00:09,0,SM705,XZCE,5842,5822,5856,994,29027620,25250,25776,6136,5440,5788,5870,0,5856,0,0,0,2017-04-19,32409000,5826,4,0,0,0,0,0,0,0,0,5832,2,0,0,0,0,0,0,0,0
26,2017-04-19,09:00:09,0,SM705,XZCE,5834,5822,5856,1042,30427780,25232,25776,6136,5440,5788,5870,0,5856,0,0,0,2017-04-19,32409000,5836,2,0,0,0,0,0,0,0,0,5838,8,0,0,0,0,0,0,0,0
27,2017-04-19,09:00:10,0,SM705,XZCE,5836,5822,5856,1072,31303180,25222,25776,6136,5440,5788,5870,0,5856,0,0,0,2017-04-19,32410000,5834,2,0,0,0,0,0,0,0,0,5836,5,0,0,0,0,0,0,0,0
28,2017-04-19,09:00:10,0,SM705,XZCE,5832,5822,5856,1158,33810940,25202,25776,6136,5440,5788,5870,0,5856,0,0,0,2017-04-19,32410000,5832,11,0,0,0,0,0,0,0,0,5850,56,0,0,0,0,0,0,0,0
29,2017-04-19,09:00:11,0,SM705,XZCE,5850,5822,5856,1184,34571440,25176,25776,6136,5440,5788,5870,0,5856,0,0,0,2017-04-19,32411000,5842,1,0,0,0,0,0,0,0,0,5844,8,0,0,0,0,0,0,0,0
30,2017-04-19,09:00:11,0,SM705,XZCE,5846,5822,5856,1240,36208320,25178,25776,6136,5440,5788,5870,0,5856,0,0,0,2017-04-19,32411000,5846,5,0,0,0,0,0,0,0,0,5848,4,0,0,0,0,0,0,0,0
31,2017-04-19,09:00:12,0,SM705,XZCE,5836,5822,5856,1310,38250920,25176,25776,6136,5440,5788,5870,0,5856,0,0,0,2017-04-19,32412000,5834,5,0,0,0,0,0,0,0,0,5838,1,0,0,0,0,0,0,0,0
32,2017-04-19,09:00:12,0,SM705,XZCE,5834,5822,5856,1318,38484280,25174,25776,6136,5440,5788,5870,0,5856,0,0,0,2017-04-19,32412000,5836,1,0,0,0,0,0,0,0,0,5838,2,0,0,0,0,0,0,0,0
33,2017-04-19,09:00:12,0,SM705,XZCE,5850,5822,5856,1406,41058280,25116,25776,6136,5440,5788,5870,0,5856,0,0,0,2017-04-19,32412000,5844,2,0,0,0,0,0,0,0,0,5850,18,0,0,0,0,0,0,0,0
34,2017-04-19,09:00:13,0,SM705,XZCE,5850,5822,5856,1442,42111280,25104,25776,6136,5440,5788,5870,0,5856,0,0,0,2017-04-19,32413000,5850,1,0,0,0,0,0,0,0,0,5856,71,0,0,0,0,0,0,0,0
35,2017-04-19,09:00:14,0,SM705,XZCE,5856,5822,5856,1510,44102320,25068,25776,6136,5440,5788,5870,0,5856,0,0,0,2017-04-19,32414000,5852,4,0,0,0,0,0,0,0,0,5856,39,0,0,0,0,0,0,0,0
36,2017-04-19,09:00:14,0,SM705,XZCE,5852,5822,5856,1516,44277880,25064,25776,6136,5440,5788,5870,0,5856,0,0,0,2017-04-19,32414000,5852,3,0,0,0,0,0,0,0,0,5854,8,0,0,0,0,0,0,0,0
37,2017-04-19,09:00:15,0,SM705,XZCE,5852,5822,5856,1572,45916440,25026,25776,6136,5440,5788,5870,0,5856,0,0,0,2017-04-19,32415000,5852,2,0,0,0,0,0,0,0,0,5856,18,0,0,0,0,0,0,0,0
38,2017-04-19,09:00:15,0,SM705,XZCE,5852,5822,5856,1572,45916440,25026,25776,6136,5440,5788,5870,0,5856,0,0,0,2017-04-19,32415000,5852,2,0,0,0,0,0,0,0,0,5854,8,0,0,0,0,0,0,0,0
39,2017-04-19,09:00:16,0,SM705,XZCE,5852,5822,5856,1602,46794240,25012,25776,6136,5440,5788,5870,0,5856,0,0,0,2017-04-19,32416000,5852,1,0,0,0,0,0,0,0,0,5856,20,0,0,0,0,0,0,0,0
40,2017-04-19,09:00:16,0,SM705,XZCE,5856,5822,5856,1640,47906880,24990,25776,6136,5440,5788,5870,0,5856,0,0,0,2017-04-19,32416000,5852,1,0,0,0,0,0,0,0,0,5856,1,0,0,0,0,0,0,0,0
41,2017-04-19,09:00:18,0,SM705,XZCE,5852,5822,5856,1642,47965400,24988,25776,6136,5440,5788,5870,0,5856,0,0,0,2017-04-19,32418000,5850,1,0,0,0,0,0,0,0,0,5852,6,0,0,0,0,0,0,0,0
42,2017-04-19,09:00:18,0,SM705,XZCE,5852,5822,5856,1646,48082440,24986,25776,6136,5440,5788,5870,0,5856,0,0,0,2017-04-19,32418000,5850,1,0,0,0,0,0,0,0,0,5852,4,0,0,0,0,0,0,0,0
43,2017-04-19,09:00:19,0,SM705,XZCE,5858,5822,5858,1682,49136880,24976,25776,6136,5440,5788,5870,0,5856,0,0,0,2017-04-19,32419000,5852,4,0,0,0,0,0,0,0,0,5858,59,0,0,0,0,0,0,0,0
44,2017-04-19,09:00:19,0,SM705,XZCE,5852,5822,5858,1686,49253920,24974,25776,6136,5440,5788,5870,0,5856,0,0,0,2017-04-19,32419000,5852,5,0,0,0,0,0,0,0,0,5858,58,0,0,0,0,0,0,0,0
45,2017-04-19,09:00:20,0,SM705,XZCE,5856,5822,5858,1822,53236000,24872,25776,6136,5440,5788,5870,0,5856,0,0,0,2017-04-19,32420000,5856,2,0,0,0,0,0,0,0,0,5862,1,0,0,0,0,0,0,0,0
46,2017-04-19,09:00:20,0,SM705,XZCE,5870,5822,5870,1858,54292600,24848,25776,6136,5440,5788,5870,0,5856,0,0,0,2017-04-19,32420000,5856,2,0,0,0,0,0,0,0,0,5858,4,0,0,0,0,0,0,0,0
47,2017-04-19,09:00:21,0,SM705,XZCE,5862,5822,5870,1944,56813260,24810,25776,6136,5440,5788,5870,0,5856,0,0,0,2017-04-19,32421000,5860,1,0,0,0,0,0,0,0,0,5864,10,0,0,0,0,0,0,0,0
48,2017-04-19,09:00:21,0,SM705,XZCE,5862,5822,5870,1966,57458080,24812,25776,6136,5440,5788,5870,0,5856,0,0,0,2017-04-19,32421000,5858,4,0,0,0,0,0,0,0,0,5864,8,0,0,0,0,0,0,0,0
49,2017-04-19,09:00:21,0,SM705,XZCE,5868,5822,5870,1990,58162240,24812,25776,6136,5440,5788,5870,0,5856,0,0,0,2017-04-19,32421000,5862,2,0,0,0,0,0,0,0,0,5868,5,0,0,0,0,0,0,0,0
50,2017-04-19,09:00:22,0,SM705,XZCE,5862,5822,5870,1994,58279480,24814,25776,6136,5440,5788,5870,0,5856,0,0,0,2017-04-19,32422000,5864,1,0,0,0,0,0,0,0,0,5866,2,0,0,0,0,0,0,0,0
51,2017-04-19,09:00:23,0,SM705,XZCE,5856,5822,5870,2028,59275000,24816,25776,6136,5440,5788,5870,0,5856,0,0,0,2017-04-19,32423000,5856,5,0,0,0,0,0,0,0,0,5860,2,0,0,0,0,0,0,0,0
52,2017-04-19,09:00:23,0,SM705,XZCE,5860,5822,5870,2032,59392200,24816,25776,6136,5440,5788,5870,0,5856,0,0,0,2017-04-19,32423000,5856,5,0,0,0,0,0,0,0,0,5862,4,0,0,0,0,0,0,0,0
53,2017-04-19,09:00:23,0,SM705,XZCE,5862,5822,5870,2082,60857700,24794,25776,6136,5440,5788,5870,0,5856,0,0,0,2017-04-19,32423000,5864,2,0,0,0,0,0,0,0,0,5870,171,0,0,0,0,0,0,0,0
54,2017-04-19,09:00:24,0,SM705,XZCE,5868,5822,5870,2090,61092420,24788,25776,6136,5440,5788,5870,0,5856,0,0,0,2017-04-19,32424000,5862,4,0,0,0,0,0,0,0,0,5870,171,0,0,0,0,0,0,0,0
55,2017-04-19,09:00:25,0,SM705,XZCE,5870,5822,5870,2158,63088220,24726,25776,6136,5440,5788,5870,0,5856,0,0,0,2017-04-19,32425000,5866,1,0,0,0,0,0,0,0,0,5870,143,0,0,0,0,0,0,0,0
56,2017-04-19,09:00:25,0,SM705,XZCE,5870,5822,5870,2158,63088220,24726,25776,6136,5440,5788,5870,0,5856,0,0,0,2017-04-19,32425000,5866,1,0,0,0,0,0,0,0,0,5868,4,0,0,0,0,0,0,0,0
57,2017-04-19,09:00:25,0,SM705,XZCE,5870,5822,5870,2224,65025320,24668,25776,6136,5440,5788,5870,0,5856,0,0,0,2017-04-19,32425000,5866,1,0,0,0,0,0,0,0,0,5870,115,0,0,0,0,0,0,0,0
58,2017-04-19,09:00:27,0,SM705,XZCE,5868,5822,5870,2226,65084000,24670,25776,6136,5440,5788,5870,0,5856,0,0,0,2017-04-19,32427000,5868,1,0,0,0,0,0,0,0,0,5870,115,0,0,0,0,0,0,0,0
59,2017-04-19,09:00:27,0,SM705,XZCE,5866,5822,5870,2256,65963900,24656,25776,6136,5440,5788,5870,0,5856,0,0,0,2017-04-19,32427000,5866,1,0,0,0,0,0,0,0,0,5870,106,0,0,0,0,0,0,0,0
60,2017-04-19,09:00:28,0,SM705,XZCE,5870,5822,5870,2268,66316100,24654,25776,6136,5440,5788,5870,0,5856,0,0,0,2017-04-19,32428000,5864,1,0,0,0,0,0,0,0,0,5870,102,0,0,0,0,0,0,0,0
61,2017-04-19,09:00:28,0,SM705,XZCE,5864,5822,5870,2288,66902500,24636,25776,6136,5440,5788,5870,0,5856,0,0,0,2017-04-19,32428000,5862,54,0,0,0,0,0,0,0,0,5868,2,0,0,0,0,0,0,0,0
62,2017-04-19,09:00:28,0,SM705,XZCE,5864,5822,5870,2290,66961140,24634,25776,6136,5440,5788,5870,0,5856,0,0,0,2017-04-19,32428000,5862,54,0,0,0,0,0,0,0,0,5868,4,0,0,0,0,0,0,0,0
63,2017-04-19,09:00:29,0,SM705,XZCE,5864,5822,5870,2294,67078420,24634,25776,6136,5440,5788,5870,0,5856,0,0,0,2017-04-19,32429000,5864,4,0,0,0,0,0,0,0,0,5866,1,0,0,0,0,0,0,0,0
64,2017-04-19,09:00:30,0,SM705,XZCE,5868,5822,5870,2310,67547860,24632,25776,6136,5440,5788,5870,0,5856,0,0,0,2017-04-19,32430000,5866,7,0,0,0,0,0,0,0,0,5870,113,0,0,0,0,0,0,0,0
65,2017-04-19,09:00:31,0,SM705,XZCE,5868,5822,5870,2310,67547860,24632,25776,6136,5440,5788,5870,0,5856,0,0,0,2017-04-19,32431000,5866,7,0,0,0,0,0,0,0,0,5870,123,0,0,0,0,0,0,0,0
66,2017-04-19,09:00:31,0,SM705,XZCE,5868,5822,5870,2310,67547860,24632,25776,6136,5440,5788,5870,0,5856,0,0,0,2017-04-19,32431000,5868,21,0,0,0,0,0,0,0,0,5870,123,0,0,0,0,0,0,0,0
67,2017-04-19,09:00:32,0,SM705,XZCE,5868,5822,5870,2332,68193340,24618,25776,6136,5440,5788,5870,0,5856,0,0,0,2017-04-19,32432000,5868,23,0,0,0,0,0,0,0,0,5870,114,0,0,0,0,0,0,0,0
68,2017-04-19,09:00:32,0,SM705,XZCE,5868,5822,5870,2372,69366940,24620,25776,6136,5440,5788,5870,0,5856,0,0,0,2017-04-19,32432000,5868,17,0,0,0,0,0,0,0,0,5870,100,0,0,0,0,0,0,0,0
69,2017-04-19,09:00:32,0,SM705,XZCE,5870,5822,5870,2406,70364840,24596,25776,6136,5440,5788,5870,0,5856,0,0,0,2017-04-19,32432000,5868,17,0,0,0,0,0,0,0,0,5870,83,0,0,0,0,0,0,0,0
70,2017-04-19,09:00:33,0,SM705,XZCE,5870,5822,5870,2418,70717040,24590,25776,6136,5440,5788,5870,0,5856,0,0,0,2017-04-19,32433000,5868,16,0,0,0,0,0,0,0,0,5870,78,0,0,0,0,0,0,0,0
71,2017-04-19,09:00:34,0,SM705,XZCE,5868,5822,5870,2456,71831960,24582,25776,6136,5440,5788,5870,0,5856,0,0,0,2017-04-19,32434000,5868,14,0,0,0,0,0,0,0,0,5870,61,0,0,0,0,0,0,0,0
72,2017-04-19,09:00:34,0,SM705,XZCE,5870,5822,5870,2464,72066760,24582,25776,6136,5440,5788,5870,0,5856,0,0,0,2017-04-19,32434000,5868,14,0,0,0,0,0,0,0,0,5870,57,0,0,0,0,0,0,0,0
73,2017-04-19,09:00:35,0,SM705,XZCE,5868,5822,5870,2470,72242800,24584,25776,6136,5440,5788,5870,0,5856,0,0,0,2017-04-19,32435000,5868,11,0,0,0,0,0,0,0,0,5870,57,0,0,0,0,0,0,0,0
74,2017-04-19,09:00:35,0,SM705,XZCE,5868,5822,5870,2480,72536200,24590,25776,6136,5440,5788,5870,0,5856,0,0,0,2017-04-19,32435000,5868,8,0,0,0,0,0,0,0,0,5870,55,0,0,0,0,0,0,0,0
75,2017-04-19,09:00:36,0,SM705,XZCE,5870,5822,5870,2496,73005800,24592,25776,6136,5440,5788,5870,0,5856,0,0,0,2017-04-19,32436000,5868,6,0,0,0,0,0,0,0,0,5870,51,0,0,0,0,0,0,0,0
76,2017-04-19,09:00:36,0,SM705,XZCE,5868,5822,5870,2498,73064480,24594,25776,6136,5440,5788,5870,0,5856,0,0,0,2017-04-19,32436000,5868,6,0,0,0,0,0,0,0,0,5870,51,0,0,0,0,0,0,0,0
77,2017-04-19,09:00:37,0,SM705,XZCE,5868,5822,5870,2502,73181840,24592,25776,6136,5440,5788,5870,0,5856,0,0,0,2017-04-19,32437000,5868,10,0,0,0,0,0,0,0,0,5870,49,0,0,0,0,0,0,0,0
78,2017-04-19,09:00:37,0,SM705,XZCE,5876,5822,5876,2608,76296120,24556,25776,6136,5440,5788,5870,0,5856,0,0,0,2017-04-19,32437000,5872,12,0,0,0,0,0,0,0,0,5878,1,0,0,0,0,0,0,0,0
79,2017-04-19,09:00:38,0,SM705,XZCE,5882,5822,5882,2618,76590220,24556,25776,6136,5440,5788,5870,0,5856,0,0,0,2017-04-19,32438000,5876,3,0,0,0,0,0,0,0,0,5882,5,0,0,0,0,0,0,0,0
80,2017-04-19,09:00:38,0,SM705,XZCE,5874,5822,5882,2672,78176200,24546,25776,6136,5440,5788,5870,0,5856,0,0,0,2017-04-19,32438000,5870,17,0,0,0,0,0,0,0,0,5874,1,0,0,0,0,0,0,0,0
81,2017-04-19,09:00:38,0,SM705,XZCE,5878,5822,5882,2678,78352540,24540,25776,6136,5440,5788,5870,0,5856,0,0,0,2017-04-19,32438000,5872,2,0,0,0,0,0,0,0,0,5878,4,0,0,0,0,0,0,0,0
82,2017-04-19,09:00:39,0,SM705,XZCE,5878,5822,5882,2684,78528880,24538,25776,6136,5440,5788,5870,0,5856,0,0,0,2017-04-19,32439000,5876,1,0,0,0,0,0,0,0,0,5878,2,0,0,0,0,0,0,0,0
83,2017-04-19,09:00:40,0,SM705,XZCE,5878,5822,5882,2686,78587660,24538,25776,6136,5440,5788,5870,0,5856,0,0,0,2017-04-19,32440000,5876,1,0,0,0,0,0,0,0,0,5878,19,0,0,0,0,0,0,0,0
84,2017-04-19,09:00:40,0,SM705,XZCE,5878,5822,5882,2692,78764000,24538,25776,6136,5440,5788,5870,0,5856,0,0,0,2017-04-19,32440000,5876,1,0,0,0,0,0,0,0,0,5878,16,0,0,0,0,0,0,0,0
85,2017-04-19,09:00:41,0,SM705,XZCE,5878,5822,5882,2710,79293020,24530,25776,6136,5440,5788,5870,0,5856,0,0,0,2017-04-19,32441000,5876,10,0,0,0,0,0,0,0,0,5878,9,0,0,0,0,0,0,0,0
86,2017-04-19,09:00:41,0,SM705,XZCE,5876,5822,5882,2714,79410540,24530,25776,6136,5440,5788,5870,0,5856,0,0,0,2017-04-19,32441000,5876,8,0,0,0,0,0,0,0,0,5878,9,0,0,0,0,0,0,0,0
87,2017-04-19,09:00:41,0,SM705,XZCE,5878,5822,5882,2732,79939560,24530,25776,6136,5440,5788,5870,0,5856,0,0,0,2017-04-19,32441000,5878,11,0,0,0,0,0,0,0,0,5880,1,0,0,0,0,0,0,0,0
88,2017-04-19,09:00:42,0,SM705,XZCE,5878,5822,5882,2734,79998340,24532,25776,6136,5440,5788,5870,0,5856,0,0,0,2017-04-19,32442000,5878,10,0,0,0,0,0,0,0,0,5880,1,0,0,0,0,0,0,0,0
89,2017-04-19,09:00:43,0,SM705,XZCE,5878,5822,5882,2734,79998340,24532,25776,6136,5440,5788,5870,0,5856,0,0,0,2017-04-19,32443000,5878,14,0,0,0,0,0,0,0,0,5880,1,0,0,0,0,0,0,0,0
90,2017-04-19,09:00:44,0,SM705,XZCE,5878,5822,5882,2736,80057120,24532,25776,6136,5440,5788,5870,0,5856,0,0,0,2017-04-19,32444000,5878,15,0,0,0,0,0,0,0,0,5880,1,0,0,0,0,0,0,0,0
91,2017-04-19,09:00:44,0,SM705,XZCE,5880,5822,5882,2740,80174720,24534,25776,6136,5440,5788,5870,0,5856,0,0,0,2017-04-19,32444000,5880,9,0,0,0,0,0,0,0,0,5882,12,0,0,0,0,0,0,0,0
92,2017-04-19,09:00:44,0,SM705,XZCE,5880,5822,5882,2748,80409920,24534,25776,6136,5440,5788,5870,0,5856,0,0,0,2017-04-19,32444000,5880,5,0,0,0,0,0,0,0,0,5882,12,0,0,0,0,0,0,0,0
93,2017-04-19,09:00:45,0,SM705,XZCE,5880,5822,5882,2754,80586320,24538,25776,6136,5440,5788,5870,0,5856,0,0,0,2017-04-19,32445000,5880,3,0,0,0,0,0,0,0,0,5882,11,0,0,0,0,0,0,0,0
94,2017-04-19,09:00:46,0,SM705,XZCE,5880,5822,5882,2772,81115520,24552,25776,6136,5440,5788,5870,0,5856,0,0,0,2017-04-19,32446000,5880,5,0,0,0,0,0,0,0,0,5882,13,0,0,0,0,0,0,0,0
95,2017-04-19,09:00:46,0,SM705,XZCE,5878,5822,5882,2804,82056000,24560,25776,6136,5440,5788,5870,0,5856,0,0,0,2017-04-19,32446000,5878,14,0,0,0,0,0,0,0,0,5882,5,0,0,0,0,0,0,0,0
96,2017-04-19,09:00:47,0,SM705,XZCE,5882,5822,5882,2806,82114820,24560,25776,6136,5440,5788,5870,0,5856,0,0,0,2017-04-19,32447000,5878,14,0,0,0,0,0,0,0,0,5882,5,0,0,0,0,0,0,0,0
97,2017-04-19,09:00:47,0,SM705,XZCE,5882,5822,5882,2816,82408920,24554,25776,6136,5440,5788,5870,0,5856,0,0,0,2017-04-19,32447000,5882,25,0,0,0,0,0,0,0,0,5884,3,0,0,0,0,0,0,0,0
98,2017-04-19,09:00:48,0,SM705,XZCE,5882,5822,5882,2820,82526560,24552,25776,6136,5440,5788,5870,0,5856,0,0,0,2017-04-19,32448000,5882,23,0,0,0,0,0,0,0,0,5884,1,0,0,0,0,0,0,0,0
99,2017-04-19,09:00:48,0,SM705,XZCE,5882,5822,5882,2820,82526560,24552,25776,6136,5440,5788,5870,0,5856,0,0,0,2017-04-19,32448000,5882,26,0,0,0,0,0,0,0,0,5884,1,0,0,0,0,0,0,0,0
100,2017-04-19,09:00:48,0,SM705,XZCE,5882,5822,5882,2842,83173580,24532,25776,6136,5440,5788,5870,0,5856,0,0,0,2017-04-19,32448000,5882,15,0,0,0,0,0,0,0,0,5884,1,0,0,0,0,0,0,0,0
101,2017-04-19,09:00:49,0,SM705,XZCE,5882,5822,5882,2844,83232400,24532,25776,6136,5440,5788,5870,0,5856,0,0,0,2017-04-19,32449000,5882,14,0,0,0,0,0,0,0,0,5884,1,0,0,0,0,0,0,0,0
102,2017-04-19,09:00:50,0,SM705,XZCE,5882,5822,5884,2848,83350040,24530,25776,6136,5440,5788,5870,0,5856,0,0,0,2017-04-19,32450000,5882,13,0,0,0,0,0,0,0,0,5886,8,0,0,0,0,0,0,0,0
103,2017-04-19,09:00:50,0,SM705,XZCE,5882,5822,5884,2850,83408860,24532,25776,6136,5440,5788,5870,0,5856,0,0,0,2017-04-19,32450000,5882,13,0,0,0,0,0,0,0,0,5886,8,0,0,0,0,0,0,0,0
104,2017-04-19,09:00:51,0,SM705,XZCE,5882,5822,5886,2870,83997060,24516,25776,6136,5440,5788,5870,0,5856,0,0,0,2017-04-19,32451000,5882,6,0,0,0,0,0,0,0,0,5886,5,0,0,0,0,0,0,0,0
105,2017-04-19,09:00:51,0,SM705,XZCE,5884,5822,5886,2888,84526620,24512,25776,6136,5440,5788,5870,0,5856,0,0,0,2017-04-19,32451000,5884,13,0,0,0,0,0,0,0,0,5886,5,0,0,0,0,0,0,0,0
106,2017-04-19,09:00:52,0,SM705,XZCE,5884,5822,5886,2888,84526620,24512,25776,6136,5440,5788,5870,0,5856,0,0,0,2017-04-19,32452000,5884,16,0,0,0,0,0,0,0,0,5886,5,0,0,0,0,0,0,0,0
107,2017-04-19,09:00:52,0,SM705,XZCE,5886,5822,5886,2898,84820920,24508,25776,6136,5440,5788,5870,0,5856,0,0,0,2017-04-19,32452000,5886,2,0,0,0,0,0,0,0,0,5888,2,0,0,0,0,0,0,0,0
108,2017-04-19,09:00:52,0,SM705,XZCE,5886,5822,5886,2900,84879780,24508,25776,6136,5440,5788,5870,0,5856,0,0,0,2017-04-19,32452000,5886,1,0,0,0,0,0,0,0,0,5888,2,0,0,0,0,0,0,0,0
109,2017-04-19,09:00:53,0,SM705,XZCE,5888,5822,5888,2908,85115300,24512,25776,6136,5440,5788,5870,0,5856,0,0,0,2017-04-19,32453000,5888,1,0,0,0,0,0,0,0,0,5890,3,0,0,0,0,0,0,0,0
110,2017-04-19,09:00:54,0,SM705,XZCE,5888,5822,5888,2910,85174180,24514,25776,6136,5440,5788,5870,0,5856,0,0,0,2017-04-19,32454000,5886,1,0,0,0,0,0,0,0,0,5888,19,0,0,0,0,0,0,0,0
111,2017-04-19,09:00:54,0,SM705,XZCE,5888,5822,5888,2922,85527460,24526,25776,6136,5440,5788,5870,0,5856,0,0,0,2017-04-19,32454000,5886,2,0,0,0,0,0,0,0,0,5888,13,0,0,0,0,0,0,0,0
112,2017-04-19,09:00:54,0,SM705,XZCE,5886,5822,5888,2924,85586320,24528,25776,6136,5440,5788,5870,0,5856,0,0,0,2017-04-19,32454000,5886,2,0,0,0,0,0,0,0,0,5888,13,0,0,0,0,0,0,0,0
113,2017-04-19,09:00:55,0,SM705,XZCE,5888,5822,5888,2936,85939600,24534,25776,6136,5440,5788,5870,0,5856,0,0,0,2017-04-19,32455000,5884,24,0,0,0,0,0,0,0,0,5888,10,0,0,0,0,0,0,0,0
114,2017-04-19,09:00:56,0,SM705,XZCE,5888,5822,5888,2936,85939600,24534,25776,6136,5440,5788,5870,0,5856,0,0,0,2017-04-19,32456000,5886,2,0,0,0,0,0,0,0,0,5888,10,0,0,0,0,0,0,0,0
115,2017-04-19,09:00:56,0,SM705,XZCE,5886,5822,5888,2946,86233900,24536,25776,6136,5440,5788,5870,0,5856,0,0,0,2017-04-19,32456000,5884,25,0,0,0,0,0,0,0,0,5888,8,0,0,0,0,0,0,0,0
116,2017-04-19,09:00:57,0,SM705,XZCE,5888,5822,5888,2964,86763820,24546,25776,6136,5440,5788,5870,0,5856,0,0,0,2017-04-19,32457000,5888,16,0,0,0,0,0,0,0,0,5890,10,0,0,0,0,0,0,0,0
117,2017-04-19,09:00:57,0,SM705,XZCE,5888,5822,5888,2966,86822700,24548,25776,6136,5440,5788,5870,0,5856,0,0,0,2017-04-19,32457000,5888,15,0,0,0,0,0,0,0,0,5890,10,0,0,0,0,0,0,0,0
118,2017-04-19,09:00:58,0,SM705,XZCE,5888,5822,5888,2968,86881580,24550,25776,6136,5440,5788,5870,0,5856,0,0,0,2017-04-19,32458000,5888,27,0,0,0,0,0,0,0,0,5890,10,0,0,0,0,0,0,0,0
119,2017-04-19,09:00:58,0,SM705,XZCE,5890,5822,5890,2976,87117180,24556,25776,6136,5440,5788,5870,0,5856,0,0,0,2017-04-19,32458000,5888,26,0,0,0,0,0,0,0,0,5890,8,0,0,0,0,0,0,0,0
120,2017-04-19,09:00:58,0,SM705,XZCE,5888,5822,5890,2988,87470460,24564,25776,6136,5440,5788,5870,0,5856,0,0,0,2017-04-19,32458000,5888,25,0,0,0,0,0,0,0,0,5890,3,0,0,0,0,0,0,0,0
121,2017-04-19,09:00:59,0,SM705,XZCE,5890,5822,5890,2994,87647160,24564,25776,6136,5440,5788,5870,0,5856,0,0,0,2017-04-19,32459000,5890,7,0,0,0,0,0,0,0,0,5894,1,0,0,0,0,0,0,0,0
122,2017-04-19,09:01:00,0,SM705,XZCE,5890,5822,5890,2996,87706060,24564,25776,6136,5440,5788,5870,0,5856,0,0,0,2017-04-19,32460000,5890,8,0,0,0,0,0,0,0,0,5894,1,0,0,0,0,0,0,0,0
123,2017-04-19,09:01:00,0,SM705,XZCE,5896,5822,5896,3000,87823980,24564,25776,6136,5440,5788,5870,0,5856,0,0,0,2017-04-19,32460000,5890,9,0,0,0,0,0,0,0,0,5896,3,0,0,0,0,0,0,0,0
124,2017-04-19,09:01:01,0,SM705,XZCE,5896,5822,5896,3018,88354620,24564,25776,6136,5440,5788,5870,0,5856,0,0,0,2017-04-19,32461000,5896,10,0,0,0,0,0,0,0,0,5898,11,0,0,0,0,0,0,0,0
125,2017-04-19,09:01:01,0,SM705,XZCE,5896,5822,5898,3044,89121100,24544,25776,6136,5440,5788,5870,0,5856,0,0,0,2017-04-19,32461000,5892,4,0,0,0,0,0,0,0,0,5896,4,0,0,0,0,0,0,0,0
126,2017-04-19,09:01:02,0,SM705,XZCE,5898,5822,5898,3068,89828860,24544,25776,6136,5440,5788,5870,0,5856,0,0,0,2017-04-19,32462000,5892,4,0,0,0,0,0,0,0,0,5898,4,0,0,0,0,0,0,0,0
127,2017-04-19,09:01:02,0,SM705,XZCE,5892,5822,5898,3074,90005620,24544,25776,6136,5440,5788,5870,0,5856,0,0,0,2017-04-19,32462000,5892,2,0,0,0,0,0,0,0,0,5896,2,0,0,0,0,0,0,0,0
128,2017-04-19,09:01:03,0,SM705,XZCE,5894,5822,5898,3078,90123500,24540,25776,6136,5440,5788,5870,0,5856,0,0,0,2017-04-19,32463000,5894,1,0,0,0,0,0,0,0,0,5896,2,0,0,0,0,0,0,0,0
129,2017-04-19,09:01:04,0,SM705,XZCE,5900,5822,5900,3108,91008500,24532,25776,6136,5440,5788,5870,0,5856,0,0,0,2017-04-19,32464000,5898,4,0,0,0,0,0,0,0,0,5900,33,0,0,0,0,0,0,0,0
130,2017-04-19,09:01:04,0,SM705,XZCE,5898,5822,5900,3124,91480340,24524,25776,6136,5440,5788,5870,0,5856,0,0,0,2017-04-19,32464000,5894,1,0,0,0,0,0,0,0,0,5898,9,0,0,0,0,0,0,0,0
131,2017-04-19,09:01:05,0,SM705,XZCE,5898,5822,5900,3128,91598300,24522,25776,6136,5440,5788,5870,0,5856,0,0,0,2017-04-19,32465000,5896,1,0,0,0,0,0,0,0,0,5898,9,0,0,0,0,0,0,0,0
132,2017-04-19,09:01:05,0,SM705,XZCE,5894,5822,5900,3130,91657240,24520,25776,6136,5440,5788,5870,0,5856,0,0,0,2017-04-19,32465000,5890,12,0,0,0,0,0,0,0,0,5892,7,0,0,0,0,0,0,0,0
133,2017-04-19,09:01:06,0,SM705,XZCE,5892,5822,5900,3144,92069680,24508,25776,6136,5440,5788,5870,0,5856,0,0,0,2017-04-19,32466000,5896,2,0,0,0,0,0,0,0,0,5898,3,0,0,0,0,0,0,0,0
134,2017-04-19,09:01:06,0,SM705,XZCE,5898,5822,5900,3150,92246620,24502,25776,6136,5440,5788,5870,0,5856,0,0,0,2017-04-19,32466000,5898,2,0,0,0,0,0,0,0,0,5900,32,0,0,0,0,0,0,0,0
135,2017-04-19,09:01:07,0,SM705,XZCE,5898,5822,5900,3154,92364580,24498,25776,6136,5440,5788,5870,0,5856,0,0,0,2017-04-19,32467000,5896,2,0,0,0,0,0,0,0,0,5898,3,0,0,0,0,0,0,0,0
136,2017-04-19,09:01:07,0,SM705,XZCE,5898,5822,5900,3158,92482540,24494,25776,6136,5440,5788,5870,0,5856,0,0,0,2017-04-19,32467000,5896,2,0,0,0,0,0,0,0,0,5898,1,0,0,0,0,0,0,0,0
137,2017-04-19,09:01:08,0,SM705,XZCE,5898,5822,5900,3160,92541520,24492,25776,6136,5440,5788,5870,0,5856,0,0,0,2017-04-19,32468000,5898,2,0,0,0,0,0,0,0,0,5900,32,0,0,0,0,0,0,0,0
138,2017-04-19,09:01:08,0,SM705,XZCE,5900,5822,5900,3162,92600520,24490,25776,6136,5440,5788,5870,0,5856,0,0,0,2017-04-19,32468000,5898,23,0,0,0,0,0,0,0,0,5900,31,0,0,0,0,0,0,0,0
139,2017-04-19,09:01:09,0,SM705,XZCE,5900,5822,5900,3182,93190520,24490,25776,6136,5440,5788,5870,0,5856,0,0,0,2017-04-19,32469000,5898,23,0,0,0,0,0,0,0,0,5900,21,0,0,0,0,0,0,0,0
140,2017-04-19,09:01:09,0,SM705,XZCE,5900,5822,5900,3210,94016520,24486,25776,6136,5440,5788,5870,0,5856,0,0,0,2017-04-19,32469000,5898,17,0,0,0,0,0,0,0,0,5900,14,0,0,0,0,0,0,0,0
141,2017-04-19,09:01:10,0,SM705,XZCE,5900,5822,5900,3212,94075520,24488,25776,6136,5440,5788,5870,0,5856,0,0,0,2017-04-19,32470000,5898,20,0,0,0,0,0,0,0,0,5900,13,0,0,0,0,0,0,0,0
142,2017-04-19,09:01:10,0,SM705,XZCE,5900,5822,5900,3240,94901520,24488,25776,6136,5440,5788,5870,0,5856,0,0,0,2017-04-19,32470000,5900,27,0,0,0,0,0,0,0,0,5902,3,0,0,0,0,0,0,0,0
143,2017-04-19,09:01:11,0,SM705,XZCE,5902,5822,5902,3252,95255640,24494,25776,6136,5440,5788,5870,0,5856,0,0,0,2017-04-19,32471000,5906,2,0,0,0,0,0,0,0,0,5908,2,0,0,0,0,0,0,0,0
144,2017-04-19,09:01:11,0,SM705,XZCE,5900,5822,5902,3266,95668640,24506,25776,6136,5440,5788,5870,0,5856,0,0,0,2017-04-19,32471000,5900,23,0,0,0,0,0,0,0,0,5906,2,0,0,0,0,0,0,0,0
145,2017-04-19,09:01:12,0,SM705,XZCE,5902,5822,5902,3272,95845700,24506,25776,6136,5440,5788,5870,0,5856,0,0,0,2017-04-19,32472000,5900,26,0,0,0,0,0,0,0,0,5904,6,0,0,0,0,0,0,0,0
146,2017-04-19,09:01:12,0,SM705,XZCE,5902,5822,5902,3272,95845700,24506,25776,6136,5440,5788,5870,0,5856,0,0,0,2017-04-19,32472000,5900,26,0,0,0,0,0,0,0,0,5902,1,0,0,0,0,0,0,0,0
147,2017-04-19,09:01:13,0,SM705,XZCE,5904,5822,5904,3292,96436100,24490,25776,6136,5440,5788,5870,0,5856,0,0,0,2017-04-19,32473000,5904,10,0,0,0,0,0,0,0,0,5908,3,0,0,0,0,0,0,0,0
148,2017-04-19,09:01:13,0,SM705,XZCE,5904,5822,5904,3294,96495140,24490,25776,6136,5440,5788,5870,0,5856,0,0,0,2017-04-19,32473000,5904,15,0,0,0,0,0,0,0,0,5908,4,0,0,0,0,0,0,0,0
149,2017-04-19,09:01:13,0,SM705,XZCE,5904,5822,5904,3294,96495140,24490,25776,6136,5440,5788,5870,0,5856,0,0,0,2017-04-19,32473000,5904,16,0,0,0,0,0,0,0,0,5908,4,0,0,0,0,0,0,0,0
150,2017-04-19,09:01:14,0,SM705,XZCE,5904,5822,5904,3306,96849380,24478,25776,6136,5440,5788,5870,0,5856,0,0,0,2017-04-19,32474000,5904,10,0,0,0,0,0,0,0,0,5908,4,0,0,0,0,0,0,0,0
151,2017-04-19,09:01:14,0,SM705,XZCE,5908,5822,5908,3310,96967540,24478,25776,6136,5440,5788,5870,0,5856,0,0,0,2017-04-19,32474000,5904,9,0,0,0,0,0,0,0,0,5908,3,0,0,0,0,0,0,0,0
152,2017-04-19,09:01:15,0,SM705,XZCE,5908,5822,5908,3312,97026620,24478,25776,6136,5440,5788,5870,0,5856,0,0,0,2017-04-19,32475000,5904,9,0,0,0,0,0,0,0,0,5908,2,0,0,0,0,0,0,0,0
153,2017-04-19,09:01:16,0,SM705,XZCE,5908,5822,5908,3318,97203860,24476,25776,6136,5440,5788,5870,0,5856,0,0,0,2017-04-19,32476000,5904,8,0,0,0,0,0,0,0,0,5914,2,0,0,0,0,0,0,0,0
154,2017-04-19,09:01:16,0,SM705,XZCE,5906,5822,5908,3320,97262920,24476,25776,6136,5440,5788,5870,0,5856,0,0,0,2017-04-19,32476000,5906,3,0,0,0,0,0,0,0,0,5912,3,0,0,0,0,0,0,0,0
155,2017-04-19,09:01:17,0,SM705,XZCE,5910,5822,5910,3334,97676620,24480,25776,6136,5440,5788,5870,0,5856,0,0,0,2017-04-19,32477000,5910,6,0,0,0,0,0,0,0,0,5912,1,0,0,0,0,0,0,0,0
156,2017-04-19,09:01:17,0,SM705,XZCE,5910,5822,5910,3336,97735720,24480,25776,6136,5440,5788,5870,0,5856,0,0,0,2017-04-19,32477000,5910,10,0,0,0,0,0,0,0,0,5912,1,0,0,0,0,0,0,0,0
157,2017-04-19,09:01:18,0,SM705,XZCE,5912,5822,5912,3350,98149560,24490,25776,6136,5440,5788,5870,0,5856,0,0,0,2017-04-19,32478000,5910,4,0,0,0,0,0,0,0,0,5914,12,0,0,0,0,0,0,0,0
158,2017-04-19,09:01:18,0,SM705,XZCE,5912,5822,5914,3408,99864040,24492,25776,6136,5440,5788,5870,0,5856,0,0,0,2017-04-19,32478000,5912,2,0,0,0,0,0,0,0,0,5914,10,0,0,0,0,0,0,0,0
159,2017-04-19,09:01:19,0,SM705,XZCE,5910,5822,5914,3418,100159540,24488,25776,6136,5440,5788,5870,0,5856,0,0,0,2017-04-19,32479000,5910,1,0,0,0,0,0,0,0,0,5912,1,0,0,0,0,0,0,0,0
160,2017-04-19,09:01:19,0,SM705,XZCE,5910,5822,5914,3420,100218640,24486,25776,6136,5440,5788,5870,0,5856,0,0,0,2017-04-19,32479000,5908,52,0,0,0,0,0,0,0,0,5910,1,0,0,0,0,0,0,0,0
161,2017-04-19,09:01:19,0,SM705,XZCE,5910,5822,5914,3422,100277740,24488,25776,6136,5440,5788,5870,0,5856,0,0,0,2017-04-19,32479000,5908,52,0,0,0,0,0,0,0,0,5912,1,0,0,0,0,0,0,0,0
162,2017-04-19,09:01:20,0,SM705,XZCE,5912,5822,5914,3432,100573340,24488,25776,6136,5440,5788,5870,0,5856,0,0,0,2017-04-19,32480000,5912,36,0,0,0,0,0,0,0,0,5914,7,0,0,0,0,0,0,0,0
163,2017-04-19,09:01:21,0,SM705,XZCE,5914,5822,5914,3454,101223880,24470,25776,6136,5440,5788,5870,0,5856,0,0,0,2017-04-19,32481000,5912,29,0,0,0,0,0,0,0,0,5914,3,0,0,0,0,0,0,0,0
164,2017-04-19,09:01:21,0,SM705,XZCE,5912,5822,5914,3464,101519480,24466,25776,6136,5440,5788,5870,0,5856,0,0,0,2017-04-19,32481000,5912,24,0,0,0,0,0,0,0,0,5914,4,0,0,0,0,0,0,0,0
165,2017-04-19,09:01:22,0,SM705,XZCE,5912,5822,5914,3474,101815080,24464,25776,6136,5440,5788,5870,0,5856,0,0,0,2017-04-19,32482000,5912,19,0,0,0,0,0,0,0,0,5914,4,0,0,0,0,0,0,0,0
166,2017-04-19,09:01:23,0,SM705,XZCE,5914,5822,5914,3484,102110780,24464,25776,6136,5440,5788,5870,0,5856,0,0,0,2017-04-19,32483000,5914,13,0,0,0,0,0,0,0,0,5916,2,0,0,0,0,0,0,0,0
167,2017-04-19,09:01:23,0,SM705,XZCE,5914,5822,5914,3488,102229060,24466,25776,6136,5440,5788,5870,0,5856,0,0,0,2017-04-19,32483000,5914,11,0,0,0,0,0,0,0,0,5916,2,0,0,0,0,0,0,0,0
168,2017-04-19,09:01:24,0,SM705,XZCE,5914,5822,5914,3490,102288200,24466,25776,6136,5440,5788,5870,0,5856,0,0,0,2017-04-19,32484000,5914,13,0,0,0,0,0,0,0,0,5916,2,0,0,0,0,0,0,0,0
169,2017-04-19,09:01:24,0,SM705,XZCE,5916,5822,5916,3494,102406520,24462,25776,6136,5440,5788,5870,0,5856,0,0,0,2017-04-19,32484000,5916,17,0,0,0,0,0,0,0,0,5918,1,0,0,0,0,0,0,0,0
170,2017-04-19,09:01:25,0,SM705,XZCE,5916,5822,5916,3508,102820640,24448,25776,6136,5440,5788,5870,0,5856,0,0,0,2017-04-19,32485000,5916,30,0,0,0,0,0,0,0,0,5918,2,0,0,0,0,0,0,0,0
171,2017-04-19,09:01:25,0,SM705,XZCE,5918,5822,5918,3516,103057360,24452,25776,6136,5440,5788,5870,0,5856,0,0,0,2017-04-19,32485000,5916,30,0,0,0,0,0,0,0,0,5918,1,0,0,0,0,0,0,0,0
172,2017-04-19,09:01:26,0,SM705,XZCE,5928,5822,5928,3582,105013600,24440,25776,6136,5440,5788,5870,0,5856,0,0,0,2017-04-19,32486000,5920,6,0,0,0,0,0,0,0,0,5930,8,0,0,0,0,0,0,0,0
173,2017-04-19,09:01:26,0,SM705,XZCE,5930,5822,5930,3594,105369400,24440,25776,6136,5440,5788,5870,0,5856,0,0,0,2017-04-19,32486000,5922,2,0,0,0,0,0,0,0,0,5930,4,0,0,0,0,0,0,0,0
174,2017-04-19,09:01:27,0,SM705,XZCE,5928,5822,5944,3648,106969960,24420,25776,6136,5440,5788,5870,0,5856,0,0,0,2017-04-19,32487000,5926,4,0,0,0,0,0,0,0,0,5934,4,0,0,0,0,0,0,0,0
175,2017-04-19,09:01:27,0,SM705,XZCE,5932,5822,5944,3680,107919080,24404,25776,6136,5440,5788,5870,0,5856,0,0,0,2017-04-19,32487000,5932,6,0,0,0,0,0,0,0,0,5934,2,0,0,0,0,0,0,0,0
176,2017-04-19,09:01:28,0,SM705,XZCE,5918,5822,5944,3744,109812840,24386,25776,6136,5440,5788,5870,0,5856,0,0,0,2017-04-19,32488000,5916,64,0,0,0,0,0,0,0,0,5918,35,0,0,0,0,0,0,0,0
177,2017-04-19,09:01:28,0,SM705,XZCE,5918,5822,5944,3806,111647420,24374,25776,6136,5440,5788,5870,0,5856,0,0,0,2017-04-19,32488000,5916,60,0,0,0,0,0,0,0,0,5918,8,0,0,0,0,0,0,0,0
178,2017-04-19,09:01:29,0,SM705,XZCE,5918,5822,5944,3812,111824960,24370,25776,6136,5440,5788,5870,0,5856,0,0,0,2017-04-19,32489000,5916,60,0,0,0,0,0,0,0,0,5918,7,0,0,0,0,0,0,0,0
179,2017-04-19,09:01:29,0,SM705,XZCE,5918,5822,5944,3822,112120860,24370,25776,6136,5440,5788,5870,0,5856,0,0,0,2017-04-19,32489000,5916,60,0,0,0,0,0,0,0,0,5918,6,0,0,0,0,0,0,0,0
180,2017-04-19,09:01:30,0,SM705,XZCE,5928,5822,5944,3838,112595100,24378,25776,6136,5440,5788,5870,0,5856,0,0,0,2017-04-19,32490000,5922,2,0,0,0,0,0,0,0,0,5928,5,0,0,0,0,0,0,0,0
181,2017-04-19,09:01:30,0,SM705,XZCE,5928,5822,5944,3844,112772940,24384,25776,6136,5440,5788,5870,0,5856,0,0,0,2017-04-19,32490000,5920,5,0,0,0,0,0,0,0,0,5926,1,0,0,0,0,0,0,0,0
182,2017-04-19,09:01:31,0,SM705,XZCE,5920,5822,5944,3846,112832140,24384,25776,6136,5440,5788,5870,0,5856,0,0,0,2017-04-19,32491000,5920,4,0,0,0,0,0,0,0,0,5924,5,0,0,0,0,0,0,0,0
183,2017-04-19,09:01:31,0,SM705,XZCE,5920,5822,5944,3866,113424140,24376,25776,6136,5440,5788,5870,0,5856,0,0,0,2017-04-19,32491000,5920,3,0,0,0,0,0,0,0,0,5924,1,0,0,0,0,0,0,0,0
184,2017-04-19,09:01:32,0,SM705,XZCE,5928,5822,5944,3874,113661260,24376,25776,6136,5440,5788,5870,0,5856,0,0,0,2017-04-19,32492000,5920,2,0,0,0,0,0,0,0,0,5928,14,0,0,0,0,0,0,0,0
185,2017-04-19,09:01:32,0,SM705,XZCE,5924,5822,5944,3888,114075940,24376,25776,6136,5440,5788,5870,0,5856,0,0,0,2017-04-19,32492000,5918,17,0,0,0,0,0,0,0,0,5922,4,0,0,0,0,0,0,0,0
186,2017-04-19,09:01:33,0,SM705,XZCE,5918,5822,5944,3900,114431020,24376,25776,6136,5440,5788,5870,0,5856,0,0,0,2017-04-19,32493000,5918,14,0,0,0,0,0,0,0,0,5920,2,0,0,0,0,0,0,0,0
187,2017-04-19,09:01:33,0,SM705,XZCE,5920,5822,5944,3932,115378220,24354,25776,6136,5440,5788,5870,0,5856,0,0,0,2017-04-19,32493000,5920,3,0,0,0,0,0,0,0,0,5922,2,0,0,0,0,0,0,0,0
188,2017-04-19,09:01:34,0,SM705,XZCE,5922,5822,5944,3952,115970420,24348,25776,6136,5440,5788,5870,0,5856,0,0,0,2017-04-19,32494000,5920,20,0,0,0,0,0,0,0,0,5922,1,0,0,0,0,0,0,0,0
189,2017-04-19,09:01:35,0,SM705,XZCE,5920,5822,5944,3964,116325620,24348,25776,6136,5440,5788,5870,0,5856,0,0,0,2017-04-19,32495000,5920,14,0,0,0,0,0,0,0,0,5922,1,0,0,0,0,0,0,0,0
190,2017-04-19,09:01:36,0,SM705,XZCE,5920,5822,5944,3968,116444020,24352,25776,6136,5440,5788,5870,0,5856,0,0,0,2017-04-19,32496000,5920,12,0,0,0,0,0,0,0,0,5922,1,0,0,0,0,0,0,0,0
191,2017-04-19,09:01:36,0,SM705,XZCE,5920,5822,5944,3970,116503220,24352,25776,6136,5440,5788,5870,0,5856,0,0,0,2017-04-19,32496000,5920,11,0,0,0,0,0,0,0,0,5922,1,0,0,0,0,0,0,0,0
192,2017-04-19,09:01:37,0,SM705,XZCE,5922,5822,5944,3980,116799320,24352,25776,6136,5440,5788,5870,0,5856,0,0,0,2017-04-19,32497000,5922,2,0,0,0,0,0,0,0,0,5926,3,0,0,0,0,0,0,0,0
193,2017-04-19,09:01:37,0,SM705,XZCE,5924,5822,5944,3988,117036280,24352,25776,6136,5440,5788,5870,0,5856,0,0,0,2017-04-19,32497000,5922,3,0,0,0,0,0,0,0,0,5926,3,0,0,0,0,0,0,0,0
194,2017-04-19,09:01:38,0,SM705,XZCE,5922,5822,5944,3994,117213940,24356,25776,6136,5440,5788,5870,0,5856,0,0,0,2017-04-19,32498000,5920,8,0,0,0,0,0,0,0,0,5926,3,0,0,0,0,0,0,0,0
195,2017-04-19,09:01:39,0,SM705,XZCE,5920,5822,5944,4006,117569140,24366,25776,6136,5440,5788,5870,0,5856,0,0,0,2017-04-19,32499000,5920,2,0,0,0,0,0,0,0,0,5926,3,0,0,0,0,0,0,0,0
196,2017-04-19,09:01:39,0,SM705,XZCE,5920,5822,5944,4006,117569140,24366,25776,6136,5440,5788,5870,0,5856,0,0,0,2017-04-19,32499000,5920,3,0,0,0,0,0,0,0,0,5924,1,0,0,0,0,0,0,0,0
197,2017-04-19,09:01:40,0,SM705,XZCE,5924,5822,5944,4008,117628380,24366,25776,6136,5440,5788,5870,0,5856,0,0,0,2017-04-19,32500000,5920,5,0,0,0,0,0,0,0,0,5926,3,0,0,0,0,0,0,0,0
198,2017-04-19,09:01:40,0,SM705,XZCE,5926,5822,5944,4014,117806160,24368,25776,6136,5440,5788,5870,0,5856,0,0,0,2017-04-19,32500000,5920,5,0,0,0,0,0,0,0,0,5926,1,0,0,0,0,0,0,0,0
199,2017-04-19,09:01:41,0,SM705,XZCE,5926,5822,5944,4014,117806160,24368,25776,6136,5440,5788,5870,0,5856,0,0,0,2017-04-19,32501000,5920,5,0,0,0,0,0,0,0,0,5924,6,0,0,0,0,0,0,0,0
200,2017-04-19,09:01:41,0,SM705,XZCE,5924,5822,5944,4018,117924640,24372,25776,6136,5440,5788,5870,0,5856,0,0,0,2017-04-19,32501000,5920,4,0,0,0,0,0,0,0,0,5924,5,0,0,0,0,0,0,0,0
201,2017-04-19,09:01:42,0,SM705,XZCE,5920,5822,5944,4022,118043040,24374,25776,6136,5440,5788,5870,0,5856,0,0,0,2017-04-19,32502000,5920,3,0,0,0,0,0,0,0,0,5924,4,0,0,0,0,0,0,0,0
202,2017-04-19,09:01:42,0,SM705,XZCE,5924,5822,5944,4048,118813160,24360,25776,6136,5440,5788,5870,0,5856,0,0,0,2017-04-19,32502000,5918,24,0,0,0,0,0,0,0,0,5920,1,0,0,0,0,0,0,0,0
203,2017-04-19,09:01:43,0,SM705,XZCE,5920,5822,5944,4058,119109160,24364,25776,6136,5440,5788,5870,0,5856,0,0,0,2017-04-19,32503000,5918,24,0,0,0,0,0,0,0,0,5920,3,0,0,0,0,0,0,0,0
204,2017-04-19,09:01:43,0,SM705,XZCE,5918,5822,5944,4060,119168340,24366,25776,6136,5440,5788,5870,0,5856,0,0,0,2017-04-19,32503000,5918,23,0,0,0,0,0,0,0,0,5920,3,0,0,0,0,0,0,0,0
205,2017-04-19,09:01:44,0,SM705,XZCE,5918,5822,5944,4068,119405060,24368,25776,6136,5440,5788,5870,0,5856,0,0,0,2017-04-19,32504000,5918,24,0,0,0,0,0,0,0,0,5922,7,0,0,0,0,0,0,0,0
206,2017-04-19,09:01:44,0,SM705,XZCE,5922,5822,5944,4078,119701160,24370,25776,6136,5440,5788,5870,0,5856,0,0,0,2017-04-19,32504000,5918,24,0,0,0,0,0,0,0,0,5922,4,0,0,0,0,0,0,0,0
207,2017-04-19,09:01:45,0,SM705,XZCE,5918,5822,5944,4080,119760340,24372,25776,6136,5440,5788,5870,0,5856,0,0,0,2017-04-19,32505000,5918,23,0,0,0,0,0,0,0,0,5922,4,0,0,0,0,0,0,0,0
208,2017-04-19,09:01:45,0,SM705,XZCE,5922,5822,5944,4084,119878780,24372,25776,6136,5440,5788,5870,0,5856,0,0,0,2017-04-19,32505000,5920,1,0,0,0,0,0,0,0,0,5922,2,0,0,0,0,0,0,0,0
209,2017-04-19,09:01:45,0,SM705,XZCE,5920,5822,5944,4086,119937980,24372,25776,6136,5440,5788,5870,0,5856,0,0,0,2017-04-19,32505000,5918,23,0,0,0,0,0,0,0,0,5920,1,0,0,0,0,0,0,0,0
210,2017-04-19,09:01:46,0,SM705,XZCE,5920,5822,5944,4092,120115580,24374,25776,6136,5440,5788,5870,0,5856,0,0,0,2017-04-19,32506000,5918,24,0,0,0,0,0,0,0,0,5922,2,0,0,0,0,0,0,0,0
211,2017-04-19,09:01:47,0,SM705,XZCE,5920,5822,5944,4098,120293180,24374,25776,6136,5440,5788,5870,0,5856,0,0,0,2017-04-19,32507000,5920,2,0,0,0,0,0,0,0,0,5922,2,0,0,0,0,0,0,0,0
212,2017-04-19,09:01:47,0,SM705,XZCE,5922,5822,5944,4102,120411620,24370,25776,6136,5440,5788,5870,0,5856,0,0,0,2017-04-19,32507000,5922,3,0,0,0,0,0,0,0,0,5924,3,0,0,0,0,0,0,0,0
213,2017-04-19,09:01:48,0,SM705,XZCE,5918,5822,5944,4124,121062600,24360,25776,6136,5440,5788,5870,0,5856,0,0,0,2017-04-19,32508000,5918,15,0,0,0,0,0,0,0,0,5922,1,0,0,0,0,0,0,0,0
214,2017-04-19,09:01:48,0,SM705,XZCE,5918,5822,5944,4126,121121780,24360,25776,6136,5440,5788,5870,0,5856,0,0,0,2017-04-19,32508000,5918,14,0,0,0,0,0,0,0,0,5922,1,0,0,0,0,0,0,0,0
215,2017-04-19,09:01:48,0,SM705,XZCE,5918,5822,5944,4136,121417680,24364,25776,6136,5440,5788,5870,0,5856,0,0,0,2017-04-19,32508000,5918,10,0,0,0,0,0,0,0,0,5920,1,0,0,0,0,0,0,0,0
216,2017-04-19,09:01:49,0,SM705,XZCE,5918,5822,5944,4156,122009480,24362,25776,6136,5440,5788,5870,0,5856,0,0,0,2017-04-19,32509000,5916,20,0,0,0,0,0,0,0,0,5918,10,0,0,0,0,0,0,0,0
217,2017-04-19,09:01:49,0,SM705,XZCE,5918,5822,5944,4162,122187020,24356,25776,6136,5440,5788,5870,0,5856,0,0,0,2017-04-19,32509000,5916,20,0,0,0,0,0,0,0,0,5918,7,0,0,0,0,0,0,0,0
218,2017-04-19,09:01:50,0,SM705,XZCE,5918,5822,5944,4170,122423740,24348,25776,6136,5440,5788,5870,0,5856,0,0,0,2017-04-19,32510000,5916,20,0,0,0,0,0,0,0,0,5918,3,0,0,0,0,0,0,0,0
219,2017-04-19,09:01:51,0,SM705,XZCE,5918,5822,5944,4172,122482920,24348,25776,6136,5440,5788,5870,0,5856,0,0,0,2017-04-19,32511000,5916,20,0,0,0,0,0,0,0,0,5918,2,0,0,0,0,0,0,0,0
220,2017-04-19,09:01:51,0,SM705,XZCE,5918,5822,5944,4176,122601280,24350,25776,6136,5440,5788,5870,0,5856,0,0,0,2017-04-19,32511000,5916,19,0,0,0,0,0,0,0,0,5918,4,0,0,0,0,0,0,0,0
221,2017-04-19,09:01:52,0,SM705,XZCE,5916,5822,5944,4208,123547840,24362,25776,6136,5440,5788,5870,0,5856,0,0,0,2017-04-19,32512000,5916,3,0,0,0,0,0,0,0,0,5918,4,0,0,0,0,0,0,0,0
222,2017-04-19,09:01:52,0,SM705,XZCE,5916,5822,5944,4208,123547840,24362,25776,6136,5440,5788,5870,0,5856,0,0,0,2017-04-19,32512000,5916,3,0,0,0,0,0,0,0,0,5918,5,0,0,0,0,0,0,0,0
223,2017-04-19,09:01:53,0,SM705,XZCE,5916,5822,5944,4212,123666160,24362,25776,6136,5440,5788,5870,0,5856,0,0,0,2017-04-19,32513000,5916,1,0,0,0,0,0,0,0,0,5918,5,0,0,0,0,0,0,0,0
224,2017-04-19,09:01:53,0,SM705,XZCE,5918,5822,5944,4216,123784520,24364,25776,6136,5440,5788,5870,0,5856,0,0,0,2017-04-19,32513000,5916,2,0,0,0,0,0,0,0,0,5918,4,0,0,0,0,0,0,0,0
225,2017-04-19,09:01:54,0,SM705,XZCE,5918,5822,5944,4216,123784520,24364,25776,6136,5440,5788,5870,0,5856,0,0,0,2017-04-19,32514000,5916,2,0,0,0,0,0,0,0,0,5918,7,0,0,0,0,0,0,0,0
226,2017-04-19,09:01:54,0,SM705,XZCE,5918,5822,5944,4218,123843700,24366,25776,6136,5440,5788,5870,0,5856,0,0,0,2017-04-19,32514000,5916,2,0,0,0,0,0,0,0,0,5918,6,0,0,0,0,0,0,0,0
227,2017-04-19,09:01:55,0,SM705,XZCE,5916,5822,5944,4226,124080340,24366,25776,6136,5440,5788,5870,0,5856,0,0,0,2017-04-19,32515000,5914,25,0,0,0,0,0,0,0,0,5916,1,0,0,0,0,0,0,0,0
228,2017-04-19,09:01:55,0,SM705,XZCE,5918,5822,5944,4236,124376240,24366,25776,6136,5440,5788,5870,0,5856,0,0,0,2017-04-19,32515000,5918,1,0,0,0,0,0,0,0,0,5920,9,0,0,0,0,0,0,0,0
229,2017-04-19,09:01:56,0,SM705,XZCE,5920,5822,5944,4250,124790640,24368,25776,6136,5440,5788,5870,0,5856,0,0,0,2017-04-19,32516000,5918,7,0,0,0,0,0,0,0,0,5920,6,0,0,0,0,0,0,0,0
230,2017-04-19,09:01:56,0,SM705,XZCE,5920,5822,5944,4254,124909040,24364,25776,6136,5440,5788,5870,0,5856,0,0,0,2017-04-19,32516000,5918,17,0,0,0,0,0,0,0,0,5920,4,0,0,0,0,0,0,0,0
231,2017-04-19,09:01:57,0,SM705,XZCE,5914,5822,5944,4302,126328400,24356,25776,6136,5440,5788,5870,0,5856,0,0,0,2017-04-19,32517000,5914,21,0,0,0,0,0,0,0,0,5918,14,0,0,0,0,0,0,0,0
232,2017-04-19,09:01:58,0,SM705,XZCE,5918,5822,5944,4306,126446760,24356,25776,6136,5440,5788,5870,0,5856,0,0,0,2017-04-19,32518000,5914,21,0,0,0,0,0,0,0,0,5916,1,0,0,0,0,0,0,0,0
233,2017-04-19,09:01:58,0,SM705,XZCE,5914,5822,5944,4324,126979020,24354,25776,6136,5440,5788,5870,0,5856,0,0,0,2017-04-19,32518000,5914,13,0,0,0,0,0,0,0,0,5918,13,0,0,0,0,0,0,0,0
234,2017-04-19,09:01:59,0,SM705,XZCE,5916,5822,5944,4328,127097340,24350,25776,6136,5440,5788,5870,0,5856,0,0,0,2017-04-19,32519000,5914,13,0,0,0,0,0,0,0,0,5916,2,0,0,0,0,0,0,0,0
235,2017-04-19,09:01:59,0,SM705,XZCE,5916,5822,5944,4328,127097340,24350,25776,6136,5440,5788,5870,0,5856,0,0,0,2017-04-19,32519000,5914,13,0,0,0,0,0,0,0,0,5916,15,0,0,0,0,0,0,0,0
236,2017-04-19,09:02:00,0,SM705,XZCE,5914,5822,5944,4338,127393040,24350,25776,6136,5440,5788,5870,0,5856,0,0,0,2017-04-19,32520000,5914,8,0,0,0,0,0,0,0,0,5916,10,0,0,0,0,0,0,0,0
237,2017-04-19,09:02:00,0,SM705,XZCE,5914,5822,5944,4342,127511320,24354,25776,6136,5440,5788,5870,0,5856,0,0,0,2017-04-19,32520000,5914,6,0,0,0,0,0,0,0,0,5916,10,0,0,0,0,0,0,0,0
238,2017-04-19,09:02:01,0,SM705,XZCE,5914,5822,5944,4356,127925300,24352,25776,6136,5440,5788,5870,0,5856,0,0,0,2017-04-19,32521000,5910,21,0,0,0,0,0,0,0,0,5916,10,0,0,0,0,0,0,0,0
239,2017-04-19,09:02:01,0,SM705,XZCE,5914,5822,5944,4356,127925300,24352,25776,6136,5440,5788,5870,0,5856,0,0,0,2017-04-19,32521000,5912,2,0,0,0,0,0,0,0,0,5916,10,0,0,0,0,0,0,0,0
240,2017-04-19,09:02:02,0,SM705,XZCE,5912,5822,5944,4374,128457380,24336,25776,6136,5440,5788,5870,0,5856,0,0,0,2017-04-19,32522000,5910,14,0,0,0,0,0,0,0,0,5912,11,0,0,0,0,0,0,0,0
241,2017-04-19,09:02:02,0,SM705,XZCE,5910,5822,5944,4412,129580280,24320,25776,6136,5440,5788,5870,0,5856,0,0,0,2017-04-19,32522000,5908,8,0,0,0,0,0,0,0,0,5910,2,0,0,0,0,0,0,0,0
242,2017-04-19,09:02:03,0,SM705,XZCE,5908,5822,5944,4426,129993840,24310,25776,6136,5440,5788,5870,0,5856,0,0,0,2017-04-19,32523000,5908,6,0,0,0,0,0,0,0,0,5912,10,0,0,0,0,0,0,0,0
243,2017-04-19,09:02:03,0,SM705,XZCE,5908,5822,5944,4434,130230160,24306,25776,6136,5440,5788,5870,0,5856,0,0,0,2017-04-19,32523000,5908,3,0,0,0,0,0,0,0,0,5910,3,0,0,0,0,0,0,0,0
244,2017-04-19,09:02:04,0,SM705,XZCE,5908,5822,5944,4440,130407400,24300,25776,6136,5440,5788,5870,0,5856,0,0,0,2017-04-19,32524000,5906,1,0,0,0,0,0,0,0,0,5908,4,0,0,0,0,0,0,0,0
245,2017-04-19,09:02:04,0,SM705,XZCE,5908,5822,5944,4442,130466480,24298,25776,6136,5440,5788,5870,0,5856,0,0,0,2017-04-19,32524000,5906,1,0,0,0,0,0,0,0,0,5908,3,0,0,0,0,0,0,0,0
246,2017-04-19,09:02:05,0,SM705,XZCE,5908,5822,5944,4444,130525560,24296,25776,6136,5440,5788,5870,0,5856,0,0,0,2017-04-19,32525000,5906,1,0,0,0,0,0,0,0,0,5908,3,0,0,0,0,0,0,0,0
247,2017-04-19,09:02:05,0,SM705,XZCE,5906,5822,5944,4476,131470520,24282,25776,6136,5440,5788,5870,0,5856,0,0,0,2017-04-19,32525000,5902,1,0,0,0,0,0,0,0,0,5906,1,0,0,0,0,0,0,0,0
248,2017-04-19,09:02:06,0,SM705,XZCE,5906,5822,5944,4484,131706760,24280,25776,6136,5440,5788,5870,0,5856,0,0,0,2017-04-19,32526000,5902,1,0,0,0,0,0,0,0,0,5908,5,0,0,0,0,0,0,0,0
249,2017-04-19,09:02:06,0,SM705,XZCE,5906,5822,5944,4490,131883940,24276,25776,6136,5440,5788,5870,0,5856,0,0,0,2017-04-19,32526000,5902,1,0,0,0,0,0,0,0,0,5906,5,0,0,0,0,0,0,0,0
250,2017-04-19,09:02:07,0,SM705,XZCE,5908,5822,5944,4512,132533820,24264,25776,6136,5440,5788,5870,0,5856,0,0,0,2017-04-19,32527000,5908,12,0,0,0,0,0,0,0,0,5910,5,0,0,0,0,0,0,0,0
251,2017-04-19,09:02:07,0,SM705,XZCE,5910,5822,5944,4550,133656720,24266,25776,6136,5440,5788,5870,0,5856,0,0,0,2017-04-19,32527000,5910,3,0,0,0,0,0,0,0,0,5912,9,0,0,0,0,0,0,0,0
252,2017-04-19,09:02:08,0,SM705,XZCE,5902,5822,5944,4572,134305940,24278,25776,6136,5440,5788,5870,0,5856,0,0,0,2017-04-19,32528000,5900,18,0,0,0,0,0,0,0,0,5904,2,0,0,0,0,0,0,0,0
253,2017-04-19,09:02:08,0,SM705,XZCE,5900,5822,5944,4574,134364940,24278,25776,6136,5440,5788,5870,0,5856,0,0,0,2017-04-19,32528000,5900,18,0,0,0,0,0,0,0,0,5904,2,0,0,0,0,0,0,0,0
254,2017-04-19,09:02:09,0,SM705,XZCE,5902,5822,5944,4582,134601020,24272,25776,6136,5440,5788,5870,0,5856,0,0,0,2017-04-19,32529000,5900,18,0,0,0,0,0,0,0,0,5902,3,0,0,0,0,0,0,0,0
255,2017-04-19,09:02:09,0,SM705,XZCE,5900,5822,5944,4586,134719020,24272,25776,6136,5440,5788,5870,0,5856,0,0,0,2017-04-19,32529000,5900,17,0,0,0,0,0,0,0,0,5902,3,0,0,0,0,0,0,0,0
256,2017-04-19,09:02:10,0,SM705,XZCE,5902,5822,5944,4590,134837060,24268,25776,6136,5440,5788,5870,0,5856,0,0,0,2017-04-19,32530000,5900,18,0,0,0,0,0,0,0,0,5902,1,0,0,0,0,0,0,0,0
257,2017-04-19,09:02:10,0,SM705,XZCE,5906,5822,5944,4598,135073300,24270,25776,6136,5440,5788,5870,0,5856,0,0,0,2017-04-19,32530000,5908,1,0,0,0,0,0,0,0,0,5912,9,0,0,0,0,0,0,0,0
258,2017-04-19,09:02:11,0,SM705,XZCE,5908,5822,5944,4600,135132380,24270,25776,6136,5440,5788,5870,0,5856,0,0,0,2017-04-19,32531000,5902,6,0,0,0,0,0,0,0,0,5908,5,0,0,0,0,0,0,0,0
259,2017-04-19,09:02:11,0,SM705,XZCE,5908,5822,5944,4600,135132380,24270,25776,6136,5440,5788,5870,0,5856,0,0,0,2017-04-19,32531000,5902,4,0,0,0,0,0,0,0,0,5908,5,0,0,0,0,0,0,0,0
260,2017-04-19,09:02:12,0,SM705,XZCE,5902,5822,5944,4604,135250420,24274,25776,6136,5440,5788,5870,0,5856,0,0,0,2017-04-19,32532000,5902,3,0,0,0,0,0,0,0,0,5906,2,0,0,0,0,0,0,0,0
261,2017-04-19,09:02:14,0,SM705,XZCE,5902,5822,5944,4620,135722580,24278,25776,6136,5440,5788,5870,0,5856,0,0,0,2017-04-19,32534000,5900,19,0,0,0,0,0,0,0,0,5902,1,0,0,0,0,0,0,0,0
262,2017-04-19,09:02:14,0,SM705,XZCE,5902,5822,5944,4622,135781600,24280,25776,6136,5440,5788,5870,0,5856,0,0,0,2017-04-19,32534000,5900,19,0,0,0,0,0,0,0,0,5904,4,0,0,0,0,0,0,0,0
263,2017-04-19,09:02:15,0,SM705,XZCE,5904,5822,5944,4626,135899680,24280,25776,6136,5440,5788,5870,0,5856,0,0,0,2017-04-19,32535000,5900,20,0,0,0,0,0,0,0,0,5904,2,0,0,0,0,0,0,0,0
264,2017-04-19,09:02:16,0,SM705,XZCE,5904,5822,5944,4626,135899680,24280,25776,6136,5440,5788,5870,0,5856,0,0,0,2017-04-19,32536000,5902,1,0,0,0,0,0,0,0,0,5904,2,0,0,0,0,0,0,0,0
265,2017-04-19,09:02:16,0,SM705,XZCE,5904,5822,5944,4630,136017760,24276,25776,6136,5440,5788,5870,0,5856,0,0,0,2017-04-19,32536000,5900,20,0,0,0,0,0,0,0,0,5904,1,0,0,0,0,0,0,0,0
266,2017-04-19,09:02:17,0,SM705,XZCE,5904,5822,5944,4636,136194880,24276,25776,6136,5440,5788,5870,0,5856,0,0,0,2017-04-19,32537000,5902,7,0,0,0,0,0,0,0,0,5908,2,0,0,0,0,0,0,0,0
267,2017-04-19,09:02:18,0,SM705,XZCE,5902,5822,5944,4652,136667040,24274,25776,6136,5440,5788,5870,0,5856,0,0,0,2017-04-19,32538000,5900,19,0,0,0,0,0,0,0,0,5902,17,0,0,0,0,0,0,0,0
268,2017-04-19,09:02:18,0,SM705,XZCE,5902,5822,5944,4654,136726060,24272,25776,6136,5440,5788,5870,0,5856,0,0,0,2017-04-19,32538000,5900,19,0,0,0,0,0,0,0,0,5902,16,0,0,0,0,0,0,0,0
269,2017-04-19,09:02:20,0,SM705,XZCE,5902,5822,5944,4654,136726060,24272,25776,6136,5440,5788,5870,0,5856,0,0,0,2017-04-19,32540000,5900,19,0,0,0,0,0,0,0,0,5902,26,0,0,0,0,0,0,0,0
270,2017-04-19,09:02:20,0,SM705,XZCE,5898,5822,5944,4708,138318520,24280,25776,6136,5440,5788,5870,0,5856,0,0,0,2017-04-19,32540000,5898,6,0,0,0,0,0,0,0,0,5902,18,0,0,0,0,0,0,0,0
271,2017-04-19,09:02:21,0,SM705,XZCE,5898,5822,5944,4712,138436480,24278,25776,6136,5440,5788,5870,0,5856,0,0,0,2017-04-19,32541000,5898,3,0,0,0,0,0,0,0,0,5902,18,0,0,0,0,0,0,0,0
272,2017-04-19,09:02:21,0,SM705,XZCE,5900,5822,5944,4716,138554480,24278,25776,6136,5440,5788,5870,0,5856,0,0,0,2017-04-19,32541000,5900,5,0,0,0,0,0,0,0,0,5902,18,0,0,0,0,0,0,0,0
273,2017-04-19,09:02:22,0,SM705,XZCE,5900,5822,5944,4720,138672480,24278,25776,6136,5440,5788,5870,0,5856,0,0,0,2017-04-19,32542000,5900,3,0,0,0,0,0,0,0,0,5902,18,0,0,0,0,0,0,0,0
274,2017-04-19,09:02:23,0,SM705,XZCE,5900,5822,5944,4730,138967480,24278,25776,6136,5440,5788,5870,0,5856,0,0,0,2017-04-19,32543000,5898,1,0,0,0,0,0,0,0,0,5902,18,0,0,0,0,0,0,0,0
275,2017-04-19,09:02:24,0,SM705,XZCE,5900,5822,5944,4732,139026480,24280,25776,6136,5440,5788,5870,0,5856,0,0,0,2017-04-19,32544000,5898,1,0,0,0,0,0,0,0,0,5900,3,0,0,0,0,0,0,0,0
276,2017-04-19,09:02:24,0,SM705,XZCE,5900,5822,5944,4732,139026480,24280,25776,6136,5440,5788,5870,0,5856,0,0,0,2017-04-19,32544000,5898,1,0,0,0,0,0,0,0,0,5900,12,0,0,0,0,0,0,0,0
277,2017-04-19,09:02:25,0,SM705,XZCE,5902,5822,5944,4794,140856100,24240,25776,6136,5440,5788,5870,0,5856,0,0,0,2017-04-19,32545000,5902,20,0,0,0,0,0,0,0,0,5908,4,0,0,0,0,0,0,0,0
278,2017-04-19,09:02:26,0,SM705,XZCE,5902,5822,5944,4794,140856100,24240,25776,6136,5440,5788,5870,0,5856,0,0,0,2017-04-19,32546000,5904,4,0,0,0,0,0,0,0,0,5908,4,0,0,0,0,0,0,0,0
279,2017-04-19,09:02:26,0,SM705,XZCE,5908,5822,5944,4798,140974260,24238,25776,6136,5440,5788,5870,0,5856,0,0,0,2017-04-19,32546000,5904,3,0,0,0,0,0,0,0,0,5908,3,0,0,0,0,0,0,0,0
280,2017-04-19,09:02:27,0,SM705,XZCE,5904,5822,5944,4808,141269460,24246,25776,6136,5440,5788,5870,0,5856,0,0,0,2017-04-19,32547000,5902,20,0,0,0,0,0,0,0,0,5908,3,0,0,0,0,0,0,0,0
281,2017-04-19,09:02:28,0,SM705,XZCE,5904,5822,5944,4808,141269460,24246,25776,6136,5440,5788,5870,0,5856,0,0,0,2017-04-19,32548000,5902,21,0,0,0,0,0,0,0,0,5904,1,0,0,0,0,0,0,0,0
282,2017-04-19,09:02:28,0,SM705,XZCE,5908,5822,5944,4816,141505780,24252,25776,6136,5440,5788,5870,0,5856,0,0,0,2017-04-19,32548000,5908,26,0,0,0,0,0,0,0,0,5910,1,0,0,0,0,0,0,0,0
283,2017-04-19,09:02:30,0,SM705,XZCE,5908,5822,5944,4818,141564860,24252,25776,6136,5440,5788,5870,0,5856,0,0,0,2017-04-19,32550000,5908,25,0,0,0,0,0,0,0,0,5910,1,0,0,0,0,0,0,0,0
284,2017-04-19,09:02:31,0,SM705,XZCE,5908,5822,5944,4828,141860260,24256,25776,6136,5440,5788,5870,0,5856,0,0,0,2017-04-19,32551000,5908,20,0,0,0,0,0,0,0,0,5910,1,0,0,0,0,0,0,0,0
285,2017-04-19,09:02:31,0,SM705,XZCE,5908,5822,5944,4836,142096580,24260,25776,6136,5440,5788,5870,0,5856,0,0,0,2017-04-19,32551000,5908,16,0,0,0,0,0,0,0,0,5910,1,0,0,0,0,0,0,0,0
286,2017-04-19,09:02:32,0,SM705,XZCE,5908,5822,5944,4838,142155660,24260,25776,6136,5440,5788,5870,0,5856,0,0,0,2017-04-19,32552000,5908,15,0,0,0,0,0,0,0,0,5910,1,0,0,0,0,0,0,0,0
287,2017-04-19,09:02:33,0,SM705,XZCE,5910,5822,5944,4844,142332960,24256,25776,6136,5440,5788,5870,0,5856,0,0,0,2017-04-19,32553000,5910,3,0,0,0,0,0,0,0,0,5912,9,0,0,0,0,0,0,0,0
288,2017-04-19,09:02:35,0,SM705,XZCE,5910,5822,5944,4850,142510260,24250,25776,6136,5440,5788,5870,0,5856,0,0,0,2017-04-19,32555000,5908,15,0,0,0,0,0,0,0,0,5912,9,0,0,0,0,0,0,0,0
289,2017-04-19,09:02:35,0,SM705,XZCE,5910,5822,5944,4850,142510260,24250,25776,6136,5440,5788,5870,0,5856,0,0,0,2017-04-19,32555000,5908,15,0,0,0,0,0,0,0,0,5910,1,0,0,0,0,0,0,0,0
290,2017-04-19,09:02:36,0,SM705,XZCE,5910,5822,5944,4860,142805760,24244,25776,6136,5440,5788,5870,0,5856,0,0,0,2017-04-19,32556000,5910,9,0,0,0,0,0,0,0,0,5912,6,0,0,0,0,0,0,0,0
291,2017-04-19,09:02:36,0,SM705,XZCE,5910,5822,5944,4862,142864860,24246,25776,6136,5440,5788,5870,0,5856,0,0,0,2017-04-19,32556000,5910,8,0,0,0,0,0,0,0,0,5912,11,0,0,0,0,0,0,0,0
292,2017-04-19,09:02:37,0,SM705,XZCE,5910,5822,5944,4862,142864860,24246,25776,6136,5440,5788,5870,0,5856,0,0,0,2017-04-19,32557000,5910,8,0,0,0,0,0,0,0,0,5912,8,0,0,0,0,0,0,0,0
293,2017-04-19,09:02:37,0,SM705,XZCE,5910,5822,5944,4868,143042160,24246,25776,6136,5440,5788,5870,0,5856,0,0,0,2017-04-19,32557000,5910,7,0,0,0,0,0,0,0,0,5912,4,0,0,0,0,0,0,0,0
294,2017-04-19,09:02:38,0,SM705,XZCE,5910,5822,5944,4872,143160360,24250,25776,6136,5440,5788,5870,0,5856,0,0,0,2017-04-19,32558000,5910,5,0,0,0,0,0,0,0,0,5912,12,0,0,0,0,0,0,0,0
295,2017-04-19,09:02:38,0,SM705,XZCE,5912,5822,5944,4890,143692440,24252,25776,6136,5440,5788,5870,0,5856,0,0,0,2017-04-19,32558000,5908,15,0,0,0,0,0,0,0,0,5910,18,0,0,0,0,0,0,0,0
296,2017-04-19,09:02:39,0,SM705,XZCE,5908,5822,5944,4920,144578640,24252,25776,6136,5440,5788,5870,0,5856,0,0,0,2017-04-19,32559000,5906,1,0,0,0,0,0,0,0,0,5908,1,0,0,0,0,0,0,0,0
297,2017-04-19,09:02:39,0,SM705,XZCE,5908,5822,5944,4920,144578640,24252,25776,6136,5440,5788,5870,0,5856,0,0,0,2017-04-19,32559000,5906,1,0,0,0,0,0,0,0,0,5912,7,0,0,0,0,0,0,0,0
298,2017-04-19,09:02:40,0,SM705,XZCE,5906,5822,5944,4924,144696760,24254,25776,6136,5440,5788,5870,0,5856,0,0,0,2017-04-19,32560000,5904,1,0,0,0,0,0,0,0,0,5908,4,0,0,0,0,0,0,0,0
299,2017-04-19,09:02:40,0,SM705,XZCE,5906,5822,5944,4924,144696760,24254,25776,6136,5440,5788,5870,0,5856,0,0,0,2017-04-19,32560000,5904,1,0,0,0,0,0,0,0,0,5906,2,0,0,0,0,0,0,0,0
300,2017-04-19,09:02:41,0,SM705,XZCE,5906,5822,5944,4926,144755820,24252,25776,6136,5440,5788,5870,0,5856,0,0,0,2017-04-19,32561000,5904,1,0,0,0,0,0,0,0,0,5906,1,0,0,0,0,0,0,0,0
301,2017-04-19,09:02:42,0,SM705,XZCE,5906,5822,5944,4928,144814880,24250,25776,6136,5440,5788,5870,0,5856,0,0,0,2017-04-19,32562000,5906,1,0,0,0,0,0,0,0,0,5908,8,0,0,0,0,0,0,0,0
302,2017-04-19,09:02:42,0,SM705,XZCE,5906,5822,5944,4930,144873940,24250,25776,6136,5440,5788,5870,0,5856,0,0,0,2017-04-19,32562000,5904,1,0,0,0,0,0,0,0,0,5906,3,0,0,0,0,0,0,0,0
303,2017-04-19,09:02:44,0,SM705,XZCE,5906,5822,5944,4930,144873940,24250,25776,6136,5440,5788,5870,0,5856,0,0,0,2017-04-19,32564000,5904,1,0,0,0,0,0,0,0,0,5906,1,0,0,0,0,0,0,0,0
304,2017-04-19,09:02:44,0,SM705,XZCE,5906,5822,5944,4930,144873940,24250,25776,6136,5440,5788,5870,0,5856,0,0,0,2017-04-19,32564000,5904,1,0,0,0,0,0,0,0,0,5908,3,0,0,0,0,0,0,0,0
305,2017-04-19,09:02:44,0,SM705,XZCE,5906,5822,5944,4930,144873940,24250,25776,6136,5440,5788,5870,0,5856,0,0,0,2017-04-19,32564000,5904,1,0,0,0,0,0,0,0,0,5910,10,0,0,0,0,0,0,0,0
306,2017-04-19,09:02:46,0,SM705,XZCE,5910,5822,5944,4932,144933040,24250,25776,6136,5440,5788,5870,0,5856,0,0,0,2017-04-19,32566000,5904,11,0,0,0,0,0,0,0,0,5910,9,0,0,0,0,0,0,0,0
307,2017-04-19,09:02:46,0,SM705,XZCE,5906,5822,5944,4934,144992100,24250,25776,6136,5440,5788,5870,0,5856,0,0,0,2017-04-19,32566000,5906,2,0,0,0,0,0,0,0,0,5910,8,0,0,0,0,0,0,0,0
308,2017-04-19,09:02:47,0,SM705,XZCE,5910,5822,5944,4950,145464900,24242,25776,6136,5440,5788,5870,0,5856,0,0,0,2017-04-19,32567000,5910,1,0,0,0,0,0,0,0,0,5912,2,0,0,0,0,0,0,0,0
309,2017-04-19,09:02:47,0,SM705,XZCE,5910,5822,5944,4952,145524000,24242,25776,6136,5440,5788,5870,0,5856,0,0,0,2017-04-19,32567000,5906,2,0,0,0,0,0,0,0,0,5910,1,0,0,0,0,0,0,0,0
310,2017-04-19,09:02:48,0,SM705,XZCE,5910,5822,5944,4952,145524000,24242,25776,6136,5440,5788,5870,0,5856,0,0,0,2017-04-19,32568000,5906,6,0,0,0,0,0,0,0,0,5910,1,0,0,0,0,0,0,0,0
311,2017-04-19,09:02:48,0,SM705,XZCE,5910,5822,5944,4952,145524000,24242,25776,6136,5440,5788,5870,0,5856,0,0,0,2017-04-19,32568000,5906,10,0,0,0,0,0,0,0,0,5910,1,0,0,0,0,0,0,0,0
312,2017-04-19,09:02:50,0,SM705,XZCE,5910,5822,5944,4954,145583100,24244,25776,6136,5440,5788,5870,0,5856,0,0,0,2017-04-19,32570000,5908,5,0,0,0,0,0,0,0,0,5912,2,0,0,0,0,0,0,0,0
313,2017-04-19,09:02:50,0,SM705,XZCE,5908,5822,5944,4956,145642180,24242,25776,6136,5440,5788,5870,0,5856,0,0,0,2017-04-19,32570000,5908,4,0,0,0,0,0,0,0,0,5910,1,0,0,0,0,0,0,0,0
314,2017-04-19,09:02:51,0,SM705,XZCE,5906,5822,5944,4990,146646200,24266,25776,6136,5440,5788,5870,0,5856,0,0,0,2017-04-19,32571000,5904,11,0,0,0,0,0,0,0,0,5910,1,0,0,0,0,0,0,0,0
315,2017-04-19,09:02:52,0,SM705,XZCE,5910,5822,5944,5004,147059900,24254,25776,6136,5440,5788,5870,0,5856,0,0,0,2017-04-19,32572000,5906,4,0,0,0,0,0,0,0,0,5912,22,0,0,0,0,0,0,0,0
316,2017-04-19,09:02:52,0,SM705,XZCE,5910,5822,5944,5006,147119000,24254,25776,6136,5440,5788,5870,0,5856,0,0,0,2017-04-19,32572000,5910,5,0,0,0,0,0,0,0,0,5912,22,0,0,0,0,0,0,0,0
317,2017-04-19,09:02:53,0,SM705,XZCE,5910,5822,5944,5016,147414500,24250,25776,6136,5440,5788,5870,0,5856,0,0,0,2017-04-19,32573000,5906,4,0,0,0,0,0,0,0,0,5910,2,0,0,0,0,0,0,0,0
318,2017-04-19,09:02:53,0,SM705,XZCE,5912,5822,5944,5026,147710100,24242,25776,6136,5440,5788,5870,0,5856,0,0,0,2017-04-19,32573000,5910,2,0,0,0,0,0,0,0,0,5912,22,0,0,0,0,0,0,0,0
319,2017-04-19,09:02:54,0,SM705,XZCE,5912,5822,5944,5026,147710100,24242,25776,6136,5440,5788,5870,0,5856,0,0,0,2017-04-19,32574000,5910,3,0,0,0,0,0,0,0,0,5912,20,0,0,0,0,0,0,0,0
320,2017-04-19,09:02:54,0,SM705,XZCE,5910,5822,5944,5032,147887400,24238,25776,6136,5440,5788,5870,0,5856,0,0,0,2017-04-19,32574000,5908,1,0,0,0,0,0,0,0,0,5912,21,0,0,0,0,0,0,0,0
321,2017-04-19,09:02:56,0,SM705,XZCE,5910,5822,5944,5032,147887400,24238,25776,6136,5440,5788,5870,0,5856,0,0,0,2017-04-19,32576000,5908,1,0,0,0,0,0,0,0,0,5910,2,0,0,0,0,0,0,0,0
322,2017-04-19,09:02:56,0,SM705,XZCE,5910,5822,5944,5032,147887400,24238,25776,6136,5440,5788,5870,0,5856,0,0,0,2017-04-19,32576000,5908,3,0,0,0,0,0,0,0,0,5910,2,0,0,0,0,0,0,0,0
323,2017-04-19,09:02:56,0,SM705,XZCE,5908,5822,5944,5038,148064640,24232,25776,6136,5440,5788,5870,0,5856,0,0,0,2017-04-19,32576000,5904,11,0,0,0,0,0,0,0,0,5908,27,0,0,0,0,0,0,0,0
324,2017-04-19,09:02:59,0,SM705,XZCE,5908,5822,5944,5038,148064640,24232,25776,6136,5440,5788,5870,0,5856,0,0,0,2017-04-19,32579000,5904,11,0,0,0,0,0,0,0,0,5908,28,0,0,0,0,0,0,0,0
325,2017-04-19,09:02:59,0,SM705,XZCE,5904,5822,5944,5040,148123680,24232,25776,6136,5440,5788,5870,0,5856,0,0,0,2017-04-19,32579000,5904,10,0,0,0,0,0,0,0,0,5906,4,0,0,0,0,0,0,0,0
326,2017-04-19,09:03:00,0,SM705,XZCE,5906,5822,5944,5042,148182740,24232,25776,6136,5440,5788,5870,0,5856,0,0,0,2017-04-19,32580000,5904,10,0,0,0,0,0,0,0,0,5906,3,0,0,0,0,0,0,0,0
327,2017-04-19,09:03:00,0,SM705,XZCE,5906,5822,5944,5042,148182740,24232,25776,6136,5440,5788,5870,0,5856,0,0,0,2017-04-19,32580000,5904,10,0,0,0,0,0,0,0,0,5908,28,0,0,0,0,0,0,0,0
328,2017-04-19,09:03:01,0,SM705,XZCE,5908,5822,5944,5044,148241820,24230,25776,6136,5440,5788,5870,0,5856,0,0,0,2017-04-19,32581000,5906,6,0,0,0,0,0,0,0,0,5908,27,0,0,0,0,0,0,0,0
329,2017-04-19,09:03:01,0,SM705,XZCE,5908,5822,5944,5058,148655380,24224,25776,6136,5440,5788,5870,0,5856,0,0,0,2017-04-19,32581000,5906,6,0,0,0,0,0,0,0,0,5908,22,0,0,0,0,0,0,0,0
330,2017-04-19,09:03:02,0,SM705,XZCE,5908,5822,5944,5058,148655380,24224,25776,6136,5440,5788,5870,0,5856,0,0,0,2017-04-19,32582000,5906,8,0,0,0,0,0,0,0,0,5908,22,0,0,0,0,0,0,0,0
331,2017-04-19,09:03:02,0,SM705,XZCE,5908,5822,5944,5060,148714460,24222,25776,6136,5440,5788,5870,0,5856,0,0,0,2017-04-19,32582000,5906,8,0,0,0,0,0,0,0,0,5908,21,0,0,0,0,0,0,0,0
332,2017-04-19,09:03:03,0,SM705,XZCE,5908,5822,5944,5074,149128020,24222,25776,6136,5440,5788,5870,0,5856,0,0,0,2017-04-19,32583000,5906,8,0,0,0,0,0,0,0,0,5908,14,0,0,0,0,0,0,0,0
333,2017-04-19,09:03:03,0,SM705,XZCE,5908,5822,5944,5074,149128020,24222,25776,6136,5440,5788,5870,0,5856,0,0,0,2017-04-19,32583000,5906,9,0,0,0,0,0,0,0,0,5908,14,0,0,0,0,0,0,0,0
334,2017-04-19,09:03:04,0,SM705,XZCE,5908,5822,5944,5094,149718820,24220,25776,6136,5440,5788,5870,0,5856,0,0,0,2017-04-19,32584000,5906,11,0,0,0,0,0,0,0,0,5908,5,0,0,0,0,0,0,0,0
335,2017-04-19,09:03:04,0,SM705,XZCE,5908,5822,5944,5104,150014220,24220,25776,6136,5440,5788,5870,0,5856,0,0,0,2017-04-19,32584000,5908,15,0,0,0,0,0,0,0,0,5910,4,0,0,0,0,0,0,0,0
336,2017-04-19,09:03:05,0,SM705,XZCE,5910,5822,5944,5120,150487020,24212,25776,6136,5440,5788,5870,0,5856,0,0,0,2017-04-19,32585000,5910,7,0,0,0,0,0,0,0,0,5912,30,0,0,0,0,0,0,0,0
337,2017-04-19,09:03:05,0,SM705,XZCE,5912,5822,5944,5164,151787660,24222,25776,6136,5440,5788,5870,0,5856,0,0,0,2017-04-19,32585000,5910,1,0,0,0,0,0,0,0,0,5912,8,0,0,0,0,0,0,0,0
338,2017-04-19,09:03:06,0,SM705,XZCE,5906,5822,5944,5178,152201080,24234,25776,6136,5440,5788,5870,0,5856,0,0,0,2017-04-19,32586000,5906,5,0,0,0,0,0,0,0,0,5912,8,0,0,0,0,0,0,0,0
339,2017-04-19,09:03:06,0,SM705,XZCE,5906,5822,5944,5178,152201080,24234,25776,6136,5440,5788,5870,0,5856,0,0,0,2017-04-19,32586000,5908,1,0,0,0,0,0,0,0,0,5912,8,0,0,0,0,0,0,0,0
340,2017-04-19,09:03:07,0,SM705,XZCE,5906,5822,5944,5178,152201080,24234,25776,6136,5440,5788,5870,0,5856,0,0,0,2017-04-19,32587000,5908,5,0,0,0,0,0,0,0,0,5912,8,0,0,0,0,0,0,0,0
341,2017-04-19,09:03:07,0,SM705,XZCE,5912,5822,5944,5188,152496680,24244,25776,6136,5440,5788,5870,0,5856,0,0,0,2017-04-19,32587000,5908,6,0,0,0,0,0,0,0,0,5912,3,0,0,0,0,0,0,0,0
342,2017-04-19,09:03:07,0,SM705,XZCE,5908,5822,5944,5190,152555760,24246,25776,6136,5440,5788,5870,0,5856,0,0,0,2017-04-19,32587000,5908,5,0,0,0,0,0,0,0,0,5912,3,0,0,0,0,0,0,0,0
343,2017-04-19,09:03:08,0,SM705,XZCE,5912,5822,5944,5196,152733120,24252,25776,6136,5440,5788,5870,0,5856,0,0,0,2017-04-19,32588000,5912,8,0,0,0,0,0,0,0,0,5914,4,0,0,0,0,0,0,0,0
344,2017-04-19,09:03:09,0,SM705,XZCE,5912,5822,5944,5204,152969600,24252,25776,6136,5440,5788,5870,0,5856,0,0,0,2017-04-19,32589000,5912,6,0,0,0,0,0,0,0,0,5914,4,0,0,0,0,0,0,0,0
345,2017-04-19,09:03:09,0,SM705,XZCE,5914,5822,5944,5212,153206160,24252,25776,6136,5440,5788,5870,0,5856,0,0,0,2017-04-19,32589000,5914,1,0,0,0,0,0,0,0,0,5916,1,0,0,0,0,0,0,0,0
346,2017-04-19,09:03:10,0,SM705,XZCE,5914,5822,5944,5212,153206160,24252,25776,6136,5440,5788,5870,0,5856,0,0,0,2017-04-19,32590000,5914,2,0,0,0,0,0,0,0,0,5916,1,0,0,0,0,0,0,0,0
347,2017-04-19,09:03:10,0,SM705,XZCE,5914,5822,5944,5212,153206160,24252,25776,6136,5440,5788,5870,0,5856,0,0,0,2017-04-19,32590000,5914,3,0,0,0,0,0,0,0,0,5916,5,0,0,0,0,0,0,0,0
348,2017-04-19,09:03:11,0,SM705,XZCE,5914,5822,5944,5212,153206160,24252,25776,6136,5440,5788,5870,0,5856,0,0,0,2017-04-19,32591000,5914,3,0,0,0,0,0,0,0,0,5916,12,0,0,0,0,0,0,0,0
349,2017-04-19,09:03:11,0,SM705,XZCE,5912,5822,5944,5220,153442640,24254,25776,6136,5440,5788,5870,0,5856,0,0,0,2017-04-19,32591000,5912,5,0,0,0,0,0,0,0,0,5916,12,0,0,0,0,0,0,0,0
350,2017-04-19,09:03:12,0,SM705,XZCE,5912,5822,5944,5222,153501760,24254,25776,6136,5440,5788,5870,0,5856,0,0,0,2017-04-19,32592000,5912,4,0,0,0,0,0,0,0,0,5916,12,0,0,0,0,0,0,0,0
351,2017-04-19,09:03:13,0,SM705,XZCE,5912,5822,5944,5232,153797360,24258,25776,6136,5440,5788,5870,0,5856,0,0,0,2017-04-19,32593000,5912,3,0,0,0,0,0,0,0,0,5916,9,0,0,0,0,0,0,0,0
352,2017-04-19,09:03:13,0,SM705,XZCE,5916,5822,5944,5236,153915680,24258,25776,6136,5440,5788,5870,0,5856,0,0,0,2017-04-19,32593000,5912,2,0,0,0,0,0,0,0,0,5914,6,0,0,0,0,0,0,0,0
353,2017-04-19,09:03:14,0,SM705,XZCE,5916,5822,5944,5236,153915680,24258,25776,6136,5440,5788,5870,0,5856,0,0,0,2017-04-19,32594000,5912,4,0,0,0,0,0,0,0,0,5914,6,0,0,0,0,0,0,0,0
354,2017-04-19,09:03:15,0,SM705,XZCE,5912,5822,5944,5242,154093040,24264,25776,6136,5440,5788,5870,0,5856,0,0,0,2017-04-19,32595000,5912,3,0,0,0,0,0,0,0,0,5914,4,0,0,0,0,0,0,0,0
355,2017-04-19,09:03:15,0,SM705,XZCE,5914,5822,5944,5246,154211320,24262,25776,6136,5440,5788,5870,0,5856,0,0,0,2017-04-19,32595000,5912,3,0,0,0,0,0,0,0,0,5914,2,0,0,0,0,0,0,0,0
356,2017-04-19,09:03:16,0,SM705,XZCE,5914,5822,5944,5250,154329600,24262,25776,6136,5440,5788,5870,0,5856,0,0,0,2017-04-19,32596000,5914,3,0,0,0,0,0,0,0,0,5916,8,0,0,0,0,0,0,0,0
357,2017-04-19,09:03:16,0,SM705,XZCE,5916,5822,5944,5258,154566240,24262,25776,6136,5440,5788,5870,0,5856,0,0,0,2017-04-19,32596000,5914,3,0,0,0,0,0,0,0,0,5916,4,0,0,0,0,0,0,0,0
358,2017-04-19,09:03:17,0,SM705,XZCE,5916,5822,5944,5258,154566240,24262,25776,6136,5440,5788,5870,0,5856,0,0,0,2017-04-19,32597000,5914,7,0,0,0,0,0,0,0,0,5916,5,0,0,0,0,0,0,0,0
359,2017-04-19,09:03:17,0,SM705,XZCE,5916,5822,5944,5258,154566240,24262,25776,6136,5440,5788,5870,0,5856,0,0,0,2017-04-19,32597000,5914,9,0,0,0,0,0,0,0,0,5916,5,0,0,0,0,0,0,0,0
360,2017-04-19,09:03:18,0,SM705,XZCE,5914,5822,5944,5270,154921080,24260,25776,6136,5440,5788,5870,0,5856,0,0,0,2017-04-19,32598000,5914,4,0,0,0,0,0,0,0,0,5916,3,0,0,0,0,0,0,0,0
361,2017-04-19,09:03:18,0,SM705,XZCE,5916,5822,5944,5276,155098560,24256,25776,6136,5440,5788,5870,0,5856,0,0,0,2017-04-19,32598000,5916,1,0,0,0,0,0,0,0,0,5918,16,0,0,0,0,0,0,0,0
362,2017-04-19,09:03:20,0,SM705,XZCE,5916,5822,5944,5280,155216880,24254,25776,6136,5440,5788,5870,0,5856,0,0,0,2017-04-19,32600000,5914,20,0,0,0,0,0,0,0,0,5916,3,0,0,0,0,0,0,0,0
363,2017-04-19,09:03:20,0,SM705,XZCE,5914,5822,5944,5296,155690000,24258,25776,6136,5440,5788,5870,0,5856,0,0,0,2017-04-19,32600000,5916,4,0,0,0,0,0,0,0,0,5918,15,0,0,0,0,0,0,0,0
364,2017-04-19,09:03:21,0,SM705,XZCE,5916,5822,5944,5306,155985800,24258,25776,6136,5440,5788,5870,0,5856,0,0,0,2017-04-19,32601000,5916,1,0,0,0,0,0,0,0,0,5918,13,0,0,0,0,0,0,0,0
365,2017-04-19,09:03:22,0,SM705,XZCE,5918,5822,5944,5312,156163340,24252,25776,6136,5440,5788,5870,0,5856,0,0,0,2017-04-19,32602000,5916,1,0,0,0,0,0,0,0,0,5918,10,0,0,0,0,0,0,0,0
366,2017-04-19,09:03:22,0,SM705,XZCE,5918,5822,5944,5332,156755140,24258,25776,6136,5440,5788,5870,0,5856,0,0,0,2017-04-19,32602000,5916,1,0,0,0,0,0,0,0,0,5920,8,0,0,0,0,0,0,0,0
367,2017-04-19,09:03:23,0,SM705,XZCE,5916,5822,5944,5334,156814300,24258,25776,6136,5440,5788,5870,0,5856,0,0,0,2017-04-19,32603000,5914,13,0,0,0,0,0,0,0,0,5920,8,0,0,0,0,0,0,0,0
368,2017-04-19,09:03:23,0,SM705,XZCE,5916,5822,5944,5334,156814300,24258,25776,6136,5440,5788,5870,0,5856,0,0,0,2017-04-19,32603000,5918,21,0,0,0,0,0,0,0,0,5920,8,0,0,0,0,0,0,0,0
369,2017-04-19,09:03:24,0,SM705,XZCE,5920,5822,5944,5336,156873500,24258,25776,6136,5440,5788,5870,0,5856,0,0,0,2017-04-19,32604000,5918,25,0,0,0,0,0,0,0,0,5920,7,0,0,0,0,0,0,0,0
370,2017-04-19,09:03:24,0,SM705,XZCE,5920,5822,5944,5336,156873500,24258,25776,6136,5440,5788,5870,0,5856,0,0,0,2017-04-19,32604000,5918,26,0,0,0,0,0,0,0,0,5920,7,0,0,0,0,0,0,0,0
371,2017-04-19,09:03:25,0,SM705,XZCE,5920,5822,5944,5338,156932700,24258,25776,6136,5440,5788,5870,0,5856,0,0,0,2017-04-19,32605000,5918,26,0,0,0,0,0,0,0,0,5920,6,0,0,0,0,0,0,0,0
372,2017-04-19,09:03:25,0,SM705,XZCE,5920,5822,5944,5350,157287900,24266,25776,6136,5440,5788,5870,0,5856,0,0,0,2017-04-19,32605000,5920,2,0,0,0,0,0,0,0,0,5924,2,0,0,0,0,0,0,0,0
373,2017-04-19,09:03:26,0,SM705,XZCE,5920,5822,5944,5350,157287900,24266,25776,6136,5440,5788,5870,0,5856,0,0,0,2017-04-19,32606000,5920,5,0,0,0,0,0,0,0,0,5924,2,0,0,0,0,0,0,0,0
374,2017-04-19,09:03:26,0,SM705,XZCE,5924,5822,5944,5352,157347140,24268,25776,6136,5440,5788,5870,0,5856,0,0,0,2017-04-19,32606000,5920,11,0,0,0,0,0,0,0,0,5924,1,0,0,0,0,0,0,0,0
375,2017-04-19,09:03:27,0,SM705,XZCE,5924,5822,5944,5352,157347140,24268,25776,6136,5440,5788,5870,0,5856,0,0,0,2017-04-19,32607000,5920,18,0,0,0,0,0,0,0,0,5924,1,0,0,0,0,0,0,0,0
376,2017-04-19,09:03:27,0,SM705,XZCE,5924,5822,5944,5352,157347140,24268,25776,6136,5440,5788,5870,0,5856,0,0,0,2017-04-19,32607000,5920,21,0,0,0,0,0,0,0,0,5924,1,0,0,0,0,0,0,0,0
377,2017-04-19,09:03:28,0,SM705,XZCE,5924,5822,5944,5354,157406380,24270,25776,6136,5440,5788,5870,0,5856,0,0,0,2017-04-19,32608000,5920,22,0,0,0,0,0,0,0,0,5926,1,0,0,0,0,0,0,0,0
378,2017-04-19,09:03:28,0,SM705,XZCE,5924,5822,5944,5354,157406380,24270,25776,6136,5440,5788,5870,0,5856,0,0,0,2017-04-19,32608000,5922,8,0,0,0,0,0,0,0,0,5926,1,0,0,0,0,0,0,0,0
379,2017-04-19,09:03:29,0,SM705,XZCE,5926,5822,5944,5356,157465640,24268,25776,6136,5440,5788,5870,0,5856,0,0,0,2017-04-19,32609000,5926,69,0,0,0,0,0,0,0,0,5928,33,0,0,0,0,0,0,0,0
380,2017-04-19,09:03:29,0,SM705,XZCE,5926,5822,5944,5356,157465640,24268,25776,6136,5440,5788,5870,0,5856,0,0,0,2017-04-19,32609000,5926,70,0,0,0,0,0,0,0,0,5928,33,0,0,0,0,0,0,0,0
381,2017-04-19,09:03:30,0,SM705,XZCE,5928,5822,5944,5394,158591960,24268,25776,6136,5440,5788,5870,0,5856,0,0,0,2017-04-19,32610000,5926,55,0,0,0,0,0,0,0,0,5928,29,0,0,0,0,0,0,0,0
382,2017-04-19,09:03:30,0,SM705,XZCE,5928,5822,5944,5402,158829080,24268,25776,6136,5440,5788,5870,0,5856,0,0,0,2017-04-19,32610000,5926,56,0,0,0,0,0,0,0,0,5928,25,0,0,0,0,0,0,0,0
383,2017-04-19,09:03:31,0,SM705,XZCE,5928,5822,5944,5406,158947640,24268,25776,6136,5440,5788,5870,0,5856,0,0,0,2017-04-19,32611000,5926,56,0,0,0,0,0,0,0,0,5928,23,0,0,0,0,0,0,0,0
384,2017-04-19,09:03:31,0,SM705,XZCE,5928,5822,5944,5408,159006920,24268,25776,6136,5440,5788,5870,0,5856,0,0,0,2017-04-19,32611000,5926,56,0,0,0,0,0,0,0,0,5928,22,0,0,0,0,0,0,0,0
385,2017-04-19,09:03:32,0,SM705,XZCE,5928,5822,5944,5412,159125480,24266,25776,6136,5440,5788,5870,0,5856,0,0,0,2017-04-19,32612000,5926,56,0,0,0,0,0,0,0,0,5928,20,0,0,0,0,0,0,0,0
386,2017-04-19,09:03:33,0,SM705,XZCE,5932,5822,5944,5490,161438960,24244,25776,6136,5440,5788,5870,0,5856,0,0,0,2017-04-19,32613000,5932,15,0,0,0,0,0,0,0,0,5934,1,0,0,0,0,0,0,0,0
387,2017-04-19,09:03:33,0,SM705,XZCE,5936,5822,5944,5508,161973200,24260,25776,6136,5440,5788,5870,0,5856,0,0,0,2017-04-19,32613000,5936,3,0,0,0,0,0,0,0,0,5938,2,0,0,0,0,0,0,0,0
388,2017-04-19,09:03:34,0,SM705,XZCE,5934,5822,5944,5516,162210560,24264,25776,6136,5440,5788,5870,0,5856,0,0,0,2017-04-19,32614000,5936,13,0,0,0,0,0,0,0,0,5938,2,0,0,0,0,0,0,0,0
389,2017-04-19,09:03:34,0,SM705,XZCE,5936,5822,5944,5536,162804160,24272,25776,6136,5440,5788,5870,0,5856,0,0,0,2017-04-19,32614000,5936,4,0,0,0,0,0,0,0,0,5938,5,0,0,0,0,0,0,0,0
390,2017-04-19,09:03:35,0,SM705,XZCE,5936,5822,5944,5542,162982240,24276,25776,6136,5440,5788,5870,0,5856,0,0,0,2017-04-19,32615000,5936,1,0,0,0,0,0,0,0,0,5938,5,0,0,0,0,0,0,0,0
391,2017-04-19,09:03:36,0,SM705,XZCE,5936,5822,5944,5550,163219680,24276,25776,6136,5440,5788,5870,0,5856,0,0,0,2017-04-19,32616000,5934,2,0,0,0,0,0,0,0,0,5936,15,0,0,0,0,0,0,0,0
392,2017-04-19,09:03:37,0,SM705,XZCE,5934,5822,5944,5554,163338360,24276,25776,6136,5440,5788,5870,0,5856,0,0,0,2017-04-19,32617000,5930,4,0,0,0,0,0,0,0,0,5934,19,0,0,0,0,0,0,0,0
393,2017-04-19,09:03:37,0,SM705,XZCE,5936,5822,5944,5602,164763000,24234,25776,6136,5440,5788,5870,0,5856,0,0,0,2017-04-19,32617000,5930,4,0,0,0,0,0,0,0,0,5936,16,0,0,0,0,0,0,0,0
394,2017-04-19,09:03:38,0,SM705,XZCE,5936,5822,5944,5602,164763000,24234,25776,6136,5440,5788,5870,0,5856,0,0,0,2017-04-19,32618000,5932,2,0,0,0,0,0,0,0,0,5936,17,0,0,0,0,0,0,0,0
395,2017-04-19,09:03:38,0,SM705,XZCE,5936,5822,5944,5614,165119160,24232,25776,6136,5440,5788,5870,0,5856,0,0,0,2017-04-19,32618000,5932,1,0,0,0,0,0,0,0,0,5936,12,0,0,0,0,0,0,0,0
396,2017-04-19,09:03:39,0,SM705,XZCE,5936,5822,5944,5632,165653400,24232,25776,6136,5440,5788,5870,0,5856,0,0,0,2017-04-19,32619000,5932,1,0,0,0,0,0,0,0,0,5936,3,0,0,0,0,0,0,0,0
397,2017-04-19,09:03:39,0,SM705,XZCE,5932,5822,5944,5634,165712720,24230,25776,6136,5440,5788,5870,0,5856,0,0,0,2017-04-19,32619000,5934,3,0,0,0,0,0,0,0,0,5936,3,0,0,0,0,0,0,0,0
398,2017-04-19,09:03:40,0,SM705,XZCE,5934,5822,5944,5644,166009420,24226,25776,6136,5440,5788,5870,0,5856,0,0,0,2017-04-19,32620000,5930,4,0,0,0,0,0,0,0,0,5936,2,0,0,0,0,0,0,0,0
399,2017-04-19,09:03:40,0,SM705,XZCE,5936,5822,5944,5646,166068780,24224,25776,6136,5440,5788,5870,0,5856,0,0,0,2017-04-19,32620000,5930,4,0,0,0,0,0,0,0,0,5936,1,0,0,0,0,0,0,0,0
400,2017-04-19,09:03:41,0,SM705,XZCE,5936,5822,5944,5646,166068780,24224,25776,6136,5440,5788,5870,0,5856,0,0,0,2017-04-19,32621000,5930,4,0,0,0,0,0,0,0,0,5932,2,0,0,0,0,0,0,0,0
401,2017-04-19,09:03:41,0,SM705,XZCE,5938,5822,5944,5656,166365680,24230,25776,6136,5440,5788,5870,0,5856,0,0,0,2017-04-19,32621000,5932,6,0,0,0,0,0,0,0,0,5938,4,0,0,0,0,0,0,0,0
402,2017-04-19,09:03:42,0,SM705,XZCE,5932,5822,5944,5672,166840240,24244,25776,6136,5440,5788,5870,0,5856,0,0,0,2017-04-19,32622000,5930,4,0,0,0,0,0,0,0,0,5934,4,0,0,0,0,0,0,0,0
403,2017-04-19,09:03:42,0,SM705,XZCE,5934,5822,5944,5674,166899580,24242,25776,6136,5440,5788,5870,0,5856,0,0,0,2017-04-19,32622000,5932,8,0,0,0,0,0,0,0,0,5934,5,0,0,0,0,0,0,0,0
404,2017-04-19,09:03:43,0,SM705,XZCE,5934,5822,5944,5674,166899580,24242,25776,6136,5440,5788,5870,0,5856,0,0,0,2017-04-19,32623000,5932,9,0,0,0,0,0,0,0,0,5934,5,0,0,0,0,0,0,0,0
405,2017-04-19,09:03:44,0,SM705,XZCE,5932,5822,5944,5686,167255500,24232,25776,6136,5440,5788,5870,0,5856,0,0,0,2017-04-19,32624000,5932,7,0,0,0,0,0,0,0,0,5934,1,0,0,0,0,0,0,0,0
406,2017-04-19,09:03:44,0,SM705,XZCE,5934,5822,5944,5688,167314840,24232,25776,6136,5440,5788,5870,0,5856,0,0,0,2017-04-19,32624000,5934,14,0,0,0,0,0,0,0,0,5936,15,0,0,0,0,0,0,0,0
407,2017-04-19,09:03:45,0,SM705,XZCE,5936,5822,5944,5720,168264600,24254,25776,6136,5440,5788,5870,0,5856,0,0,0,2017-04-19,32625000,5934,15,0,0,0,0,0,0,0,0,5936,1,0,0,0,0,0,0,0,0
408,2017-04-19,09:03:45,0,SM705,XZCE,5936,5822,5944,5722,168323960,24256,25776,6136,5440,5788,5870,0,5856,0,0,0,2017-04-19,32625000,5936,3,0,0,0,0,0,0,0,0,5938,4,0,0,0,0,0,0,0,0
409,2017-04-19,09:03:46,0,SM705,XZCE,5936,5822,5944,5722,168323960,24256,25776,6136,5440,5788,5870,0,5856,0,0,0,2017-04-19,32626000,5936,7,0,0,0,0,0,0,0,0,5938,4,0,0,0,0,0,0,0,0
410,2017-04-19,09:03:46,0,SM705,XZCE,5938,5822,5944,5730,168561480,24254,25776,6136,5440,5788,5870,0,5856,0,0,0,2017-04-19,32626000,5938,40,0,0,0,0,0,0,0,0,5940,4,0,0,0,0,0,0,0,0
411,2017-04-19,09:03:47,0,SM705,XZCE,5938,5822,5944,5742,168917760,24258,25776,6136,5440,5788,5870,0,5856,0,0,0,2017-04-19,32627000,5940,4,0,0,0,0,0,0,0,0,5942,19,0,0,0,0,0,0,0,0
412,2017-04-19,09:03:47,0,SM705,XZCE,5940,5822,5944,5756,169333560,24262,25776,6136,5440,5788,5870,0,5856,0,0,0,2017-04-19,32627000,5940,13,0,0,0,0,0,0,0,0,5942,14,0,0,0,0,0,0,0,0
413,2017-04-19,09:03:48,0,SM705,XZCE,5942,5822,5944,5764,169571240,24256,25776,6136,5440,5788,5870,0,5856,0,0,0,2017-04-19,32628000,5940,13,0,0,0,0,0,0,0,0,5942,11,0,0,0,0,0,0,0,0
414,2017-04-19,09:03:48,0,SM705,XZCE,5940,5822,5944,5768,169690040,24256,25776,6136,5440,5788,5870,0,5856,0,0,0,2017-04-19,32628000,5940,13,0,0,0,0,0,0,0,0,5942,11,0,0,0,0,0,0,0,0
415,2017-04-19,09:03:49,0,SM705,XZCE,5940,5822,5944,5774,169868240,24256,25776,6136,5440,5788,5870,0,5856,0,0,0,2017-04-19,32629000,5940,11,0,0,0,0,0,0,0,0,5942,10,0,0,0,0,0,0,0,0
416,2017-04-19,09:03:49,0,SM705,XZCE,5940,5822,5944,5784,170165240,24256,25776,6136,5440,5788,5870,0,5856,0,0,0,2017-04-19,32629000,5940,7,0,0,0,0,0,0,0,0,5942,11,0,0,0,0,0,0,0,0
417,2017-04-19,09:03:50,0,SM705,XZCE,5942,5822,5944,5816,171115960,24254,25776,6136,5440,5788,5870,0,5856,0,0,0,2017-04-19,32630000,5942,1,0,0,0,0,0,0,0,0,5944,1,0,0,0,0,0,0,0,0
418,2017-04-19,09:03:50,0,SM705,XZCE,5942,5822,5944,5822,171294220,24254,25776,6136,5440,5788,5870,0,5856,0,0,0,2017-04-19,32630000,5940,7,0,0,0,0,0,0,0,0,5942,4,0,0,0,0,0,0,0,0
419,2017-04-19,09:03:51,0,SM705,XZCE,5942,5822,5944,5856,172304360,24250,25776,6136,5440,5788,5870,0,5856,0,0,0,2017-04-19,32631000,5940,11,0,0,0,0,0,0,0,0,5942,10,0,0,0,0,0,0,0,0
420,2017-04-19,09:03:51,0,SM705,XZCE,5940,5822,5944,5876,172898360,24242,25776,6136,5440,5788,5870,0,5856,0,0,0,2017-04-19,32631000,5940,3,0,0,0,0,0,0,0,0,5942,8,0,0,0,0,0,0,0,0
421,2017-04-19,09:03:52,0,SM705,XZCE,5942,5822,5944,5886,173195460,24248,25776,6136,5440,5788,5870,0,5856,0,0,0,2017-04-19,32632000,5938,54,0,0,0,0,0,0,0,0,5942,7,0,0,0,0,0,0,0,0
422,2017-04-19,09:03:52,0,SM705,XZCE,5942,5822,5944,5894,173433140,24244,25776,6136,5440,5788,5870,0,5856,0,0,0,2017-04-19,32632000,5938,51,0,0,0,0,0,0,0,0,5940,11,0,0,0,0,0,0,0,0
423,2017-04-19,09:03:53,0,SM705,XZCE,5938,5822,5944,5914,174026940,24236,25776,6136,5440,5788,5870,0,5856,0,0,0,2017-04-19,32633000,5938,50,0,0,0,0,0,0,0,0,5940,2,0,0,0,0,0,0,0,0
424,2017-04-19,09:03:53,0,SM705,XZCE,5942,5822,5944,5920,174205200,24232,25776,6136,5440,5788,5870,0,5856,0,0,0,2017-04-19,32633000,5938,50,0,0,0,0,0,0,0,0,5940,3,0,0,0,0,0,0,0,0
425,2017-04-19,09:03:54,0,SM705,XZCE,5940,5822,5944,5924,174324000,24232,25776,6136,5440,5788,5870,0,5856,0,0,0,2017-04-19,32634000,5938,50,0,0,0,0,0,0,0,0,5940,2,0,0,0,0,0,0,0,0
426,2017-04-19,09:03:54,0,SM705,XZCE,5938,5822,5944,5930,174502140,24232,25776,6136,5440,5788,5870,0,5856,0,0,0,2017-04-19,32634000,5938,47,0,0,0,0,0,0,0,0,5940,2,0,0,0,0,0,0,0,0
427,2017-04-19,09:03:55,0,SM705,XZCE,5940,5822,5944,5948,175036740,24240,25776,6136,5440,5788,5870,0,5856,0,0,0,2017-04-19,32635000,5940,15,0,0,0,0,0,0,0,0,5942,6,0,0,0,0,0,0,0,0
428,2017-04-19,09:03:55,0,SM705,XZCE,5940,5822,5944,5948,175036740,24240,25776,6136,5440,5788,5870,0,5856,0,0,0,2017-04-19,32635000,5940,24,0,0,0,0,0,0,0,0,5942,7,0,0,0,0,0,0,0,0
429,2017-04-19,09:03:56,0,SM705,XZCE,5940,5822,5944,5962,175452540,24248,25776,6136,5440,5788,5870,0,5856,0,0,0,2017-04-19,32636000,5940,26,0,0,0,0,0,0,0,0,5942,3,0,0,0,0,0,0,0,0
430,2017-04-19,09:03:56,0,SM705,XZCE,5940,5822,5944,5962,175452540,24248,25776,6136,5440,5788,5870,0,5856,0,0,0,2017-04-19,32636000,5940,29,0,0,0,0,0,0,0,0,5942,3,0,0,0,0,0,0,0,0
431,2017-04-19,09:03:57,0,SM705,XZCE,5940,5822,5944,5966,175571340,24248,25776,6136,5440,5788,5870,0,5856,0,0,0,2017-04-19,32637000,5940,30,0,0,0,0,0,0,0,0,5942,5,0,0,0,0,0,0,0,0
432,2017-04-19,09:03:57,0,SM705,XZCE,5940,5822,5944,5976,175868340,24246,25776,6136,5440,5788,5870,0,5856,0,0,0,2017-04-19,32637000,5940,27,0,0,0,0,0,0,0,0,5942,7,0,0,0,0,0,0,0,0
433,2017-04-19,09:03:58,0,SM705,XZCE,5942,5822,5944,6042,177829200,24270,25776,6136,5440,5788,5870,0,5856,0,0,0,2017-04-19,32638000,5942,32,0,0,0,0,0,0,0,0,5946,14,0,0,0,0,0,0,0,0
434,2017-04-19,09:03:58,0,SM705,XZCE,5940,5822,5944,6110,179848800,24204,25776,6136,5440,5788,5870,0,5856,0,0,0,2017-04-19,32638000,5938,49,0,0,0,0,0,0,0,0,5940,16,0,0,0,0,0,0,0,0
435,2017-04-19,09:03:59,0,SM705,XZCE,5940,5822,5944,6132,180502200,24204,25776,6136,5440,5788,5870,0,5856,0,0,0,2017-04-19,32639000,5938,49,0,0,0,0,0,0,0,0,5940,5,0,0,0,0,0,0,0,0
436,2017-04-19,09:03:59,0,SM705,XZCE,5940,5822,5944,6146,180918000,24208,25776,6136,5440,5788,5870,0,5856,0,0,0,2017-04-19,32639000,5938,49,0,0,0,0,0,0,0,0,5942,1,0,0,0,0,0,0,0,0
437,2017-04-19,09:04:00,0,SM705,XZCE,5940,5822,5944,6148,180977400,24206,25776,6136,5440,5788,5870,0,5856,0,0,0,2017-04-19,32640000,5940,50,0,0,0,0,0,0,0,0,5942,1,0,0,0,0,0,0,0,0
438,2017-04-19,09:04:00,0,SM705,XZCE,5940,5822,5944,6148,180977400,24206,25776,6136,5440,5788,5870,0,5856,0,0,0,2017-04-19,32640000,5940,50,0,0,0,0,0,0,0,0,5942,2,0,0,0,0,0,0,0,0
439,2017-04-19,09:04:01,0,SM705,XZCE,5942,5822,5944,6162,181393340,24210,25776,6136,5440,5788,5870,0,5856,0,0,0,2017-04-19,32641000,5942,3,0,0,0,0,0,0,0,0,5944,1,0,0,0,0,0,0,0,0
440,2017-04-19,09:04:01,0,SM705,XZCE,5944,5822,5944,6164,181452780,24210,25776,6136,5440,5788,5870,0,5856,0,0,0,2017-04-19,32641000,5942,5,0,0,0,0,0,0,0,0,5946,13,0,0,0,0,0,0,0,0
441,2017-04-19,09:04:02,0,SM705,XZCE,5940,5822,5944,6180,181927980,24210,25776,6136,5440,5788,5870,0,5856,0,0,0,2017-04-19,32642000,5940,48,0,0,0,0,0,0,0,0,5942,6,0,0,0,0,0,0,0,0
442,2017-04-19,09:04:03,0,SM705,XZCE,5940,5822,5944,6182,181987380,24210,25776,6136,5440,5788,5870,0,5856,0,0,0,2017-04-19,32643000,5940,47,0,0,0,0,0,0,0,0,5942,6,0,0,0,0,0,0,0,0
443,2017-04-19,09:04:03,0,SM705,XZCE,5942,5822,5944,6186,182106220,24206,25776,6136,5440,5788,5870,0,5856,0,0,0,2017-04-19,32643000,5940,46,0,0,0,0,0,0,0,0,5942,10,0,0,0,0,0,0,0,0
444,2017-04-19,09:04:04,0,SM705,XZCE,5940,5822,5944,6196,182403220,24206,25776,6136,5440,5788,5870,0,5856,0,0,0,2017-04-19,32644000,5940,45,0,0,0,0,0,0,0,0,5942,6,0,0,0,0,0,0,0,0
445,2017-04-19,09:04:05,0,SM705,XZCE,5940,5822,5944,6196,182403220,24206,25776,6136,5440,5788,5870,0,5856,0,0,0,2017-04-19,32645000,5940,47,0,0,0,0,0,0,0,0,5942,6,0,0,0,0,0,0,0,0
446,2017-04-19,09:04:05,0,SM705,XZCE,5944,5822,5950,6298,185434660,24174,25776,6136,5440,5788,5870,0,5856,0,0,0,2017-04-19,32645000,5940,45,0,0,0,0,0,0,0,0,5948,4,0,0,0,0,0,0,0,0
447,2017-04-19,09:04:06,0,SM705,XZCE,5958,5822,5958,6334,186507100,24144,25776,6136,5440,5788,5870,0,5856,0,0,0,2017-04-19,32646000,5942,23,0,0,0,0,0,0,0,0,5958,3,0,0,0,0,0,0,0,0
448,2017-04-19,09:04:06,0,SM705,XZCE,5976,5822,5988,6476,190750060,24110,25776,6136,5440,5788,5870,0,5856,0,0,0,2017-04-19,32646000,5976,16,0,0,0,0,0,0,0,0,5980,30,0,0,0,0,0,0,0,0
449,2017-04-19,09:04:07,0,SM705,XZCE,5976,5822,5988,6532,192423340,24076,25776,6136,5440,5788,5870,0,5856,0,0,0,2017-04-19,32647000,5958,4,0,0,0,0,0,0,0,0,5976,1,0,0,0,0,0,0,0,0
450,2017-04-19,09:04:07,0,SM705,XZCE,5972,5822,5988,6534,192483060,24078,25776,6136,5440,5788,5870,0,5856,0,0,0,2017-04-19,32647000,5958,4,0,0,0,0,0,0,0,0,5966,1,0,0,0,0,0,0,0,0
451,2017-04-19,09:04:08,0,SM705,XZCE,5962,5822,5988,6536,192542680,24076,25776,6136,5440,5788,5870,0,5856,0,0,0,2017-04-19,32648000,5954,50,0,0,0,0,0,0,0,0,5962,7,0,0,0,0,0,0,0,0
452,2017-04-19,09:04:08,0,SM705,XZCE,5962,5822,5988,6542,192721540,24072,25776,6136,5440,5788,5870,0,5856,0,0,0,2017-04-19,32648000,5960,1,0,0,0,0,0,0,0,0,5962,9,0,0,0,0,0,0,0,0
453,2017-04-19,09:04:09,0,SM705,XZCE,5960,5822,5988,6544,192781140,24070,25776,6136,5440,5788,5870,0,5856,0,0,0,2017-04-19,32649000,5956,2,0,0,0,0,0,0,0,0,5962,7,0,0,0,0,0,0,0,0
454,2017-04-19,09:04:09,0,SM705,XZCE,5956,5822,5988,6550,192959820,24072,25776,6136,5440,5788,5870,0,5856,0,0,0,2017-04-19,32649000,5956,2,0,0,0,0,0,0,0,0,5960,1,0,0,0,0,0,0,0,0
455,2017-04-19,09:04:10,0,SM705,XZCE,5956,5822,5988,6568,193495860,24060,25776,6136,5440,5788,5870,0,5856,0,0,0,2017-04-19,32650000,5954,49,0,0,0,0,0,0,0,0,5956,2,0,0,0,0,0,0,0,0
456,2017-04-19,09:04:10,0,SM705,XZCE,5954,5822,5988,6578,193793560,24052,25776,6136,5440,5788,5870,0,5856,0,0,0,2017-04-19,32650000,5954,44,0,0,0,0,0,0,0,0,5956,2,0,0,0,0,0,0,0,0
457,2017-04-19,09:04:11,0,SM705,XZCE,5958,5822,5988,6590,194151040,24052,25776,6136,5440,5788,5870,0,5856,0,0,0,2017-04-19,32651000,5954,44,0,0,0,0,0,0,0,0,5956,5,0,0,0,0,0,0,0,0
458,2017-04-19,09:04:11,0,SM705,XZCE,5956,5822,5988,6598,194389280,24054,25776,6136,5440,5788,5870,0,5856,0,0,0,2017-04-19,32651000,5954,41,0,0,0,0,0,0,0,0,5956,4,0,0,0,0,0,0,0,0
459,2017-04-19,09:04:12,0,SM705,XZCE,5966,5822,5988,6712,197789900,24030,25776,6136,5440,5788,5870,0,5856,0,0,0,2017-04-19,32652000,5966,4,0,0,0,0,0,0,0,0,5974,2,0,0,0,0,0,0,0,0
460,2017-04-19,09:04:12,0,SM705,XZCE,5964,5822,5988,6722,198088100,24040,25776,6136,5440,5788,5870,0,5856,0,0,0,2017-04-19,32652000,5964,3,0,0,0,0,0,0,0,0,5970,10,0,0,0,0,0,0,0,0
461,2017-04-19,09:04:13,0,SM705,XZCE,5962,5822,5988,6742,198684300,24028,25776,6136,5440,5788,5870,0,5856,0,0,0,2017-04-19,32653000,5962,1,0,0,0,0,0,0,0,0,5968,8,0,0,0,0,0,0,0,0
462,2017-04-19,09:04:13,0,SM705,XZCE,5962,5822,5988,6744,198743920,24026,25776,6136,5440,5788,5870,0,5856,0,0,0,2017-04-19,32653000,5960,2,0,0,0,0,0,0,0,0,5966,14,0,0,0,0,0,0,0,0
463,2017-04-19,09:04:14,0,SM705,XZCE,5962,5822,5988,6744,198743920,24026,25776,6136,5440,5788,5870,0,5856,0,0,0,2017-04-19,32654000,5960,2,0,0,0,0,0,0,0,0,5966,16,0,0,0,0,0,0,0,0
464,2017-04-19,09:04:14,0,SM705,XZCE,5966,5822,5988,6746,198803580,24028,25776,6136,5440,5788,5870,0,5856,0,0,0,2017-04-19,32654000,5960,2,0,0,0,0,0,0,0,0,5966,15,0,0,0,0,0,0,0,0
465,2017-04-19,09:04:15,0,SM705,XZCE,5966,5822,5988,6746,198803580,24028,25776,6136,5440,5788,5870,0,5856,0,0,0,2017-04-19,32655000,5960,2,0,0,0,0,0,0,0,0,5966,19,0,0,0,0,0,0,0,0
466,2017-04-19,09:04:15,0,SM705,XZCE,5960,5822,5988,6758,199161180,24030,25776,6136,5440,5788,5870,0,5856,0,0,0,2017-04-19,32655000,5960,1,0,0,0,0,0,0,0,0,5964,3,0,0,0,0,0,0,0,0
467,2017-04-19,09:04:16,0,SM705,XZCE,5966,5822,5988,6770,199519140,24036,25776,6136,5440,5788,5870,0,5856,0,0,0,2017-04-19,32656000,5960,1,0,0,0,0,0,0,0,0,5966,12,0,0,0,0,0,0,0,0
468,2017-04-19,09:04:16,0,SM705,XZCE,5962,5822,5988,6774,199638380,24040,25776,6136,5440,5788,5870,0,5856,0,0,0,2017-04-19,32656000,5958,1,0,0,0,0,0,0,0,0,5962,1,0,0,0,0,0,0,0,0
469,2017-04-19,09:04:17,0,SM705,XZCE,5962,5822,5988,6774,199638380,24040,25776,6136,5440,5788,5870,0,5856,0,0,0,2017-04-19,32657000,5958,1,0,0,0,0,0,0,0,0,5964,5,0,0,0,0,0,0,0,0
470,2017-04-19,09:04:17,0,SM705,XZCE,5964,5822,5988,6776,199698020,24040,25776,6136,5440,5788,5870,0,5856,0,0,0,2017-04-19,32657000,5958,1,0,0,0,0,0,0,0,0,5964,4,0,0,0,0,0,0,0,0
471,2017-04-19,09:04:18,0,SM705,XZCE,5964,5822,5988,6776,199698020,24040,25776,6136,5440,5788,5870,0,5856,0,0,0,2017-04-19,32658000,5960,1,0,0,0,0,0,0,0,0,5964,2,0,0,0,0,0,0,0,0
472,2017-04-19,09:04:18,0,SM705,XZCE,5962,5822,5988,6780,199817260,24042,25776,6136,5440,5788,5870,0,5856,0,0,0,2017-04-19,32658000,5958,1,0,0,0,0,0,0,0,0,5964,2,0,0,0,0,0,0,0,0
473,2017-04-19,09:04:19,0,SM705,XZCE,5962,5822,5988,6780,199817260,24042,25776,6136,5440,5788,5870,0,5856,0,0,0,2017-04-19,32659000,5958,1,0,0,0,0,0,0,0,0,5960,10,0,0,0,0,0,0,0,0
474,2017-04-19,09:04:19,0,SM705,XZCE,5960,5822,5988,6788,200055660,24046,25776,6136,5440,5788,5870,0,5856,0,0,0,2017-04-19,32659000,5956,21,0,0,0,0,0,0,0,0,5960,7,0,0,0,0,0,0,0,0
475,2017-04-19,09:04:20,0,SM705,XZCE,5958,5822,5988,6842,201664320,24050,25776,6136,5440,5788,5870,0,5856,0,0,0,2017-04-19,32660000,5954,41,0,0,0,0,0,0,0,0,5958,96,0,0,0,0,0,0,0,0
476,2017-04-19,09:04:20,0,SM705,XZCE,5958,5822,5988,6844,201723900,24052,25776,6136,5440,5788,5870,0,5856,0,0,0,2017-04-19,32660000,5954,41,0,0,0,0,0,0,0,0,5958,95,0,0,0,0,0,0,0,0
477,2017-04-19,09:04:21,0,SM705,XZCE,5958,5822,5988,6924,204107100,24092,25776,6136,5440,5788,5870,0,5856,0,0,0,2017-04-19,32661000,5954,39,0,0,0,0,0,0,0,0,5956,4,0,0,0,0,0,0,0,0
478,2017-04-19,09:04:21,0,SM705,XZCE,5954,5822,5988,6960,205178820,24074,25776,6136,5440,5788,5870,0,5856,0,0,0,2017-04-19,32661000,5954,23,0,0,0,0,0,0,0,0,5956,2,0,0,0,0,0,0,0,0
479,2017-04-19,09:04:22,0,SM705,XZCE,5954,5822,5988,6996,206250540,24066,25776,6136,5440,5788,5870,0,5856,0,0,0,2017-04-19,32662000,5954,5,0,0,0,0,0,0,0,0,5956,6,0,0,0,0,0,0,0,0
480,2017-04-19,09:04:22,0,SM705,XZCE,5956,5822,5988,7010,206667460,24066,25776,6136,5440,5788,5870,0,5856,0,0,0,2017-04-19,32662000,5954,1,0,0,0,0,0,0,0,0,5956,4,0,0,0,0,0,0,0,0
481,2017-04-19,09:04:23,0,SM705,XZCE,5952,5822,5988,7014,206786500,24064,25776,6136,5440,5788,5870,0,5856,0,0,0,2017-04-19,32663000,5948,1,0,0,0,0,0,0,0,0,5952,20,0,0,0,0,0,0,0,0
482,2017-04-19,09:04:23,0,SM705,XZCE,5942,5822,5988,7022,207024180,24070,25776,6136,5440,5788,5870,0,5856,0,0,0,2017-04-19,32663000,5944,8,0,0,0,0,0,0,0,0,5950,22,0,0,0,0,0,0,0,0
483,2017-04-19,09:04:24,0,SM705,XZCE,5950,5822,5988,7042,207619180,24056,25776,6136,5440,5788,5870,0,5856,0,0,0,2017-04-19,32664000,5942,8,0,0,0,0,0,0,0,0,5950,21,0,0,0,0,0,0,0,0
484,2017-04-19,09:04:24,0,SM705,XZCE,5948,5822,5988,7044,207678660,24056,25776,6136,5440,5788,5870,0,5856,0,0,0,2017-04-19,32664000,5944,2,0,0,0,0,0,0,0,0,5948,4,0,0,0,0,0,0,0,0
485,2017-04-19,09:04:25,0,SM705,XZCE,5948,5822,5988,7052,207916580,24056,25776,6136,5440,5788,5870,0,5856,0,0,0,2017-04-19,32665000,5944,1,0,0,0,0,0,0,0,0,5948,2,0,0,0,0,0,0,0,0
486,2017-04-19,09:04:25,0,SM705,XZCE,5948,5822,5988,7062,208213980,24050,25776,6136,5440,5788,5870,0,5856,0,0,0,2017-04-19,32665000,5944,2,0,0,0,0,0,0,0,0,5950,2,0,0,0,0,0,0,0,0
487,2017-04-19,09:04:26,0,SM705,XZCE,5944,5822,5988,7070,208451740,24046,25776,6136,5440,5788,5870,0,5856,0,0,0,2017-04-19,32666000,5944,39,0,0,0,0,0,0,0,0,5948,3,0,0,0,0,0,0,0,0
488,2017-04-19,09:04:26,0,SM705,XZCE,5944,5822,5988,7070,208451740,24046,25776,6136,5440,5788,5870,0,5856,0,0,0,2017-04-19,32666000,5946,1,0,0,0,0,0,0,0,0,5948,3,0,0,0,0,0,0,0,0
489,2017-04-19,09:04:27,0,SM705,XZCE,5948,5822,5988,7078,208689660,24050,25776,6136,5440,5788,5870,0,5856,0,0,0,2017-04-19,32667000,5948,6,0,0,0,0,0,0,0,0,5950,1,0,0,0,0,0,0,0,0
490,2017-04-19,09:04:27,0,SM705,XZCE,5950,5822,5988,7082,208808660,24050,25776,6136,5440,5788,5870,0,5856,0,0,0,2017-04-19,32667000,5950,7,0,0,0,0,0,0,0,0,5952,4,0,0,0,0,0,0,0,0
491,2017-04-19,09:04:28,0,SM705,XZCE,5950,5822,5988,7082,208808660,24050,25776,6136,5440,5788,5870,0,5856,0,0,0,2017-04-19,32668000,5950,7,0,0,0,0,0,0,0,0,5952,1,0,0,0,0,0,0,0,0
492,2017-04-19,09:04:28,0,SM705,XZCE,5956,5822,5988,7110,209642500,24036,25776,6136,5440,5788,5870,0,5856,0,0,0,2017-04-19,32668000,5950,7,0,0,0,0,0,0,0,0,5954,4,0,0,0,0,0,0,0,0
493,2017-04-19,09:04:29,0,SM705,XZCE,5950,5822,5988,7120,209940000,24036,25776,6136,5440,5788,5870,0,5856,0,0,0,2017-04-19,32669000,5950,2,0,0,0,0,0,0,0,0,5956,3,0,0,0,0,0,0,0,0
494,2017-04-19,09:04:29,0,SM705,XZCE,5950,5822,5988,7122,209999500,24036,25776,6136,5440,5788,5870,0,5856,0,0,0,2017-04-19,32669000,5952,1,0,0,0,0,0,0,0,0,5956,2,0,0,0,0,0,0,0,0
495,2017-04-19,09:04:30,0,SM705,XZCE,5950,5822,5988,7122,209999500,24036,25776,6136,5440,5788,5870,0,5856,0,0,0,2017-04-19,32670000,5952,1,0,0,0,0,0,0,0,0,5956,4,0,0,0,0,0,0,0,0
496,2017-04-19,09:04:30,0,SM705,XZCE,5950,5822,5988,7122,209999500,24036,25776,6136,5440,5788,5870,0,5856,0,0,0,2017-04-19,32670000,5952,1,0,0,0,0,0,0,0,0,5956,8,0,0,0,0,0,0,0,0
497,2017-04-19,09:04:31,0,SM705,XZCE,5952,5822,5988,7124,210059020,24036,25776,6136,5440,5788,5870,0,5856,0,0,0,2017-04-19,32671000,5950,11,0,0,0,0,0,0,0,0,5956,4,0,0,0,0,0,0,0,0
498,2017-04-19,09:04:31,0,SM705,XZCE,5952,5822,5988,7132,210297100,24038,25776,6136,5440,5788,5870,0,5856,0,0,0,2017-04-19,32671000,5950,8,0,0,0,0,0,0,0,0,5952,4,0,0,0,0,0,0,0,0
499,2017-04-19,09:04:32,0,SM705,XZCE,5952,5822,5988,7132,210297100,24038,25776,6136,5440,5788,5870,0,5856,0,0,0,2017-04-19,32672000,5950,8,0,0,0,0,0,0,0,0,5952,7,0,0,0,0,0,0,0,0
500,2017-04-19,09:04:32,0,SM705,XZCE,5952,5822,5988,7132,210297100,24038,25776,6136,5440,5788,5870,0,5856,0,0,0,2017-04-19,32672000,5950,8,0,0,0,0,0,0,0,0,5952,11,0,0,0,0,0,0,0,0
501,2017-04-19,09:04:33,0,SM705,XZCE,5952,5822,5988,7156,211011340,24038,25776,6136,5440,5788,5870,0,5856,0,0,0,2017-04-19,32673000,5952,2,0,0,0,0,0,0,0,0,5956,6,0,0,0,0,0,0,0,0
502,2017-04-19,09:04:33,0,SM705,XZCE,5956,5822,5988,7160,211130460,24038,25776,6136,5440,5788,5870,0,5856,0,0,0,2017-04-19,32673000,5952,1,0,0,0,0,0,0,0,0,5956,5,0,0,0,0,0,0,0,0
503,2017-04-19,09:04:34,0,SM705,XZCE,5956,5822,5988,7166,211309140,24038,25776,6136,5440,5788,5870,0,5856,0,0,0,2017-04-19,32674000,5950,7,0,0,0,0,0,0,0,0,5956,4,0,0,0,0,0,0,0,0
504,2017-04-19,09:04:34,0,SM705,XZCE,5956,5822,5988,7168,211368700,24040,25776,6136,5440,5788,5870,0,5856,0,0,0,2017-04-19,32674000,5952,4,0,0,0,0,0,0,0,0,5956,3,0,0,0,0,0,0,0,0
505,2017-04-19,09:04:35,0,SM705,XZCE,5956,5822,5988,7178,211666500,24036,25776,6136,5440,5788,5870,0,5856,0,0,0,2017-04-19,32675000,5956,36,0,0,0,0,0,0,0,0,5958,93,0,0,0,0,0,0,0,0
506,2017-04-19,09:04:35,0,SM705,XZCE,5956,5822,5988,7190,212023860,24034,25776,6136,5440,5788,5870,0,5856,0,0,0,2017-04-19,32675000,5956,34,0,0,0,0,0,0,0,0,5958,91,0,0,0,0,0,0,0,0
507,2017-04-19,09:04:36,0,SM705,XZCE,5958,5822,5988,7212,212679240,24012,25776,6136,5440,5788,5870,0,5856,0,0,0,2017-04-19,32676000,5956,34,0,0,0,0,0,0,0,0,5958,80,0,0,0,0,0,0,0,0
508,2017-04-19,09:04:36,0,SM705,XZCE,5958,5822,5988,7288,214943280,23936,25776,6136,5440,5788,5870,0,5856,0,0,0,2017-04-19,32676000,5956,34,0,0,0,0,0,0,0,0,5958,42,0,0,0,0,0,0,0,0
509,2017-04-19,09:04:37,0,SM705,XZCE,5956,5822,5988,7290,215002840,23934,25776,6136,5440,5788,5870,0,5856,0,0,0,2017-04-19,32677000,5956,33,0,0,0,0,0,0,0,0,5958,42,0,0,0,0,0,0,0,0
510,2017-04-19,09:04:37,0,SM705,XZCE,5958,5822,5988,7292,215062420,23934,25776,6136,5440,5788,5870,0,5856,0,0,0,2017-04-19,32677000,5956,33,0,0,0,0,0,0,0,0,5958,41,0,0,0,0,0,0,0,0
511,2017-04-19,09:04:38,0,SM705,XZCE,5956,5822,5988,7296,215181540,23934,25776,6136,5440,5788,5870,0,5856,0,0,0,2017-04-19,32678000,5956,51,0,0,0,0,0,0,0,0,5958,41,0,0,0,0,0,0,0,0
512,2017-04-19,09:04:38,0,SM705,XZCE,5956,5822,5988,7316,215777140,23932,25776,6136,5440,5788,5870,0,5856,0,0,0,2017-04-19,32678000,5956,45,0,0,0,0,0,0,0,0,5958,37,0,0,0,0,0,0,0,0
513,2017-04-19,09:04:39,0,SM705,XZCE,5958,5822,5988,7334,216313360,23932,25776,6136,5440,5788,5870,0,5856,0,0,0,2017-04-19,32679000,5956,46,0,0,0,0,0,0,0,0,5958,28,0,0,0,0,0,0,0,0
514,2017-04-19,09:04:39,0,SM705,XZCE,5958,5822,5988,7334,216313360,23932,25776,6136,5440,5788,5870,0,5856,0,0,0,2017-04-19,32679000,5956,46,0,0,0,0,0,0,0,0,5958,29,0,0,0,0,0,0,0,0
515,2017-04-19,09:04:40,0,SM705,XZCE,5958,5822,5988,7336,216372940,23930,25776,6136,5440,5788,5870,0,5856,0,0,0,2017-04-19,32680000,5956,47,0,0,0,0,0,0,0,0,5958,28,0,0,0,0,0,0,0,0
516,2017-04-19,09:04:40,0,SM705,XZCE,5956,5822,5988,7344,216611180,23928,25776,6136,5440,5788,5870,0,5856,0,0,0,2017-04-19,32680000,5956,46,0,0,0,0,0,0,0,0,5958,25,0,0,0,0,0,0,0,0
517,2017-04-19,09:04:41,0,SM705,XZCE,5958,5822,5988,7346,216670760,23926,25776,6136,5440,5788,5870,0,5856,0,0,0,2017-04-19,32681000,5956,47,0,0,0,0,0,0,0,0,5958,24,0,0,0,0,0,0,0,0
518,2017-04-19,09:04:41,0,SM705,XZCE,5958,5822,5988,7364,217206980,23924,25776,6136,5440,5788,5870,0,5856,0,0,0,2017-04-19,32681000,5956,56,0,0,0,0,0,0,0,0,5958,15,0,0,0,0,0,0,0,0
519,2017-04-19,09:04:42,0,SM705,XZCE,5956,5822,5988,7376,217564340,23914,25776,6136,5440,5788,5870,0,5856,0,0,0,2017-04-19,32682000,5956,50,0,0,0,0,0,0,0,0,5958,15,0,0,0,0,0,0,0,0
520,2017-04-19,09:04:42,0,SM705,XZCE,5956,5822,5988,7376,217564340,23914,25776,6136,5440,5788,5870,0,5856,0,0,0,2017-04-19,32682000,5956,50,0,0,0,0,0,0,0,0,5958,17,0,0,0,0,0,0,0,0
521,2017-04-19,09:04:43,0,SM705,XZCE,5958,5822,5988,7386,217862240,23906,25776,6136,5440,5788,5870,0,5856,0,0,0,2017-04-19,32683000,5956,50,0,0,0,0,0,0,0,0,5958,22,0,0,0,0,0,0,0,0
522,2017-04-19,09:04:43,0,SM705,XZCE,5958,5822,5988,7390,217981400,23906,25776,6136,5440,5788,5870,0,5856,0,0,0,2017-04-19,32683000,5956,49,0,0,0,0,0,0,0,0,5958,21,0,0,0,0,0,0,0,0
523,2017-04-19,09:04:44,0,SM705,XZCE,5956,5822,5988,7432,219232160,23922,25776,6136,5440,5788,5870,0,5856,0,0,0,2017-04-19,32684000,5956,39,0,0,0,0,0,0,0,0,5958,11,0,0,0,0,0,0,0,0
524,2017-04-19,09:04:44,0,SM705,XZCE,5956,5822,5988,7458,220006440,23926,25776,6136,5440,5788,5870,0,5856,0,0,0,2017-04-19,32684000,5956,31,0,0,0,0,0,0,0,0,5958,6,0,0,0,0,0,0,0,0
525,2017-04-19,09:04:45,0,SM705,XZCE,5956,5822,5988,7460,220066000,23926,25776,6136,5440,5788,5870,0,5856,0,0,0,2017-04-19,32685000,5956,30,0,0,0,0,0,0,0,0,5958,6,0,0,0,0,0,0,0,0
526,2017-04-19,09:04:45,0,SM705,XZCE,5956,5822,5988,7462,220125560,23924,25776,6136,5440,5788,5870,0,5856,0,0,0,2017-04-19,32685000,5956,29,0,0,0,0,0,0,0,0,5958,6,0,0,0,0,0,0,0,0
527,2017-04-19,09:04:46,0,SM705,XZCE,5958,5822,5988,7464,220185140,23926,25776,6136,5440,5788,5870,0,5856,0,0,0,2017-04-19,32686000,5956,29,0,0,0,0,0,0,0,0,5958,5,0,0,0,0,0,0,0,0
528,2017-04-19,09:04:47,0,SM705,XZCE,5958,5822,5988,7464,220185140,23926,25776,6136,5440,5788,5870,0,5856,0,0,0,2017-04-19,32687000,5956,29,0,0,0,0,0,0,0,0,5958,6,0,0,0,0,0,0,0,0
529,2017-04-19,09:04:48,0,SM705,XZCE,5958,5822,5988,7484,220780940,23928,25776,6136,5440,5788,5870,0,5856,0,0,0,2017-04-19,32688000,5956,20,0,0,0,0,0,0,0,0,5958,6,0,0,0,0,0,0,0,0
530,2017-04-19,09:04:48,0,SM705,XZCE,5958,5822,5988,7484,220780940,23928,25776,6136,5440,5788,5870,0,5856,0,0,0,2017-04-19,32688000,5956,20,0,0,0,0,0,0,0,0,5958,7,0,0,0,0,0,0,0,0
531,2017-04-19,09:04:49,0,SM705,XZCE,5958,5822,5988,7496,221138420,23938,25776,6136,5440,5788,5870,0,5856,0,0,0,2017-04-19,32689000,5956,20,0,0,0,0,0,0,0,0,5958,2,0,0,0,0,0,0,0,0
532,2017-04-19,09:04:49,0,SM705,XZCE,5958,5822,5988,7500,221257580,23942,25776,6136,5440,5788,5870,0,5856,0,0,0,2017-04-19,32689000,5958,3,0,0,0,0,0,0,0,0,5960,4,0,0,0,0,0,0,0,0
533,2017-04-19,09:04:50,0,SM705,XZCE,5958,5822,5988,7500,221257580,23942,25776,6136,5440,5788,5870,0,5856,0,0,0,2017-04-19,32690000,5958,4,0,0,0,0,0,0,0,0,5960,4,0,0,0,0,0,0,0,0
534,2017-04-19,09:04:50,0,SM705,XZCE,5962,5822,5988,7510,221555680,23936,25776,6136,5440,5788,5870,0,5856,0,0,0,2017-04-19,32690000,5962,8,0,0,0,0,0,0,0,0,5964,3,0,0,0,0,0,0,0,0
535,2017-04-19,09:04:51,0,SM705,XZCE,5962,5822,5988,7512,221615300,23936,25776,6136,5440,5788,5870,0,5856,0,0,0,2017-04-19,32691000,5962,7,0,0,0,0,0,0,0,0,5964,3,0,0,0,0,0,0,0,0
536,2017-04-19,09:04:51,0,SM705,XZCE,5962,5822,5988,7522,221913400,23930,25776,6136,5440,5788,5870,0,5856,0,0,0,2017-04-19,32691000,5964,4,0,0,0,0,0,0,0,0,5966,6,0,0,0,0,0,0,0,0
537,2017-04-19,09:04:52,0,SM705,XZCE,5962,5822,5988,7524,221973020,23930,25776,6136,5440,5788,5870,0,5856,0,0,0,2017-04-19,32692000,5964,3,0,0,0,0,0,0,0,0,5966,6,0,0,0,0,0,0,0,0
538,2017-04-19,09:04:52,0,SM705,XZCE,5962,5822,5988,7528,222092260,23930,25776,6136,5440,5788,5870,0,5856,0,0,0,2017-04-19,32692000,5964,1,0,0,0,0,0,0,0,0,5966,6,0,0,0,0,0,0,0,0
539,2017-04-19,09:04:53,0,SM705,XZCE,5964,5822,5988,7538,222390460,23930,25776,6136,5440,5788,5870,0,5856,0,0,0,2017-04-19,32693000,5964,2,0,0,0,0,0,0,0,0,5966,5,0,0,0,0,0,0,0,0
540,2017-04-19,09:04:53,0,SM705,XZCE,5966,5822,5988,7560,223046720,23942,25776,6136,5440,5788,5870,0,5856,0,0,0,2017-04-19,32693000,5966,4,0,0,0,0,0,0,0,0,5968,2,0,0,0,0,0,0,0,0
541,2017-04-19,09:04:54,0,SM705,XZCE,5966,5822,5988,7566,223225700,23942,25776,6136,5440,5788,5870,0,5856,0,0,0,2017-04-19,32694000,5966,1,0,0,0,0,0,0,0,0,5968,2,0,0,0,0,0,0,0,0
542,2017-04-19,09:04:55,0,SM705,XZCE,5964,5822,5988,7572,223404620,23942,25776,6136,5440,5788,5870,0,5856,0,0,0,2017-04-19,32695000,5962,5,0,0,0,0,0,0,0,0,5968,3,0,0,0,0,0,0,0,0
543,2017-04-19,09:04:55,0,SM705,XZCE,5968,5822,5988,7580,223643340,23946,25776,6136,5440,5788,5870,0,5856,0,0,0,2017-04-19,32695000,5968,1,0,0,0,0,0,0,0,0,5970,21,0,0,0,0,0,0,0,0
544,2017-04-19,09:04:56,0,SM705,XZCE,5962,5822,5988,7624,224954980,23948,25776,6136,5440,5788,5870,0,5856,0,0,0,2017-04-19,32696000,5962,6,0,0,0,0,0,0,0,0,5968,6,0,0,0,0,0,0,0,0
545,2017-04-19,09:04:56,0,SM705,XZCE,5962,5822,5988,7624,224954980,23948,25776,6136,5440,5788,5870,0,5856,0,0,0,2017-04-19,32696000,5962,17,0,0,0,0,0,0,0,0,5968,8,0,0,0,0,0,0,0,0
546,2017-04-19,09:04:57,0,SM705,XZCE,5968,5822,5988,7632,225193700,23946,25776,6136,5440,5788,5870,0,5856,0,0,0,2017-04-19,32697000,5964,2,0,0,0,0,0,0,0,0,5968,5,0,0,0,0,0,0,0,0
547,2017-04-19,09:04:57,0,SM705,XZCE,5968,5822,5988,7638,225372740,23952,25776,6136,5440,5788,5870,0,5856,0,0,0,2017-04-19,32697000,5964,2,0,0,0,0,0,0,0,0,5966,18,0,0,0,0,0,0,0,0
548,2017-04-19,09:04:58,0,SM705,XZCE,5964,5822,5988,7642,225492020,23948,25776,6136,5440,5788,5870,0,5856,0,0,0,2017-04-19,32698000,5962,17,0,0,0,0,0,0,0,0,5966,18,0,0,0,0,0,0,0,0
549,2017-04-19,09:04:59,0,SM705,XZCE,5964,5822,5988,7644,225551660,23950,25776,6136,5440,5788,5870,0,5856,0,0,0,2017-04-19,32699000,5962,17,0,0,0,0,0,0,0,0,5964,8,0,0,0,0,0,0,0,0
550,2017-04-19,09:04:59,0,SM705,XZCE,5964,5822,5988,7652,225790220,23952,25776,6136,5440,5788,5870,0,5856,0,0,0,2017-04-19,32699000,5962,16,0,0,0,0,0,0,0,0,5964,11,0,0,0,0,0,0,0,0
551,2017-04-19,09:05:00,0,SM705,XZCE,5964,5822,5988,7652,225790220,23952,25776,6136,5440,5788,5870,0,5856,0,0,0,2017-04-19,32700000,5962,17,0,0,0,0,0,0,0,0,5964,11,0,0,0,0,0,0,0,0
552,2017-04-19,09:05:00,0,SM705,XZCE,5964,5822,5988,7654,225849860,23954,25776,6136,5440,5788,5870,0,5856,0,0,0,2017-04-19,32700000,5962,17,0,0,0,0,0,0,0,0,5964,10,0,0,0,0,0,0,0,0
553,2017-04-19,09:05:01,0,SM705,XZCE,5960,5822,5988,7690,226922660,23922,25776,6136,5440,5788,5870,0,5856,0,0,0,2017-04-19,32701000,5960,8,0,0,0,0,0,0,0,0,5962,33,0,0,0,0,0,0,0,0
554,2017-04-19,09:05:01,0,SM705,XZCE,5960,5822,5988,7690,226922660,23922,25776,6136,5440,5788,5870,0,5856,0,0,0,2017-04-19,32701000,5960,8,0,0,0,0,0,0,0,0,5962,34,0,0,0,0,0,0,0,0
555,2017-04-19,09:05:02,0,SM705,XZCE,5960,5822,5988,7736,228293460,23878,25776,6136,5440,5788,5870,0,5856,0,0,0,2017-04-19,32702000,5958,4,0,0,0,0,0,0,0,0,5960,3,0,0,0,0,0,0,0,0
556,2017-04-19,09:05:03,0,SM705,XZCE,5962,5822,5988,7756,228889660,23878,25776,6136,5440,5788,5870,0,5856,0,0,0,2017-04-19,32703000,5958,4,0,0,0,0,0,0,0,0,5962,48,0,0,0,0,0,0,0,0
557,2017-04-19,09:05:03,0,SM705,XZCE,5958,5822,5988,7778,229545040,23882,25776,6136,5440,5788,5870,0,5856,0,0,0,2017-04-19,32703000,5956,13,0,0,0,0,0,0,0,0,5958,16,0,0,0,0,0,0,0,0
558,2017-04-19,09:05:04,0,SM705,XZCE,5956,5822,5988,7784,229723720,23884,25776,6136,5440,5788,5870,0,5856,0,0,0,2017-04-19,32704000,5956,11,0,0,0,0,0,0,0,0,5958,15,0,0,0,0,0,0,0,0
