,dataDate,dataTime,dataMillisec,instrumentID,exchangeCD,lastPrice,lowPrice,highPrice,volume,value,openInterest,preOpenInterest,upperLimitPrice,lowerLimitPrice,preSettlementPrice,prevClosePrice,settlementPrice,openPrice,closePrice,preDelta,currDelta,clearingDay,milliSecOffset,bidPrice1,bidVolume1,bidPrice2,bidVolume2,bidPrice3,bidVolume3,bidPrice4,bidVolume4,bidPrice5,bidVolume5,askPrice1,askVolume1,askPrice2,askVolume2,askPrice3,askVolume3,askPrice4,askVolume4,askPrice5,askVolume5
0,2017-04-19,07:27:41,0,SR709,XZCE,6767,0,0,0,0,641242,641242,7050,6506,6778,6767,0,0,0,0,0,2017-04-19,26861000,0,0,0,0,0,0,0,0,0,0,0,0,0,0,0,0,0,0,0,0
1,2017-04-19,07:27:41,0,SR709,XZCE,6767,0,0,0,0,641242,641242,7050,6506,6778,6767,0,6777,0,0,0,2017-04-19,26861000,0,0,0,0,0,0,0,0,0,0,0,0,0,0,0,0,0,0,0,0
2,2017-04-19,07:27:41,0,SR709,XZCE,6767,0,0,0,0,641242,641242,7050,6506,6778,6767,0,6781,0,0,0,2017-04-19,26861000,0,0,0,0,0,0,0,0,0,0,0,0,0,0,0,0,0,0,0,0
3,2017-04-19,07:27:41,0,SR709,XZCE,6767,0,0,0,0,641242,641242,7050,6506,6778,6767,0,6787,0,0,0,2017-04-19,26861000,0,0,0,0,0,0,0,0,0,0,0,0,0,0,0,0,0,0,0,0
4,2017-04-19,07:27:41,0,SR709,XZCE,6767,0,0,0,0,641242,641242,7050,6506,6778,6767,0,6778,0,0,0,2017-04-19,26861000,0,0,0,0,0,0,0,0,0,0,0,0,0,0,0,0,0,0,0,0
5,2017-04-19,07:27:41,0,SR709,XZCE,6767,0,0,0,0,641242,641242,7050,6506,6778,6767,0,6780,0,0,0,2017-04-19,26861000,0,0,0,0,0,0,0,0,0,0,0,0,0,0,0,0,0,0,0,0
6,2017-04-19,07:27:41,0,SR709,XZCE,6767,0,0,0,0,641242,641242,7050,6506,6778,6767,0,6781,0,0,0,2017-04-19,26861000,0,0,0,0,0,0,0,0,0,0,0,0,0,0,0,0,0,0,0,0
7,2017-04-19,07:27:41,0,SR709,XZCE,6767,0,0,0,0,641242,641242,7050,6506,6778,6767,0,6782,0,0,0,2017-04-19,26861000,0,0,0,0,0,0,0,0,0,0,0,0,0,0,0,0,0,0,0,0
8,2017-04-19,07:27:41,0,SR709,XZCE,6767,0,0,0,0,641242,641242,7050,6506,6778,6767,0,6781,0,0,0,2017-04-19,26861000,0,0,0,0,0,0,0,0,0,0,0,0,0,0,0,0,0,0,0,0
9,2017-04-19,07:27:41,0,SR709,XZCE,6767,0,0,0,0,641242,641242,7050,6506,6778,6767,0,6761,0,0,0,2017-04-19,26861000,0,0,0,0,0,0,0,0,0,0,0,0,0,0,0,0,0,0,0,0
10,2017-04-19,07:27:41,0,SR709,XZCE,6767,0,0,0,0,641242,641242,7050,6506,6778,6767,0,6768,0,0,0,2017-04-19,26861000,0,0,0,0,0,0,0,0,0,0,0,0,0,0,0,0,0,0,0,0
11,2017-04-19,07:27:41,0,SR709,XZCE,6767,0,0,0,0,641242,641242,7050,6506,6778,6767,0,6770,0,0,0,2017-04-19,26861000,0,0,0,0,0,0,0,0,0,0,0,0,0,0,0,0,0,0,0,0
12,2017-04-19,07:27:41,0,SR709,XZCE,6767,0,0,0,0,641242,641242,7050,6506,6778,6767,0,6787,0,0,0,2017-04-19,26861000,0,0,0,0,0,0,0,0,0,0,0,0,0,0,0,0,0,0,0,0
13,2017-04-19,07:27:41,0,SR709,XZCE,6767,0,0,0,0,641242,641242,7050,6506,6778,6767,0,6786,0,0,0,2017-04-19,26861000,0,0,0,0,0,0,0,0,0,0,0,0,0,0,0,0,0,0,0,0
14,2017-04-19,07:27:41,0,SR709,XZCE,6767,0,0,0,0,641242,641242,7050,6506,6778,6767,0,6787,0,0,0,2017-04-19,26861000,0,0,0,0,0,0,0,0,0,0,0,0,0,0,0,0,0,0,0,0
15,2017-04-19,07:27:41,0,SR709,XZCE,6767,0,0,0,0,641242,641242,7050,6506,6778,6767,0,6771,0,0,0,2017-04-19,26861000,0,0,0,0,0,0,0,0,0,0,0,0,0,0,0,0,0,0,0,0
16,2017-04-19,07:27:41,0,SR709,XZCE,6767,0,0,0,0,641242,641242,7050,6506,6778,6767,0,6772,0,0,0,2017-04-19,26861000,0,0,0,0,0,0,0,0,0,0,0,0,0,0,0,0,0,0,0,0
17,2017-04-19,07:27:41,0,SR709,XZCE,6767,0,0,0,0,641242,641242,7050,6506,6778,6767,0,6775,0,0,0,2017-04-19,26861000,0,0,0,0,0,0,0,0,0,0,0,0,0,0,0,0,0,0,0,0
18,2017-04-19,07:27:41,0,SR709,XZCE,6767,0,0,0,0,641242,641242,7050,6506,6778,6767,0,6777,0,0,0,2017-04-19,26861000,0,0,0,0,0,0,0,0,0,0,0,0,0,0,0,0,0,0,0,0
19,2017-04-19,07:27:41,0,SR709,XZCE,6767,0,0,0,0,641242,641242,7050,6506,6778,6767,0,6778,0,0,0,2017-04-19,26861000,0,0,0,0,0,0,0,0,0,0,0,0,0,0,0,0,0,0,0,0
20,2017-04-19,07:27:41,0,SR709,XZCE,6767,0,0,0,0,641242,641242,7050,6506,6778,6767,0,6772,0,0,0,2017-04-19,26861000,0,0,0,0,0,0,0,0,0,0,0,0,0,0,0,0,0,0,0,0
21,2017-04-19,07:27:41,0,SR709,XZCE,6767,0,0,0,0,641242,641242,7050,6506,6778,6767,0,6774,0,0,0,2017-04-19,26861000,0,0,0,0,0,0,0,0,0,0,0,0,0,0,0,0,0,0,0,0
22,2017-04-19,07:27:41,0,SR709,XZCE,6767,0,0,0,0,641242,641242,7050,6506,6778,6767,0,6777,0,0,0,2017-04-19,26861000,0,0,0,0,0,0,0,0,0,0,0,0,0,0,0,0,0,0,0,0
23,2017-04-19,07:27:41,0,SR709,XZCE,6767,0,0,0,0,641242,641242,7050,6506,6778,6767,0,6780,0,0,0,2017-04-19,26861000,0,0,0,0,0,0,0,0,0,0,0,0,0,0,0,0,0,0,0,0
24,2017-04-19,07:27:41,0,SR709,XZCE,6767,0,0,0,0,641242,641242,7050,6506,6778,6767,0,6779,0,0,0,2017-04-19,26861000,0,0,0,0,0,0,0,0,0,0,0,0,0,0,0,0,0,0,0,0
25,2017-04-19,07:27:41,0,SR709,XZCE,6767,0,0,0,0,641242,641242,7050,6506,6778,6767,0,6780,0,0,0,2017-04-19,26861000,0,0,0,0,0,0,0,0,0,0,0,0,0,0,0,0,0,0,0,0
26,2017-04-19,07:27:41,0,SR709,XZCE,6767,0,0,0,0,641242,641242,7050,6506,6778,6767,0,6784,0,0,0,2017-04-19,26861000,0,0,0,0,0,0,0,0,0,0,0,0,0,0,0,0,0,0,0,0
27,2017-04-19,07:27:41,0,SR709,XZCE,6767,0,0,0,0,641242,641242,7050,6506,6778,6767,0,6786,0,0,0,2017-04-19,26861000,0,0,0,0,0,0,0,0,0,0,0,0,0,0,0,0,0,0,0,0
28,2017-04-19,07:27:41,0,SR709,XZCE,6767,0,0,0,0,641242,641242,7050,6506,6778,6767,0,6787,0,0,0,2017-04-19,26861000,0,0,0,0,0,0,0,0,0,0,0,0,0,0,0,0,0,0,0,0
29,2017-04-19,07:27:41,0,SR709,XZCE,6767,0,0,0,0,641242,641242,7050,6506,6778,6767,0,6780,0,0,0,2017-04-19,26861000,0,0,0,0,0,0,0,0,0,0,0,0,0,0,0,0,0,0,0,0
30,2017-04-19,07:27:41,0,SR709,XZCE,6767,0,0,0,0,641242,641242,7050,6506,6778,6767,0,6778,0,0,0,2017-04-19,26861000,0,0,0,0,0,0,0,0,0,0,0,0,0,0,0,0,0,0,0,0
31,2017-04-19,07:27:41,0,SR709,XZCE,6767,0,0,0,0,641242,641242,7050,6506,6778,6767,0,6780,0,0,0,2017-04-19,26861000,0,0,0,0,0,0,0,0,0,0,0,0,0,0,0,0,0,0,0,0
32,2017-04-19,07:27:41,0,SR709,XZCE,6767,0,0,0,0,641242,641242,7050,6506,6778,6767,0,6781,0,0,0,2017-04-19,26861000,0,0,0,0,0,0,0,0,0,0,0,0,0,0,0,0,0,0,0,0
33,2017-04-19,07:27:41,0,SR709,XZCE,6767,0,0,0,0,641242,641242,7050,6506,6778,6767,0,6782,0,0,0,2017-04-19,26861000,0,0,0,0,0,0,0,0,0,0,0,0,0,0,0,0,0,0,0,0
34,2017-04-19,07:27:41,0,SR709,XZCE,6767,0,0,0,0,641242,641242,7050,6506,6778,6767,0,6781,0,0,0,2017-04-19,26861000,0,0,0,0,0,0,0,0,0,0,0,0,0,0,0,0,0,0,0,0
35,2017-04-19,07:27:41,0,SR709,XZCE,6767,0,0,0,0,641242,641242,7050,6506,6778,6767,0,6782,0,0,0,2017-04-19,26861000,0,0,0,0,0,0,0,0,0,0,0,0,0,0,0,0,0,0,0,0
36,2017-04-19,07:27:41,0,SR709,XZCE,6767,0,0,0,0,641242,641242,7050,6506,6778,6767,0,6781,0,0,0,2017-04-19,26861000,0,0,0,0,0,0,0,0,0,0,0,0,0,0,0,0,0,0,0,0
37,2017-04-19,07:27:41,0,SR709,XZCE,6767,0,0,0,0,641242,641242,7050,6506,6778,6767,0,6782,0,0,0,2017-04-19,26861000,0,0,0,0,0,0,0,0,0,0,0,0,0,0,0,0,0,0,0,0
38,2017-04-19,07:27:41,0,SR709,XZCE,6767,0,0,0,0,641242,641242,7050,6506,6778,6767,0,6783,0,0,0,2017-04-19,26861000,0,0,0,0,0,0,0,0,0,0,0,0,0,0,0,0,0,0,0,0
39,2017-04-19,07:27:41,0,SR709,XZCE,6767,0,0,0,0,641242,641242,7050,6506,6778,6767,0,6782,0,0,0,2017-04-19,26861000,0,0,0,0,0,0,0,0,0,0,0,0,0,0,0,0,0,0,0,0
40,2017-04-19,07:27:41,0,SR709,XZCE,6767,0,0,0,0,641242,641242,7050,6506,6778,6767,0,6783,0,0,0,2017-04-19,26861000,0,0,0,0,0,0,0,0,0,0,0,0,0,0,0,0,0,0,0,0
41,2017-04-19,07:27:41,0,SR709,XZCE,6767,0,0,0,0,641242,641242,7050,6506,6778,6767,0,6782,0,0,0,2017-04-19,26861000,0,0,0,0,0,0,0,0,0,0,0,0,0,0,0,0,0,0,0,0
42,2017-04-19,07:27:41,0,SR709,XZCE,6767,0,0,0,0,641242,641242,7050,6506,6778,6767,0,6781,0,0,0,2017-04-19,26861000,0,0,0,0,0,0,0,0,0,0,0,0,0,0,0,0,0,0,0,0
43,2017-04-19,07:27:41,0,SR709,XZCE,6767,0,0,0,0,641242,641242,7050,6506,6778,6767,0,6782,0,0,0,2017-04-19,26861000,0,0,0,0,0,0,0,0,0,0,0,0,0,0,0,0,0,0,0,0
44,2017-04-19,07:27:41,0,SR709,XZCE,6767,0,0,0,0,641242,641242,7050,6506,6778,6767,0,6781,0,0,0,2017-04-19,26861000,0,0,0,0,0,0,0,0,0,0,0,0,0,0,0,0,0,0,0,0
45,2017-04-19,07:27:41,0,SR709,XZCE,6767,0,0,0,0,641242,641242,7050,6506,6778,6767,0,6782,0,0,0,2017-04-19,26861000,0,0,0,0,0,0,0,0,0,0,0,0,0,0,0,0,0,0,0,0
46,2017-04-19,07:27:41,0,SR709,XZCE,6767,0,0,0,0,641242,641242,7050,6506,6778,6767,0,6781,0,0,0,2017-04-19,26861000,0,0,0,0,0,0,0,0,0,0,0,0,0,0,0,0,0,0,0,0
47,2017-04-19,07:27:41,0,SR709,XZCE,6767,0,0,0,0,641242,641242,7050,6506,6778,6767,0,6782,0,0,0,2017-04-19,26861000,0,0,0,0,0,0,0,0,0,0,0,0,0,0,0,0,0,0,0,0
48,2017-04-19,07:27:41,0,SR709,XZCE,6767,0,0,0,0,641242,641242,7050,6506,6778,6767,0,6783,0,0,0,2017-04-19,26861000,0,0,0,0,0,0,0,0,0,0,0,0,0,0,0,0,0,0,0,0
49,2017-04-19,07:27:41,0,SR709,XZCE,6767,0,0,0,0,641242,641242,7050,6506,6778,6767,0,6784,0,0,0,2017-04-19,26861000,0,0,0,0,0,0,0,0,0,0,0,0,0,0,0,0,0,0,0,0
50,2017-04-19,07:27:41,0,SR709,XZCE,6767,0,0,0,0,641242,641242,7050,6506,6778,6767,0,6785,0,0,0,2017-04-19,26861000,0,0,0,0,0,0,0,0,0,0,0,0,0,0,0,0,0,0,0,0
51,2017-04-19,07:27:41,0,SR709,XZCE,6767,0,0,0,0,641242,641242,7050,6506,6778,6767,0,6784,0,0,0,2017-04-19,26861000,0,0,0,0,0,0,0,0,0,0,0,0,0,0,0,0,0,0,0,0
52,2017-04-19,07:27:41,0,SR709,XZCE,6767,0,0,0,0,641242,641242,7050,6506,6778,6767,0,6785,0,0,0,2017-04-19,26861000,0,0,0,0,0,0,0,0,0,0,0,0,0,0,0,0,0,0,0,0
53,2017-04-19,07:27:41,0,SR709,XZCE,6767,0,0,0,0,641242,641242,7050,6506,6778,6767,0,6783,0,0,0,2017-04-19,26861000,0,0,0,0,0,0,0,0,0,0,0,0,0,0,0,0,0,0,0,0
54,2017-04-19,07:27:41,0,SR709,XZCE,6767,0,0,0,0,641242,641242,7050,6506,6778,6767,0,6784,0,0,0,2017-04-19,26861000,0,0,0,0,0,0,0,0,0,0,0,0,0,0,0,0,0,0,0,0
55,2017-04-19,07:27:41,0,SR709,XZCE,6767,0,0,0,0,641242,641242,7050,6506,6778,6767,0,6785,0,0,0,2017-04-19,26861000,0,0,0,0,0,0,0,0,0,0,0,0,0,0,0,0,0,0,0,0
56,2017-04-19,07:27:41,0,SR709,XZCE,6767,0,0,0,0,641242,641242,7050,6506,6778,6767,0,6787,0,0,0,2017-04-19,26861000,0,0,0,0,0,0,0,0,0,0,0,0,0,0,0,0,0,0,0,0
57,2017-04-19,07:27:41,0,SR709,XZCE,6767,0,0,0,0,641242,641242,7050,6506,6778,6767,0,6788,0,0,0,2017-04-19,26861000,0,0,0,0,0,0,0,0,0,0,0,0,0,0,0,0,0,0,0,0
58,2017-04-19,07:27:41,0,SR709,XZCE,6767,0,0,0,0,641242,641242,7050,6506,6778,6767,0,6789,0,0,0,2017-04-19,26861000,0,0,0,0,0,0,0,0,0,0,0,0,0,0,0,0,0,0,0,0
59,2017-04-19,07:27:41,0,SR709,XZCE,6767,0,0,0,0,641242,641242,7050,6506,6778,6767,0,6788,0,0,0,2017-04-19,26861000,0,0,0,0,0,0,0,0,0,0,0,0,0,0,0,0,0,0,0,0
60,2017-04-19,07:27:41,0,SR709,XZCE,6767,0,0,0,0,641242,641242,7050,6506,6778,6767,0,6789,0,0,0,2017-04-19,26861000,0,0,0,0,0,0,0,0,0,0,0,0,0,0,0,0,0,0,0,0
61,2017-04-19,07:27:41,0,SR709,XZCE,6767,0,0,0,0,641242,641242,7050,6506,6778,6767,0,6790,0,0,0,2017-04-19,26861000,0,0,0,0,0,0,0,0,0,0,0,0,0,0,0,0,0,0,0,0
62,2017-04-19,08:59:00,0,SR709,XZCE,6790,6790,6790,2106,142997400,641572,641242,7050,6506,6778,6767,0,6790,0,0,0,2017-04-19,32340000,6790,512,0,0,0,0,0,0,0,0,6791,11,0,0,0,0,0,0,0,0
63,2017-04-19,09:00:00,0,SR709,XZCE,6795,6790,6795,2336,158625900,641624,641242,7050,6506,6778,6767,0,6790,0,0,0,2017-04-19,32400000,6792,50,0,0,0,0,0,0,0,0,6795,85,0,0,0,0,0,0,0,0
64,2017-04-19,09:00:00,0,SR709,XZCE,6796,6790,6798,3142,213401660,641336,641242,7050,6506,6778,6767,0,6790,0,0,0,2017-04-19,32400000,6796,119,0,0,0,0,0,0,0,0,6798,6,0,0,0,0,0,0,0,0
65,2017-04-19,09:00:01,0,SR709,XZCE,6797,6790,6800,3792,257582160,641244,641242,7050,6506,6778,6767,0,6790,0,0,0,2017-04-19,32401000,6797,63,0,0,0,0,0,0,0,0,6800,147,0,0,0,0,0,0,0,0
66,2017-04-19,09:00:01,0,SR709,XZCE,6799,6790,6800,4810,326795980,641282,641242,7050,6506,6778,6767,0,6790,0,0,0,2017-04-19,32401000,6799,32,0,0,0,0,0,0,0,0,6800,213,0,0,0,0,0,0,0,0
67,2017-04-19,09:00:02,0,SR709,XZCE,6799,6790,6801,6234,423613740,640968,641242,7050,6506,6778,6767,0,6790,0,0,0,2017-04-19,32402000,6796,3,0,0,0,0,0,0,0,0,6798,7,0,0,0,0,0,0,0,0
68,2017-04-19,09:00:02,0,SR709,XZCE,6798,6790,6802,6592,447950580,640816,641242,7050,6506,6778,6767,0,6790,0,0,0,2017-04-19,32402000,6799,3,0,0,0,0,0,0,0,0,6800,2,0,0,0,0,0,0,0,0
69,2017-04-19,09:00:03,0,SR709,XZCE,6802,6790,6802,6874,467132220,640890,641242,7050,6506,6778,6767,0,6790,0,0,0,2017-04-19,32403000,6802,7,0,0,0,0,0,0,0,0,6803,29,0,0,0,0,0,0,0,0
70,2017-04-19,09:00:03,0,SR709,XZCE,6806,6790,6806,7340,498848180,640816,641242,7050,6506,6778,6767,0,6790,0,0,0,2017-04-19,32403000,6802,1,0,0,0,0,0,0,0,0,6806,6,0,0,0,0,0,0,0,0
71,2017-04-19,09:00:04,0,SR709,XZCE,6803,6790,6806,7536,512182060,640780,641242,7050,6506,6778,6767,0,6790,0,0,0,2017-04-19,32404000,6803,5,0,0,0,0,0,0,0,0,6804,24,0,0,0,0,0,0,0,0
72,2017-04-19,09:00:04,0,SR709,XZCE,6801,6790,6806,7936,539386060,640834,641242,7050,6506,6778,6767,0,6790,0,0,0,2017-04-19,32404000,6801,2,0,0,0,0,0,0,0,0,6802,7,0,0,0,0,0,0,0,0
73,2017-04-19,09:00:05,0,SR709,XZCE,6803,6790,6806,8196,557073860,640844,641242,7050,6506,6778,6767,0,6790,0,0,0,2017-04-19,32405000,6799,247,0,0,0,0,0,0,0,0,6803,30,0,0,0,0,0,0,0,0
74,2017-04-19,09:00:05,0,SR709,XZCE,6802,6790,6806,8422,572446380,640782,641242,7050,6506,6778,6767,0,6790,0,0,0,2017-04-19,32405000,6801,25,0,0,0,0,0,0,0,0,6802,7,0,0,0,0,0,0,0,0
75,2017-04-19,09:00:06,0,SR709,XZCE,6803,6790,6806,8718,592583260,640770,641242,7050,6506,6778,6767,0,6790,0,0,0,2017-04-19,32406000,6800,5,0,0,0,0,0,0,0,0,6803,5,0,0,0,0,0,0,0,0
76,2017-04-19,09:00:06,0,SR709,XZCE,6802,6790,6806,8934,607275580,640810,641242,7050,6506,6778,6767,0,6790,0,0,0,2017-04-19,32406000,6801,39,0,0,0,0,0,0,0,0,6802,14,0,0,0,0,0,0,0,0
77,2017-04-19,09:00:07,0,SR709,XZCE,6801,6790,6806,9058,615708820,640898,641242,7050,6506,6778,6767,0,6790,0,0,0,2017-04-19,32407000,6801,30,0,0,0,0,0,0,0,0,6802,4,0,0,0,0,0,0,0,0
78,2017-04-19,09:00:07,0,SR709,XZCE,6801,6790,6806,9220,626726440,640872,641242,7050,6506,6778,6767,0,6790,0,0,0,2017-04-19,32407000,6801,27,0,0,0,0,0,0,0,0,6803,1,0,0,0,0,0,0,0,0
79,2017-04-19,09:00:08,0,SR709,XZCE,6802,6790,6806,9348,635433000,640880,641242,7050,6506,6778,6767,0,6790,0,0,0,2017-04-19,32408000,6802,1,0,0,0,0,0,0,0,0,6803,13,0,0,0,0,0,0,0,0
80,2017-04-19,09:00:08,0,SR709,XZCE,6800,6790,6806,9746,662497000,640868,641242,7050,6506,6778,6767,0,6790,0,0,0,2017-04-19,32408000,6800,10,0,0,0,0,0,0,0,0,6801,24,0,0,0,0,0,0,0,0
81,2017-04-19,09:00:09,0,SR709,XZCE,6802,6790,6806,9872,671067520,640880,641242,7050,6506,6778,6767,0,6790,0,0,0,2017-04-19,32409000,6800,12,0,0,0,0,0,0,0,0,6801,3,0,0,0,0,0,0,0,0
82,2017-04-19,09:00:09,0,SR709,XZCE,6799,6790,6806,9960,677050640,640862,641242,7050,6506,6778,6767,0,6790,0,0,0,2017-04-19,32409000,6798,222,0,0,0,0,0,0,0,0,6799,1,0,0,0,0,0,0,0,0
83,2017-04-19,09:00:10,0,SR709,XZCE,6801,6790,6806,10034,682083380,640866,641242,7050,6506,6778,6767,0,6790,0,0,0,2017-04-19,32410000,6799,16,0,0,0,0,0,0,0,0,6801,78,0,0,0,0,0,0,0,0
84,2017-04-19,09:00:10,0,SR709,XZCE,6802,6790,6806,10356,703985820,640722,641242,7050,6506,6778,6767,0,6790,0,0,0,2017-04-19,32410000,6802,27,0,0,0,0,0,0,0,0,6803,161,0,0,0,0,0,0,0,0
85,2017-04-19,09:00:11,0,SR709,XZCE,6799,6790,6806,10894,740564440,640700,641242,7050,6506,6778,6767,0,6790,0,0,0,2017-04-19,32411000,6799,15,0,0,0,0,0,0,0,0,6802,6,0,0,0,0,0,0,0,0
86,2017-04-19,09:00:11,0,SR709,XZCE,6802,6790,6806,11056,751583680,640676,641242,7050,6506,6778,6767,0,6790,0,0,0,2017-04-19,32411000,6799,58,0,0,0,0,0,0,0,0,6801,4,0,0,0,0,0,0,0,0
87,2017-04-19,09:00:12,0,SR709,XZCE,6795,6790,6806,11658,792489580,640522,641242,7050,6506,6778,6767,0,6790,0,0,0,2017-04-19,32412000,6795,28,0,0,0,0,0,0,0,0,6799,18,0,0,0,0,0,0,0,0
88,2017-04-19,09:00:12,0,SR709,XZCE,6799,6790,6806,11808,802688080,640564,641242,7050,6506,6778,6767,0,6790,0,0,0,2017-04-19,32412000,6799,144,0,0,0,0,0,0,0,0,6800,83,0,0,0,0,0,0,0,0
89,2017-04-19,09:00:13,0,SR709,XZCE,6799,6790,6806,11956,812750600,640646,641242,7050,6506,6778,6767,0,6790,0,0,0,2017-04-19,32413000,6799,98,0,0,0,0,0,0,0,0,6800,104,0,0,0,0,0,0,0,0
90,2017-04-19,09:00:13,0,SR709,XZCE,6797,6790,6806,12264,833685360,640766,641242,7050,6506,6778,6767,0,6790,0,0,0,2017-04-19,32413000,6796,10,0,0,0,0,0,0,0,0,6797,5,0,0,0,0,0,0,0,0
91,2017-04-19,09:00:14,0,SR709,XZCE,6799,6790,6806,12722,864824780,640730,641242,7050,6506,6778,6767,0,6790,0,0,0,2017-04-19,32414000,6798,6,0,0,0,0,0,0,0,0,6799,40,0,0,0,0,0,0,0,0
92,2017-04-19,09:00:14,0,SR709,XZCE,6799,6790,6806,12872,875023280,640850,641242,7050,6506,6778,6767,0,6790,0,0,0,2017-04-19,32414000,6797,147,0,0,0,0,0,0,0,0,6799,37,0,0,0,0,0,0,0,0
93,2017-04-19,09:00:15,0,SR709,XZCE,6802,6790,6806,13456,914746960,640642,641242,7050,6506,6778,6767,0,6790,0,0,0,2017-04-19,32415000,6801,7,0,0,0,0,0,0,0,0,6802,7,0,0,0,0,0,0,0,0
94,2017-04-19,09:00:15,0,SR709,XZCE,6801,6790,6806,13524,919371640,640620,641242,7050,6506,6778,6767,0,6790,0,0,0,2017-04-19,32415000,6801,18,0,0,0,0,0,0,0,0,6803,86,0,0,0,0,0,0,0,0
95,2017-04-19,09:00:16,0,SR709,XZCE,6802,6790,6806,13594,924133040,640630,641242,7050,6506,6778,6767,0,6790,0,0,0,2017-04-19,32416000,6802,9,0,0,0,0,0,0,0,0,6803,80,0,0,0,0,0,0,0,0
96,2017-04-19,09:00:16,0,SR709,XZCE,6801,6790,6806,13742,934198520,640560,641242,7050,6506,6778,6767,0,6790,0,0,0,2017-04-19,32416000,6801,33,0,0,0,0,0,0,0,0,6803,40,0,0,0,0,0,0,0,0
97,2017-04-19,09:00:17,0,SR709,XZCE,6801,6790,6806,13800,938143100,640566,641242,7050,6506,6778,6767,0,6790,0,0,0,2017-04-19,32417000,6801,23,0,0,0,0,0,0,0,0,6802,5,0,0,0,0,0,0,0,0
98,2017-04-19,09:00:17,0,SR709,XZCE,6802,6790,6806,13834,940455780,640586,641242,7050,6506,6778,6767,0,6790,0,0,0,2017-04-19,32417000,6802,11,0,0,0,0,0,0,0,0,6803,73,0,0,0,0,0,0,0,0
99,2017-04-19,09:00:18,0,SR709,XZCE,6800,6790,6806,13978,950247780,640628,641242,7050,6506,6778,6767,0,6790,0,0,0,2017-04-19,32418000,6800,14,0,0,0,0,0,0,0,0,6801,59,0,0,0,0,0,0,0,0
100,2017-04-19,09:00:18,0,SR709,XZCE,6801,6790,6806,14000,951744000,640616,641242,7050,6506,6778,6767,0,6790,0,0,0,2017-04-19,32418000,6800,8,0,0,0,0,0,0,0,0,6801,56,0,0,0,0,0,0,0,0
101,2017-04-19,09:00:19,0,SR709,XZCE,6799,6790,6806,14066,956231340,640590,641242,7050,6506,6778,6767,0,6790,0,0,0,2017-04-19,32419000,6799,215,0,0,0,0,0,0,0,0,6801,75,0,0,0,0,0,0,0,0
102,2017-04-19,09:00:19,0,SR709,XZCE,6799,6790,6806,14242,968197580,640690,641242,7050,6506,6778,6767,0,6790,0,0,0,2017-04-19,32419000,6799,155,0,0,0,0,0,0,0,0,6801,67,0,0,0,0,0,0,0,0
103,2017-04-19,09:00:20,0,SR709,XZCE,6800,6790,6806,14388,978125580,640776,641242,7050,6506,6778,6767,0,6790,0,0,0,2017-04-19,32420000,6799,103,0,0,0,0,0,0,0,0,6800,3,0,0,0,0,0,0,0,0
104,2017-04-19,09:00:20,0,SR709,XZCE,6800,6790,6806,14442,981797580,640828,641242,7050,6506,6778,6767,0,6790,0,0,0,2017-04-19,32420000,6799,77,0,0,0,0,0,0,0,0,6800,43,0,0,0,0,0,0,0,0
105,2017-04-19,09:00:21,0,SR709,XZCE,6800,6790,6806,14554,989413580,640814,641242,7050,6506,6778,6767,0,6790,0,0,0,2017-04-19,32421000,6799,75,0,0,0,0,0,0,0,0,6800,8,0,0,0,0,0,0,0,0
106,2017-04-19,09:00:21,0,SR709,XZCE,6799,6790,6806,14744,1002331680,640888,641242,7050,6506,6778,6767,0,6790,0,0,0,2017-04-19,32421000,6798,31,0,0,0,0,0,0,0,0,6799,46,0,0,0,0,0,0,0,0
107,2017-04-19,09:00:22,0,SR709,XZCE,6801,6790,6806,14938,1015525620,640722,641242,7050,6506,6778,6767,0,6790,0,0,0,2017-04-19,32422000,6800,218,0,0,0,0,0,0,0,0,6801,45,0,0,0,0,0,0,0,0
108,2017-04-19,09:00:22,0,SR709,XZCE,6799,6790,6806,15382,1045713180,640564,641242,7050,6506,6778,6767,0,6790,0,0,0,2017-04-19,32422000,6799,6,0,0,0,0,0,0,0,0,6800,36,0,0,0,0,0,0,0,0
109,2017-04-19,09:00:23,0,SR709,XZCE,6799,6790,6806,15408,1047480920,640554,641242,7050,6506,6778,6767,0,6790,0,0,0,2017-04-19,32423000,6798,11,0,0,0,0,0,0,0,0,6799,19,0,0,0,0,0,0,0,0
110,2017-04-19,09:00:23,0,SR709,XZCE,6799,6790,6806,15418,1048160820,640554,641242,7050,6506,6778,6767,0,6790,0,0,0,2017-04-19,32423000,6798,11,0,0,0,0,0,0,0,0,6799,25,0,0,0,0,0,0,0,0
111,2017-04-19,09:00:24,0,SR709,XZCE,6799,6790,6806,15464,1051288360,640574,641242,7050,6506,6778,6767,0,6790,0,0,0,2017-04-19,32424000,6797,154,0,0,0,0,0,0,0,0,6799,41,0,0,0,0,0,0,0,0
112,2017-04-19,09:00:24,0,SR709,XZCE,6799,6790,6806,15486,1052784140,640570,641242,7050,6506,6778,6767,0,6790,0,0,0,2017-04-19,32424000,6798,1,0,0,0,0,0,0,0,0,6799,44,0,0,0,0,0,0,0,0
113,2017-04-19,09:00:25,0,SR709,XZCE,6799,6790,6806,15524,1055367760,640602,641242,7050,6506,6778,6767,0,6790,0,0,0,2017-04-19,32425000,6797,150,0,0,0,0,0,0,0,0,6799,32,0,0,0,0,0,0,0,0
114,2017-04-19,09:00:25,0,SR709,XZCE,6797,6790,6806,15552,1057270920,640604,641242,7050,6506,6778,6767,0,6790,0,0,0,2017-04-19,32425000,6797,141,0,0,0,0,0,0,0,0,6798,19,0,0,0,0,0,0,0,0
115,2017-04-19,09:00:26,0,SR709,XZCE,6798,6790,6806,15722,1068827520,640770,641242,7050,6506,6778,6767,0,6790,0,0,0,2017-04-19,32426000,6798,117,0,0,0,0,0,0,0,0,6799,39,0,0,0,0,0,0,0,0
116,2017-04-19,09:00:26,0,SR709,XZCE,6798,6790,6806,15822,1075625520,640806,641242,7050,6506,6778,6767,0,6790,0,0,0,2017-04-19,32426000,6798,76,0,0,0,0,0,0,0,0,6799,46,0,0,0,0,0,0,0,0
117,2017-04-19,09:00:27,0,SR709,XZCE,6799,6790,6806,15990,1087047840,640902,641242,7050,6506,6778,6767,0,6790,0,0,0,2017-04-19,32427000,6798,24,0,0,0,0,0,0,0,0,6799,15,0,0,0,0,0,0,0,0
118,2017-04-19,09:00:27,0,SR709,XZCE,6798,6790,6806,16028,1089631080,640924,641242,7050,6506,6778,6767,0,6790,0,0,0,2017-04-19,32427000,6798,17,0,0,0,0,0,0,0,0,6799,8,0,0,0,0,0,0,0,0
119,2017-04-19,09:00:28,0,SR709,XZCE,6798,6790,6806,16078,1093030080,640966,641242,7050,6506,6778,6767,0,6790,0,0,0,2017-04-19,32428000,6797,140,0,0,0,0,0,0,0,0,6798,33,0,0,0,0,0,0,0,0
120,2017-04-19,09:00:28,0,SR709,XZCE,6798,6790,6806,16100,1094525640,640978,641242,7050,6506,6778,6767,0,6790,0,0,0,2017-04-19,32428000,6797,139,0,0,0,0,0,0,0,0,6798,25,0,0,0,0,0,0,0,0
121,2017-04-19,09:00:29,0,SR709,XZCE,6797,6790,6806,16116,1095613160,640986,641242,7050,6506,6778,6767,0,6790,0,0,0,2017-04-19,32429000,6797,134,0,0,0,0,0,0,0,0,6798,35,0,0,0,0,0,0,0,0
122,2017-04-19,09:00:29,0,SR709,XZCE,6798,6790,6806,16166,1099012160,641000,641242,7050,6506,6778,6767,0,6790,0,0,0,2017-04-19,32429000,6797,119,0,0,0,0,0,0,0,0,6798,56,0,0,0,0,0,0,0,0
123,2017-04-19,09:00:30,0,SR709,XZCE,6797,6790,6806,16314,1109071720,641068,641242,7050,6506,6778,6767,0,6790,0,0,0,2017-04-19,32430000,6797,47,0,0,0,0,0,0,0,0,6798,53,0,0,0,0,0,0,0,0
124,2017-04-19,09:00:30,0,SR709,XZCE,6796,6790,6806,16490,1121032680,641084,641242,7050,6506,6778,6767,0,6790,0,0,0,2017-04-19,32430000,6795,94,0,0,0,0,0,0,0,0,6796,5,0,0,0,0,0,0,0,0
125,2017-04-19,09:00:31,0,SR709,XZCE,6795,6790,6806,16820,1143456180,641106,641242,7050,6506,6778,6767,0,6790,0,0,0,2017-04-19,32431000,6793,15,0,0,0,0,0,0,0,0,6795,44,0,0,0,0,0,0,0,0
126,2017-04-19,09:00:31,0,SR709,XZCE,6792,6790,6806,16946,1152014100,641118,641242,7050,6506,6778,6767,0,6790,0,0,0,2017-04-19,32431000,6791,57,0,0,0,0,0,0,0,0,6792,12,0,0,0,0,0,0,0,0
127,2017-04-19,09:00:32,0,SR709,XZCE,6789,6789,6806,17152,1165999440,641032,641242,7050,6506,6778,6767,0,6790,0,0,0,2017-04-19,32432000,6789,73,0,0,0,0,0,0,0,0,6791,33,0,0,0,0,0,0,0,0
128,2017-04-19,09:00:32,0,SR709,XZCE,6792,6789,6806,17270,1174014000,641086,641242,7050,6506,6778,6767,0,6790,0,0,0,2017-04-19,32432000,6790,23,0,0,0,0,0,0,0,0,6792,54,0,0,0,0,0,0,0,0
129,2017-04-19,09:00:33,0,SR709,XZCE,6792,6789,6806,17538,1192216560,640984,641242,7050,6506,6778,6767,0,6790,0,0,0,2017-04-19,32433000,6790,7,0,0,0,0,0,0,0,0,6792,18,0,0,0,0,0,0,0,0
130,2017-04-19,09:00:33,0,SR709,XZCE,6789,6789,6806,17782,1208781720,640872,641242,7050,6506,6778,6767,0,6790,0,0,0,2017-04-19,32433000,6789,28,0,0,0,0,0,0,0,0,6791,4,0,0,0,0,0,0,0,0
131,2017-04-19,09:00:34,0,SR709,XZCE,6792,6789,6806,17824,1211634360,640882,641242,7050,6506,6778,6767,0,6790,0,0,0,2017-04-19,32434000,6792,24,0,0,0,0,0,0,0,0,6793,15,0,0,0,0,0,0,0,0
132,2017-04-19,09:00:34,0,SR709,XZCE,6792,6789,6806,17930,1218833880,640900,641242,7050,6506,6778,6767,0,6790,0,0,0,2017-04-19,32434000,6791,114,0,0,0,0,0,0,0,0,6792,11,0,0,0,0,0,0,0,0
133,2017-04-19,09:00:35,0,SR709,XZCE,6793,6789,6806,18068,1228208220,640868,641242,7050,6506,6778,6767,0,6790,0,0,0,2017-04-19,32435000,6793,9,0,0,0,0,0,0,0,0,6797,124,0,0,0,0,0,0,0,0
134,2017-04-19,09:00:35,0,SR709,XZCE,6795,6789,6806,18140,1233100620,640898,641242,7050,6506,6778,6767,0,6790,0,0,0,2017-04-19,32435000,6793,15,0,0,0,0,0,0,0,0,6795,42,0,0,0,0,0,0,0,0
135,2017-04-19,09:00:36,0,SR709,XZCE,6794,6789,6806,18218,1238399940,640916,641242,7050,6506,6778,6767,0,6790,0,0,0,2017-04-19,32436000,6793,11,0,0,0,0,0,0,0,0,6795,42,0,0,0,0,0,0,0,0
136,2017-04-19,09:00:36,0,SR709,XZCE,6794,6789,6806,18244,1240166380,640916,641242,7050,6506,6778,6767,0,6790,0,0,0,2017-04-19,32436000,6793,6,0,0,0,0,0,0,0,0,6795,42,0,0,0,0,0,0,0,0
137,2017-04-19,09:00:37,0,SR709,XZCE,6795,6789,6806,18306,1244379280,640908,641242,7050,6506,6778,6767,0,6790,0,0,0,2017-04-19,32437000,6793,2,0,0,0,0,0,0,0,0,6795,45,0,0,0,0,0,0,0,0
138,2017-04-19,09:00:37,0,SR709,XZCE,6793,6789,6806,18310,1244651000,640906,641242,7050,6506,6778,6767,0,6790,0,0,0,2017-04-19,32437000,6792,23,0,0,0,0,0,0,0,0,6794,32,0,0,0,0,0,0,0,0
139,2017-04-19,09:00:38,0,SR709,XZCE,6793,6789,6806,18330,1246009600,640906,641242,7050,6506,6778,6767,0,6790,0,0,0,2017-04-19,32438000,6792,14,0,0,0,0,0,0,0,0,6793,4,0,0,0,0,0,0,0,0
140,2017-04-19,09:00:38,0,SR709,XZCE,6793,6789,6806,18366,1248455080,640922,641242,7050,6506,6778,6767,0,6790,0,0,0,2017-04-19,32438000,6792,10,0,0,0,0,0,0,0,0,6793,6,0,0,0,0,0,0,0,0
141,2017-04-19,09:00:39,0,SR709,XZCE,6792,6789,6806,18404,1251036040,640900,641242,7050,6506,6778,6767,0,6790,0,0,0,2017-04-19,32439000,6791,107,0,0,0,0,0,0,0,0,6793,6,0,0,0,0,0,0,0,0
142,2017-04-19,09:00:39,0,SR709,XZCE,6791,6789,6806,18416,1251850960,640904,641242,7050,6506,6778,6767,0,6790,0,0,0,2017-04-19,32439000,6791,105,0,0,0,0,0,0,0,0,6792,1,0,0,0,0,0,0,0,0
143,2017-04-19,09:00:40,0,SR709,XZCE,6791,6789,6806,18432,1252937520,640904,641242,7050,6506,6778,6767,0,6790,0,0,0,2017-04-19,32440000,6791,101,0,0,0,0,0,0,0,0,6793,47,0,0,0,0,0,0,0,0
144,2017-04-19,09:00:40,0,SR709,XZCE,6791,6789,6806,18496,1257283760,640870,641242,7050,6506,6778,6767,0,6790,0,0,0,2017-04-19,32440000,6791,82,0,0,0,0,0,0,0,0,6793,45,0,0,0,0,0,0,0,0
145,2017-04-19,09:00:41,0,SR709,XZCE,6793,6789,6806,18518,1258778220,640868,641242,7050,6506,6778,6767,0,6790,0,0,0,2017-04-19,32441000,6792,48,0,0,0,0,0,0,0,0,6793,62,0,0,0,0,0,0,0,0
146,2017-04-19,09:00:41,0,SR709,XZCE,6793,6789,6806,18554,1261223700,640878,641242,7050,6506,6778,6767,0,6790,0,0,0,2017-04-19,32441000,6792,42,0,0,0,0,0,0,0,0,6793,26,0,0,0,0,0,0,0,0
147,2017-04-19,09:00:42,0,SR709,XZCE,6792,6789,6806,18672,1269238260,640886,641242,7050,6506,6778,6767,0,6790,0,0,0,2017-04-19,32442000,6792,16,0,0,0,0,0,0,0,0,6793,26,0,0,0,0,0,0,0,0
148,2017-04-19,09:00:42,0,SR709,XZCE,6792,6789,6806,18716,1272226740,640884,641242,7050,6506,6778,6767,0,6790,0,0,0,2017-04-19,32442000,6792,19,0,0,0,0,0,0,0,0,6793,15,0,0,0,0,0,0,0,0
149,2017-04-19,09:00:43,0,SR709,XZCE,6792,6789,6806,18762,1275351060,640884,641242,7050,6506,6778,6767,0,6790,0,0,0,2017-04-19,32443000,6791,105,0,0,0,0,0,0,0,0,6792,36,0,0,0,0,0,0,0,0
150,2017-04-19,09:00:43,0,SR709,XZCE,6792,6789,6806,18840,1280648820,640934,641242,7050,6506,6778,6767,0,6790,0,0,0,2017-04-19,32443000,6792,51,0,0,0,0,0,0,0,0,6793,11,0,0,0,0,0,0,0,0
151,2017-04-19,09:00:44,0,SR709,XZCE,6793,6789,6806,18870,1282686720,640942,641242,7050,6506,6778,6767,0,6790,0,0,0,2017-04-19,32444000,6792,74,0,0,0,0,0,0,0,0,6794,46,0,0,0,0,0,0,0,0
152,2017-04-19,09:00:44,0,SR709,XZCE,6792,6789,6806,18950,1288120320,640942,641242,7050,6506,6778,6767,0,6790,0,0,0,2017-04-19,32444000,6792,40,0,0,0,0,0,0,0,0,6794,47,0,0,0,0,0,0,0,0
153,2017-04-19,09:00:44,0,SR709,XZCE,6793,6789,6806,18982,1290294080,640952,641242,7050,6506,6778,6767,0,6790,0,0,0,2017-04-19,32444000,6793,3,0,0,0,0,0,0,0,0,6794,47,0,0,0,0,0,0,0,0
154,2017-04-19,09:00:45,0,SR709,XZCE,6794,6789,6806,18992,1290973480,640952,641242,7050,6506,6778,6767,0,6790,0,0,0,2017-04-19,32445000,6793,1,0,0,0,0,0,0,0,0,6794,44,0,0,0,0,0,0,0,0
155,2017-04-19,09:00:46,0,SR709,XZCE,6793,6789,6806,18998,1291381060,640954,641242,7050,6506,6778,6767,0,6790,0,0,0,2017-04-19,32446000,6793,2,0,0,0,0,0,0,0,0,6794,49,0,0,0,0,0,0,0,0
156,2017-04-19,09:00:46,0,SR709,XZCE,6793,6789,6806,19012,1292332080,640942,641242,7050,6506,6778,6767,0,6790,0,0,0,2017-04-19,32446000,6793,5,0,0,0,0,0,0,0,0,6794,59,0,0,0,0,0,0,0,0
157,2017-04-19,09:00:47,0,SR709,XZCE,6793,6789,6806,19026,1293283100,640944,641242,7050,6506,6778,6767,0,6790,0,0,0,2017-04-19,32447000,6792,36,0,0,0,0,0,0,0,0,6793,10,0,0,0,0,0,0,0,0
158,2017-04-19,09:00:47,0,SR709,XZCE,6793,6789,6806,19036,1293962400,640946,641242,7050,6506,6778,6767,0,6790,0,0,0,2017-04-19,32447000,6792,32,0,0,0,0,0,0,0,0,6793,10,0,0,0,0,0,0,0,0
159,2017-04-19,09:00:48,0,SR709,XZCE,6793,6789,6806,19060,1295592720,640942,641242,7050,6506,6778,6767,0,6790,0,0,0,2017-04-19,32448000,6792,26,0,0,0,0,0,0,0,0,6793,57,0,0,0,0,0,0,0,0
160,2017-04-19,09:00:48,0,SR709,XZCE,6793,6789,6806,19076,1296679600,640958,641242,7050,6506,6778,6767,0,6790,0,0,0,2017-04-19,32448000,6792,19,0,0,0,0,0,0,0,0,6793,73,0,0,0,0,0,0,0,0
161,2017-04-19,09:00:49,0,SR709,XZCE,6793,6789,6806,19140,1301027120,640982,641242,7050,6506,6778,6767,0,6790,0,0,0,2017-04-19,32449000,6792,11,0,0,0,0,0,0,0,0,6793,70,0,0,0,0,0,0,0,0
162,2017-04-19,09:00:49,0,SR709,XZCE,6792,6789,6806,19174,1303336400,641004,641242,7050,6506,6778,6767,0,6790,0,0,0,2017-04-19,32449000,6791,100,0,0,0,0,0,0,0,0,6792,11,0,0,0,0,0,0,0,0
163,2017-04-19,09:00:50,0,SR709,XZCE,6791,6789,6806,19200,1305102060,641004,641242,7050,6506,6778,6767,0,6790,0,0,0,2017-04-19,32450000,6791,100,0,0,0,0,0,0,0,0,6792,28,0,0,0,0,0,0,0,0
164,2017-04-19,09:00:50,0,SR709,XZCE,6792,6789,6806,19206,1305509580,641010,641242,7050,6506,6778,6767,0,6790,0,0,0,2017-04-19,32450000,6791,100,0,0,0,0,0,0,0,0,6792,33,0,0,0,0,0,0,0,0
165,2017-04-19,09:00:51,0,SR709,XZCE,6792,6789,6806,19236,1307547180,641012,641242,7050,6506,6778,6767,0,6790,0,0,0,2017-04-19,32451000,6791,99,0,0,0,0,0,0,0,0,6792,34,0,0,0,0,0,0,0,0
166,2017-04-19,09:00:51,0,SR709,XZCE,6792,6789,6806,19570,1330232460,640930,641242,7050,6506,6778,6767,0,6790,0,0,0,2017-04-19,32451000,6791,92,0,0,0,0,0,0,0,0,6793,26,0,0,0,0,0,0,0,0
167,2017-04-19,09:00:52,0,SR709,XZCE,6791,6789,6806,19584,1331183200,640934,641242,7050,6506,6778,6767,0,6790,0,0,0,2017-04-19,32452000,6792,11,0,0,0,0,0,0,0,0,6793,36,0,0,0,0,0,0,0,0
168,2017-04-19,09:00:52,0,SR709,XZCE,6792,6789,6806,19628,1334171680,640918,641242,7050,6506,6778,6767,0,6790,0,0,0,2017-04-19,32452000,6792,28,0,0,0,0,0,0,0,0,6793,35,0,0,0,0,0,0,0,0
169,2017-04-19,09:00:53,0,SR709,XZCE,6792,6789,6806,19632,1334443360,640918,641242,7050,6506,6778,6767,0,6790,0,0,0,2017-04-19,32453000,6792,28,0,0,0,0,0,0,0,0,6793,23,0,0,0,0,0,0,0,0
170,2017-04-19,09:00:53,0,SR709,XZCE,6792,6789,6806,19638,1334850880,640920,641242,7050,6506,6778,6767,0,6790,0,0,0,2017-04-19,32453000,6792,53,0,0,0,0,0,0,0,0,6793,35,0,0,0,0,0,0,0,0
171,2017-04-19,09:00:54,0,SR709,XZCE,6792,6789,6806,19684,1337975200,640920,641242,7050,6506,6778,6767,0,6790,0,0,0,2017-04-19,32454000,6792,60,0,0,0,0,0,0,0,0,6793,45,0,0,0,0,0,0,0,0
172,2017-04-19,09:00:54,0,SR709,XZCE,6792,6789,6806,19718,1340284480,640922,641242,7050,6506,6778,6767,0,6790,0,0,0,2017-04-19,32454000,6792,62,0,0,0,0,0,0,0,0,6793,46,0,0,0,0,0,0,0,0
173,2017-04-19,09:00:55,0,SR709,XZCE,6792,6789,6806,19734,1341371200,640918,641242,7050,6506,6778,6767,0,6790,0,0,0,2017-04-19,32455000,6792,57,0,0,0,0,0,0,0,0,6793,49,0,0,0,0,0,0,0,0
174,2017-04-19,09:00:55,0,SR709,XZCE,6792,6789,6806,19854,1349521600,640912,641242,7050,6506,6778,6767,0,6790,0,0,0,2017-04-19,32455000,6791,109,0,0,0,0,0,0,0,0,6792,43,0,0,0,0,0,0,0,0
175,2017-04-19,09:00:56,0,SR709,XZCE,6792,6789,6806,19872,1350744160,640908,641242,7050,6506,6778,6767,0,6790,0,0,0,2017-04-19,32456000,6791,106,0,0,0,0,0,0,0,0,6792,41,0,0,0,0,0,0,0,0
176,2017-04-19,09:00:56,0,SR709,XZCE,6791,6789,6806,19924,1354275480,640918,641242,7050,6506,6778,6767,0,6790,0,0,0,2017-04-19,32456000,6791,100,0,0,0,0,0,0,0,0,6792,27,0,0,0,0,0,0,0,0
177,2017-04-19,09:00:57,0,SR709,XZCE,6793,6789,6806,20050,1362834660,640928,641242,7050,6506,6778,6767,0,6790,0,0,0,2017-04-19,32457000,6792,45,0,0,0,0,0,0,0,0,6793,25,0,0,0,0,0,0,0,0
178,2017-04-19,09:00:57,0,SR709,XZCE,6792,6789,6806,20108,1366774020,640964,641242,7050,6506,6778,6767,0,6790,0,0,0,2017-04-19,32457000,6793,24,0,0,0,0,0,0,0,0,6794,46,0,0,0,0,0,0,0,0
179,2017-04-19,09:00:58,0,SR709,XZCE,6792,6789,6806,20162,1370441700,640924,641242,7050,6506,6778,6767,0,6790,0,0,0,2017-04-19,32458000,6793,21,0,0,0,0,0,0,0,0,6794,49,0,0,0,0,0,0,0,0
180,2017-04-19,09:00:58,0,SR709,XZCE,6794,6789,6806,20196,1372751660,640902,641242,7050,6506,6778,6767,0,6790,0,0,0,2017-04-19,32458000,6793,16,0,0,0,0,0,0,0,0,6794,44,0,0,0,0,0,0,0,0
181,2017-04-19,09:00:59,0,SR709,XZCE,6793,6789,6806,20232,1375197140,640898,641242,7050,6506,6778,6767,0,6790,0,0,0,2017-04-19,32459000,6792,47,0,0,0,0,0,0,0,0,6793,5,0,0,0,0,0,0,0,0
182,2017-04-19,09:00:59,0,SR709,XZCE,6793,6789,6806,20294,1379408800,640898,641242,7050,6506,6778,6767,0,6790,0,0,0,2017-04-19,32459000,6793,41,0,0,0,0,0,0,0,0,6794,23,0,0,0,0,0,0,0,0
183,2017-04-19,09:01:00,0,SR709,XZCE,6793,6789,6806,20298,1379680520,640902,641242,7050,6506,6778,6767,0,6790,0,0,0,2017-04-19,32460000,6793,44,0,0,0,0,0,0,0,0,6794,22,0,0,0,0,0,0,0,0
184,2017-04-19,09:01:00,0,SR709,XZCE,6792,6789,6806,20420,1387966760,640918,641242,7050,6506,6778,6767,0,6790,0,0,0,2017-04-19,32460000,6792,31,0,0,0,0,0,0,0,0,6794,26,0,0,0,0,0,0,0,0
185,2017-04-19,09:01:01,0,SR709,XZCE,6794,6789,6806,20456,1390412600,640910,641242,7050,6506,6778,6767,0,6790,0,0,0,2017-04-19,32461000,6793,43,0,0,0,0,0,0,0,0,6794,16,0,0,0,0,0,0,0,0
186,2017-04-19,09:01:01,0,SR709,XZCE,6794,6789,6806,20494,1392994320,640904,641242,7050,6506,6778,6767,0,6790,0,0,0,2017-04-19,32461000,6793,29,0,0,0,0,0,0,0,0,6794,16,0,0,0,0,0,0,0,0
187,2017-04-19,09:01:02,0,SR709,XZCE,6794,6789,6806,20572,1398293640,640932,641242,7050,6506,6778,6767,0,6790,0,0,0,2017-04-19,32462000,6793,31,0,0,0,0,0,0,0,0,6795,55,0,0,0,0,0,0,0,0
188,2017-04-19,09:01:02,0,SR709,XZCE,6793,6789,6806,20604,1400467400,640942,641242,7050,6506,6778,6767,0,6790,0,0,0,2017-04-19,32462000,6793,19,0,0,0,0,0,0,0,0,6794,17,0,0,0,0,0,0,0,0
189,2017-04-19,09:01:03,0,SR709,XZCE,6793,6789,6806,20640,1402912880,640972,641242,7050,6506,6778,6767,0,6790,0,0,0,2017-04-19,32463000,6793,8,0,0,0,0,0,0,0,0,6794,38,0,0,0,0,0,0,0,0
190,2017-04-19,09:01:03,0,SR709,XZCE,6793,6789,6806,20666,1404679060,640966,641242,7050,6506,6778,6767,0,6790,0,0,0,2017-04-19,32463000,6792,60,0,0,0,0,0,0,0,0,6793,8,0,0,0,0,0,0,0,0
191,2017-04-19,09:01:04,0,SR709,XZCE,6792,6789,6806,20670,1404950740,640966,641242,7050,6506,6778,6767,0,6790,0,0,0,2017-04-19,32464000,6792,75,0,0,0,0,0,0,0,0,6793,23,0,0,0,0,0,0,0,0
192,2017-04-19,09:01:04,0,SR709,XZCE,6793,6789,6806,20694,1406581060,640980,641242,7050,6506,6778,6767,0,6790,0,0,0,2017-04-19,32464000,6792,75,0,0,0,0,0,0,0,0,6793,12,0,0,0,0,0,0,0,0
193,2017-04-19,09:01:05,0,SR709,XZCE,6793,6789,6806,20874,1418808460,640986,641242,7050,6506,6778,6767,0,6790,0,0,0,2017-04-19,32465000,6793,39,0,0,0,0,0,0,0,0,6794,42,0,0,0,0,0,0,0,0
194,2017-04-19,09:01:05,0,SR709,XZCE,6793,6789,6806,20906,1420982220,640978,641242,7050,6506,6778,6767,0,6790,0,0,0,2017-04-19,32465000,6793,39,0,0,0,0,0,0,0,0,6794,28,0,0,0,0,0,0,0,0
195,2017-04-19,09:01:06,0,SR709,XZCE,6794,6789,6806,20926,1422341020,640992,641242,7050,6506,6778,6767,0,6790,0,0,0,2017-04-19,32466000,6793,31,0,0,0,0,0,0,0,0,6794,29,0,0,0,0,0,0,0,0
196,2017-04-19,09:01:06,0,SR709,XZCE,6793,6789,6806,20930,1422612740,640996,641242,7050,6506,6778,6767,0,6790,0,0,0,2017-04-19,32466000,6793,32,0,0,0,0,0,0,0,0,6794,29,0,0,0,0,0,0,0,0
197,2017-04-19,09:01:07,0,SR709,XZCE,6793,6789,6806,20936,1423020320,641000,641242,7050,6506,6778,6767,0,6790,0,0,0,2017-04-19,32467000,6793,29,0,0,0,0,0,0,0,0,6794,42,0,0,0,0,0,0,0,0
198,2017-04-19,09:01:07,0,SR709,XZCE,6793,6789,6806,21010,1428047140,641068,641242,7050,6506,6778,6767,0,6790,0,0,0,2017-04-19,32467000,6792,59,0,0,0,0,0,0,0,0,6793,13,0,0,0,0,0,0,0,0
199,2017-04-19,09:01:08,0,SR709,XZCE,6792,6789,6806,21114,1435110820,641062,641242,7050,6506,6778,6767,0,6790,0,0,0,2017-04-19,32468000,6792,16,0,0,0,0,0,0,0,0,6793,14,0,0,0,0,0,0,0,0
200,2017-04-19,09:01:08,0,SR709,XZCE,6793,6789,6806,21168,1438779040,641076,641242,7050,6506,6778,6767,0,6790,0,0,0,2017-04-19,32468000,6791,111,0,0,0,0,0,0,0,0,6793,84,0,0,0,0,0,0,0,0
201,2017-04-19,09:01:09,0,SR709,XZCE,6793,6789,6806,21196,1440681080,641074,641242,7050,6506,6778,6767,0,6790,0,0,0,2017-04-19,32469000,6791,111,0,0,0,0,0,0,0,0,6793,83,0,0,0,0,0,0,0,0
202,2017-04-19,09:01:09,0,SR709,XZCE,6793,6789,6806,21344,1450734720,640960,641242,7050,6506,6778,6767,0,6790,0,0,0,2017-04-19,32469000,6791,105,0,0,0,0,0,0,0,0,6793,34,0,0,0,0,0,0,0,0
203,2017-04-19,09:01:10,0,SR709,XZCE,6792,6789,6806,21382,1453315680,640946,641242,7050,6506,6778,6767,0,6790,0,0,0,2017-04-19,32470000,6791,95,0,0,0,0,0,0,0,0,6792,6,0,0,0,0,0,0,0,0
204,2017-04-19,09:01:10,0,SR709,XZCE,6791,6789,6806,21434,1456847000,640946,641242,7050,6506,6778,6767,0,6790,0,0,0,2017-04-19,32470000,6791,80,0,0,0,0,0,0,0,0,6792,19,0,0,0,0,0,0,0,0
205,2017-04-19,09:01:11,0,SR709,XZCE,6792,6789,6806,21536,1463774840,640956,641242,7050,6506,6778,6767,0,6790,0,0,0,2017-04-19,32471000,6792,79,0,0,0,0,0,0,0,0,6794,31,0,0,0,0,0,0,0,0
206,2017-04-19,09:01:11,0,SR709,XZCE,6793,6789,6806,21654,1471790580,640856,641242,7050,6506,6778,6767,0,6790,0,0,0,2017-04-19,32471000,6792,8,0,0,0,0,0,0,0,0,6793,57,0,0,0,0,0,0,0,0
207,2017-04-19,09:01:12,0,SR709,XZCE,6792,6789,6806,21664,1472469780,640858,641242,7050,6506,6778,6767,0,6790,0,0,0,2017-04-19,32472000,6792,6,0,0,0,0,0,0,0,0,6793,55,0,0,0,0,0,0,0,0
208,2017-04-19,09:01:12,0,SR709,XZCE,6792,6789,6806,21670,1472877300,640864,641242,7050,6506,6778,6767,0,6790,0,0,0,2017-04-19,32472000,6792,12,0,0,0,0,0,0,0,0,6793,44,0,0,0,0,0,0,0,0
209,2017-04-19,09:01:13,0,SR709,XZCE,6792,6789,6806,21702,1475050740,640872,641242,7050,6506,6778,6767,0,6790,0,0,0,2017-04-19,32473000,6792,25,0,0,0,0,0,0,0,0,6793,7,0,0,0,0,0,0,0,0
210,2017-04-19,09:01:13,0,SR709,XZCE,6793,6789,6806,21740,1477632080,640866,641242,7050,6506,6778,6767,0,6790,0,0,0,2017-04-19,32473000,6792,13,0,0,0,0,0,0,0,0,6793,5,0,0,0,0,0,0,0,0
211,2017-04-19,09:01:14,0,SR709,XZCE,6792,6789,6806,21772,1479805520,640858,641242,7050,6506,6778,6767,0,6790,0,0,0,2017-04-19,32474000,6792,5,0,0,0,0,0,0,0,0,6793,12,0,0,0,0,0,0,0,0
212,2017-04-19,09:01:14,0,SR709,XZCE,6792,6789,6806,21776,1480077200,640858,641242,7050,6506,6778,6767,0,6790,0,0,0,2017-04-19,32474000,6792,9,0,0,0,0,0,0,0,0,6793,20,0,0,0,0,0,0,0,0
213,2017-04-19,09:01:15,0,SR709,XZCE,6792,6789,6806,21800,1481707280,640862,641242,7050,6506,6778,6767,0,6790,0,0,0,2017-04-19,32475000,6791,76,0,0,0,0,0,0,0,0,6792,4,0,0,0,0,0,0,0,0
214,2017-04-19,09:01:15,0,SR709,XZCE,6793,6789,6806,21952,1492032640,640858,641242,7050,6506,6778,6767,0,6790,0,0,0,2017-04-19,32475000,6792,4,0,0,0,0,0,0,0,0,6793,15,0,0,0,0,0,0,0,0
215,2017-04-19,09:01:16,0,SR709,XZCE,6793,6789,6806,21994,1494885700,640894,641242,7050,6506,6778,6767,0,6790,0,0,0,2017-04-19,32476000,6792,6,0,0,0,0,0,0,0,0,6793,14,0,0,0,0,0,0,0,0
216,2017-04-19,09:01:16,0,SR709,XZCE,6792,6789,6806,22018,1496515780,640890,641242,7050,6506,6778,6767,0,6790,0,0,0,2017-04-19,32476000,6792,5,0,0,0,0,0,0,0,0,6793,47,0,0,0,0,0,0,0,0
217,2017-04-19,09:01:17,0,SR709,XZCE,6792,6789,6806,22030,1497330820,640888,641242,7050,6506,6778,6767,0,6790,0,0,0,2017-04-19,32477000,6792,10,0,0,0,0,0,0,0,0,6793,63,0,0,0,0,0,0,0,0
218,2017-04-19,09:01:17,0,SR709,XZCE,6792,6789,6806,22138,1504666180,640880,641242,7050,6506,6778,6767,0,6790,0,0,0,2017-04-19,32477000,6792,7,0,0,0,0,0,0,0,0,6793,13,0,0,0,0,0,0,0,0
219,2017-04-19,09:01:18,0,SR709,XZCE,6793,6789,6806,22154,1505753060,640896,641242,7050,6506,6778,6767,0,6790,0,0,0,2017-04-19,32478000,6792,4,0,0,0,0,0,0,0,0,6793,41,0,0,0,0,0,0,0,0
220,2017-04-19,09:01:18,0,SR709,XZCE,6792,6789,6806,22164,1506432260,640900,641242,7050,6506,6778,6767,0,6790,0,0,0,2017-04-19,32478000,6792,4,0,0,0,0,0,0,0,0,6793,39,0,0,0,0,0,0,0,0
221,2017-04-19,09:01:19,0,SR709,XZCE,6793,6789,6806,22274,1513904560,640898,641242,7050,6506,6778,6767,0,6790,0,0,0,2017-04-19,32479000,6793,2,0,0,0,0,0,0,0,0,6794,14,0,0,0,0,0,0,0,0
222,2017-04-19,09:01:19,0,SR709,XZCE,6793,6789,6806,22304,1515942460,640890,641242,7050,6506,6778,6767,0,6790,0,0,0,2017-04-19,32479000,6792,3,0,0,0,0,0,0,0,0,6793,8,0,0,0,0,0,0,0,0
223,2017-04-19,09:01:20,0,SR709,XZCE,6793,6789,6806,22324,1517301060,640878,641242,7050,6506,6778,6767,0,6790,0,0,0,2017-04-19,32480000,6792,20,0,0,0,0,0,0,0,0,6793,5,0,0,0,0,0,0,0,0
224,2017-04-19,09:01:20,0,SR709,XZCE,6792,6789,6806,22334,1517980260,640882,641242,7050,6506,6778,6767,0,6790,0,0,0,2017-04-19,32480000,6792,13,0,0,0,0,0,0,0,0,6793,10,0,0,0,0,0,0,0,0
225,2017-04-19,09:01:21,0,SR709,XZCE,6793,6789,6806,22384,1521376760,640864,641242,7050,6506,6778,6767,0,6790,0,0,0,2017-04-19,32481000,6793,2,0,0,0,0,0,0,0,0,6794,30,0,0,0,0,0,0,0,0
226,2017-04-19,09:01:21,0,SR709,XZCE,6793,6789,6806,22390,1521784340,640864,641242,7050,6506,6778,6767,0,6790,0,0,0,2017-04-19,32481000,6792,14,0,0,0,0,0,0,0,0,6793,6,0,0,0,0,0,0,0,0
227,2017-04-19,09:01:22,0,SR709,XZCE,6792,6789,6806,22410,1523142740,640880,641242,7050,6506,6778,6767,0,6790,0,0,0,2017-04-19,32482000,6792,10,0,0,0,0,0,0,0,0,6793,5,0,0,0,0,0,0,0,0
228,2017-04-19,09:01:22,0,SR709,XZCE,6792,6789,6806,22448,1525723700,640906,641242,7050,6506,6778,6767,0,6790,0,0,0,2017-04-19,32482000,6791,90,0,0,0,0,0,0,0,0,6792,37,0,0,0,0,0,0,0,0
229,2017-04-19,09:01:23,0,SR709,XZCE,6793,6789,6806,22542,1532109120,640916,641242,7050,6506,6778,6767,0,6790,0,0,0,2017-04-19,32483000,6792,25,0,0,0,0,0,0,0,0,6793,38,0,0,0,0,0,0,0,0
230,2017-04-19,09:01:23,0,SR709,XZCE,6792,6789,6806,22546,1532380800,640920,641242,7050,6506,6778,6767,0,6790,0,0,0,2017-04-19,32483000,6792,26,0,0,0,0,0,0,0,0,6793,39,0,0,0,0,0,0,0,0
231,2017-04-19,09:01:24,0,SR709,XZCE,6793,6789,6806,22572,1534146980,640912,641242,7050,6506,6778,6767,0,6790,0,0,0,2017-04-19,32484000,6792,21,0,0,0,0,0,0,0,0,6793,38,0,0,0,0,0,0,0,0
232,2017-04-19,09:01:24,0,SR709,XZCE,6793,6789,6806,22726,1544608200,640990,641242,7050,6506,6778,6767,0,6790,0,0,0,2017-04-19,32484000,6792,25,0,0,0,0,0,0,0,0,6793,12,0,0,0,0,0,0,0,0
233,2017-04-19,09:01:25,0,SR709,XZCE,6792,6789,6806,22736,1545287400,640992,641242,7050,6506,6778,6767,0,6790,0,0,0,2017-04-19,32485000,6792,29,0,0,0,0,0,0,0,0,6793,10,0,0,0,0,0,0,0,0
234,2017-04-19,09:01:25,0,SR709,XZCE,6793,6789,6806,22774,1547868740,640970,641242,7050,6506,6778,6767,0,6790,0,0,0,2017-04-19,32485000,6792,14,0,0,0,0,0,0,0,0,6794,14,0,0,0,0,0,0,0,0
235,2017-04-19,09:01:26,0,SR709,XZCE,6793,6789,6806,22832,1551808680,640988,641242,7050,6506,6778,6767,0,6790,0,0,0,2017-04-19,32486000,6793,2,0,0,0,0,0,0,0,0,6794,7,0,0,0,0,0,0,0,0
236,2017-04-19,09:01:26,0,SR709,XZCE,6793,6789,6806,22836,1552080400,640992,641242,7050,6506,6778,6767,0,6790,0,0,0,2017-04-19,32486000,6792,11,0,0,0,0,0,0,0,0,6793,15,0,0,0,0,0,0,0,0
237,2017-04-19,09:01:27,0,SR709,XZCE,6792,6789,6806,22858,1553574640,641010,641242,7050,6506,6778,6767,0,6790,0,0,0,2017-04-19,32487000,6792,22,0,0,0,0,0,0,0,0,6793,17,0,0,0,0,0,0,0,0
238,2017-04-19,09:01:27,0,SR709,XZCE,6792,6789,6806,22870,1554389680,641010,641242,7050,6506,6778,6767,0,6790,0,0,0,2017-04-19,32487000,6792,17,0,0,0,0,0,0,0,0,6793,18,0,0,0,0,0,0,0,0
239,2017-04-19,09:01:28,0,SR709,XZCE,6793,6789,6806,22964,1560775100,641058,641242,7050,6506,6778,6767,0,6790,0,0,0,2017-04-19,32488000,6793,9,0,0,0,0,0,0,0,0,6794,10,0,0,0,0,0,0,0,0
240,2017-04-19,09:01:28,0,SR709,XZCE,6793,6789,6806,22982,1561997840,641076,641242,7050,6506,6778,6767,0,6790,0,0,0,2017-04-19,32488000,6793,4,0,0,0,0,0,0,0,0,6794,15,0,0,0,0,0,0,0,0
241,2017-04-19,09:01:29,0,SR709,XZCE,6793,6789,6806,23172,1574904540,641070,641242,7050,6506,6778,6767,0,6790,0,0,0,2017-04-19,32489000,6792,51,0,0,0,0,0,0,0,0,6793,45,0,0,0,0,0,0,0,0
242,2017-04-19,09:01:29,0,SR709,XZCE,6793,6789,6806,23218,1578029320,641076,641242,7050,6506,6778,6767,0,6790,0,0,0,2017-04-19,32489000,6792,29,0,0,0,0,0,0,0,0,6793,44,0,0,0,0,0,0,0,0
243,2017-04-19,09:01:29,0,SR709,XZCE,6794,6789,6806,23308,1584143920,641094,641242,7050,6506,6778,6767,0,6790,0,0,0,2017-04-19,32489000,6792,30,0,0,0,0,0,0,0,0,6794,38,0,0,0,0,0,0,0,0
244,2017-04-19,09:01:30,0,SR709,XZCE,6793,6789,6806,23370,1588355580,641138,641242,7050,6506,6778,6767,0,6790,0,0,0,2017-04-19,32490000,6792,12,0,0,0,0,0,0,0,0,6793,6,0,0,0,0,0,0,0,0
245,2017-04-19,09:01:31,0,SR709,XZCE,6793,6789,6806,23376,1588763160,641142,641242,7050,6506,6778,6767,0,6790,0,0,0,2017-04-19,32491000,6792,12,0,0,0,0,0,0,0,0,6793,5,0,0,0,0,0,0,0,0
246,2017-04-19,09:01:31,0,SR709,XZCE,6793,6789,6806,23376,1588763160,641142,641242,7050,6506,6778,6767,0,6790,0,0,0,2017-04-19,32491000,6792,21,0,0,0,0,0,0,0,0,6793,35,0,0,0,0,0,0,0,0
247,2017-04-19,09:01:32,0,SR709,XZCE,6793,6789,6806,23382,1589170740,641144,641242,7050,6506,6778,6767,0,6790,0,0,0,2017-04-19,32492000,6792,22,0,0,0,0,0,0,0,0,6793,44,0,0,0,0,0,0,0,0
248,2017-04-19,09:01:32,0,SR709,XZCE,6792,6789,6806,23386,1589442420,641142,641242,7050,6506,6778,6767,0,6790,0,0,0,2017-04-19,32492000,6792,21,0,0,0,0,0,0,0,0,6793,45,0,0,0,0,0,0,0,0
249,2017-04-19,09:01:33,0,SR709,XZCE,6793,6789,6806,23390,1589714140,641142,641242,7050,6506,6778,6767,0,6790,0,0,0,2017-04-19,32493000,6792,54,0,0,0,0,0,0,0,0,6793,44,0,0,0,0,0,0,0,0
250,2017-04-19,09:01:33,0,SR709,XZCE,6792,6789,6806,23392,1589849980,641140,641242,7050,6506,6778,6767,0,6790,0,0,0,2017-04-19,32493000,6792,53,0,0,0,0,0,0,0,0,6793,43,0,0,0,0,0,0,0,0
251,2017-04-19,09:01:34,0,SR709,XZCE,6793,6789,6806,23394,1589985840,641142,641242,7050,6506,6778,6767,0,6790,0,0,0,2017-04-19,32494000,6792,53,0,0,0,0,0,0,0,0,6793,42,0,0,0,0,0,0,0,0
252,2017-04-19,09:01:34,0,SR709,XZCE,6792,6789,6806,23484,1596098640,641216,641242,7050,6506,6778,6767,0,6790,0,0,0,2017-04-19,32494000,6792,7,0,0,0,0,0,0,0,0,6793,19,0,0,0,0,0,0,0,0
253,2017-04-19,09:01:35,0,SR709,XZCE,6792,6789,6806,23530,1599222960,641228,641242,7050,6506,6778,6767,0,6790,0,0,0,2017-04-19,32495000,6792,4,0,0,0,0,0,0,0,0,6793,13,0,0,0,0,0,0,0,0
254,2017-04-19,09:01:35,0,SR709,XZCE,6792,6789,6806,23554,1600853040,641236,641242,7050,6506,6778,6767,0,6790,0,0,0,2017-04-19,32495000,6792,1,0,0,0,0,0,0,0,0,6793,18,0,0,0,0,0,0,0,0
255,2017-04-19,09:01:36,0,SR709,XZCE,6793,6789,6806,23568,1601804060,641240,641242,7050,6506,6778,6767,0,6790,0,0,0,2017-04-19,32496000,6792,23,0,0,0,0,0,0,0,0,6793,22,0,0,0,0,0,0,0,0
256,2017-04-19,09:01:36,0,SR709,XZCE,6792,6789,6806,23594,1603569980,641248,641242,7050,6506,6778,6767,0,6790,0,0,0,2017-04-19,32496000,6792,16,0,0,0,0,0,0,0,0,6793,31,0,0,0,0,0,0,0,0
257,2017-04-19,09:01:37,0,SR709,XZCE,6792,6789,6806,23596,1603705820,641248,641242,7050,6506,6778,6767,0,6790,0,0,0,2017-04-19,32497000,6792,16,0,0,0,0,0,0,0,0,6793,31,0,0,0,0,0,0,0,0
258,2017-04-19,09:01:37,0,SR709,XZCE,6792,6789,6806,23598,1603841660,641246,641242,7050,6506,6778,6767,0,6790,0,0,0,2017-04-19,32497000,6792,16,0,0,0,0,0,0,0,0,6793,42,0,0,0,0,0,0,0,0
259,2017-04-19,09:01:38,0,SR709,XZCE,6792,6789,6806,23604,1604249180,641246,641242,7050,6506,6778,6767,0,6790,0,0,0,2017-04-19,32498000,6792,18,0,0,0,0,0,0,0,0,6793,45,0,0,0,0,0,0,0,0
260,2017-04-19,09:01:38,0,SR709,XZCE,6792,6789,6806,23612,1604792540,641246,641242,7050,6506,6778,6767,0,6790,0,0,0,2017-04-19,32498000,6792,116,0,0,0,0,0,0,0,0,6793,41,0,0,0,0,0,0,0,0
261,2017-04-19,09:01:39,0,SR709,XZCE,6793,6789,6806,23766,1615253760,641242,641242,7050,6506,6778,6767,0,6790,0,0,0,2017-04-19,32499000,6793,43,0,0,0,0,0,0,0,0,6794,36,0,0,0,0,0,0,0,0
262,2017-04-19,09:01:39,0,SR709,XZCE,6794,6789,6806,23790,1616884320,641246,641242,7050,6506,6778,6767,0,6790,0,0,0,2017-04-19,32499000,6793,64,0,0,0,0,0,0,0,0,6794,30,0,0,0,0,0,0,0,0
263,2017-04-19,09:01:40,0,SR709,XZCE,6793,6789,6806,23882,1623133880,641236,641242,7050,6506,6778,6767,0,6790,0,0,0,2017-04-19,32500000,6793,55,0,0,0,0,0,0,0,0,6794,10,0,0,0,0,0,0,0,0
264,2017-04-19,09:01:40,0,SR709,XZCE,6794,6789,6806,24110,1638624200,641106,641242,7050,6506,6778,6767,0,6790,0,0,0,2017-04-19,32500000,6794,37,0,0,0,0,0,0,0,0,6796,51,0,0,0,0,0,0,0,0
265,2017-04-19,09:01:41,0,SR709,XZCE,6794,6789,6806,24124,1639575360,641114,641242,7050,6506,6778,6767,0,6790,0,0,0,2017-04-19,32501000,6794,70,0,0,0,0,0,0,0,0,6795,14,0,0,0,0,0,0,0,0
266,2017-04-19,09:01:41,0,SR709,XZCE,6795,6789,6806,24144,1640934360,641128,641242,7050,6506,6778,6767,0,6790,0,0,0,2017-04-19,32501000,6794,60,0,0,0,0,0,0,0,0,6795,14,0,0,0,0,0,0,0,0
267,2017-04-19,09:01:42,0,SR709,XZCE,6795,6789,6806,24372,1656426960,640994,641242,7050,6506,6778,6767,0,6790,0,0,0,2017-04-19,32502000,6795,8,0,0,0,0,0,0,0,0,6797,11,0,0,0,0,0,0,0,0
268,2017-04-19,09:01:42,0,SR709,XZCE,6796,6789,6806,24380,1656970640,640994,641242,7050,6506,6778,6767,0,6790,0,0,0,2017-04-19,32502000,6796,9,0,0,0,0,0,0,0,0,6797,7,0,0,0,0,0,0,0,0
269,2017-04-19,09:01:43,0,SR709,XZCE,6796,6789,6806,24392,1657786160,640988,641242,7050,6506,6778,6767,0,6790,0,0,0,2017-04-19,32503000,6796,10,0,0,0,0,0,0,0,0,6797,5,0,0,0,0,0,0,0,0
270,2017-04-19,09:01:43,0,SR709,XZCE,6793,6789,6806,24830,1687539500,640862,641242,7050,6506,6778,6767,0,6790,0,0,0,2017-04-19,32503000,6792,131,0,0,0,0,0,0,0,0,6793,93,0,0,0,0,0,0,0,0
271,2017-04-19,09:01:44,0,SR709,XZCE,6793,6789,6806,24838,1688082940,640858,641242,7050,6506,6778,6767,0,6790,0,0,0,2017-04-19,32504000,6792,131,0,0,0,0,0,0,0,0,6793,90,0,0,0,0,0,0,0,0
272,2017-04-19,09:01:44,0,SR709,XZCE,6795,6789,6806,25034,1701401140,640864,641242,7050,6506,6778,6767,0,6790,0,0,0,2017-04-19,32504000,6794,14,0,0,0,0,0,0,0,0,6795,14,0,0,0,0,0,0,0,0
273,2017-04-19,09:01:45,0,SR709,XZCE,6795,6789,6806,25056,1702896040,640868,641242,7050,6506,6778,6767,0,6790,0,0,0,2017-04-19,32505000,6794,17,0,0,0,0,0,0,0,0,6795,10,0,0,0,0,0,0,0,0
274,2017-04-19,09:01:45,0,SR709,XZCE,6795,6789,6806,25178,1711185940,640910,641242,7050,6506,6778,6767,0,6790,0,0,0,2017-04-19,32505000,6795,42,0,0,0,0,0,0,0,0,6796,31,0,0,0,0,0,0,0,0
275,2017-04-19,09:01:46,0,SR709,XZCE,6795,6789,6806,25188,1711865440,640910,641242,7050,6506,6778,6767,0,6790,0,0,0,2017-04-19,32506000,6795,39,0,0,0,0,0,0,0,0,6796,30,0,0,0,0,0,0,0,0
276,2017-04-19,09:01:46,0,SR709,XZCE,6796,6789,6806,25208,1713224640,640894,641242,7050,6506,6778,6767,0,6790,0,0,0,2017-04-19,32506000,6795,40,0,0,0,0,0,0,0,0,6796,21,0,0,0,0,0,0,0,0
277,2017-04-19,09:01:47,0,SR709,XZCE,6795,6789,6806,25224,1714311840,640910,641242,7050,6506,6778,6767,0,6790,0,0,0,2017-04-19,32507000,6795,34,0,0,0,0,0,0,0,0,6796,20,0,0,0,0,0,0,0,0
278,2017-04-19,09:01:47,0,SR709,XZCE,6796,6789,6806,25234,1714991440,640920,641242,7050,6506,6778,6767,0,6790,0,0,0,2017-04-19,32507000,6795,47,0,0,0,0,0,0,0,0,6796,17,0,0,0,0,0,0,0,0
279,2017-04-19,09:01:48,0,SR709,XZCE,6795,6789,6806,25258,1716622240,640920,641242,7050,6506,6778,6767,0,6790,0,0,0,2017-04-19,32508000,6795,36,0,0,0,0,0,0,0,0,6796,28,0,0,0,0,0,0,0,0
280,2017-04-19,09:01:48,0,SR709,XZCE,6796,6789,6806,25354,1723146400,640878,641242,7050,6506,6778,6767,0,6790,0,0,0,2017-04-19,32508000,6796,5,0,0,0,0,0,0,0,0,6797,23,0,0,0,0,0,0,0,0
281,2017-04-19,09:01:49,0,SR709,XZCE,6796,6789,6806,25474,1731301600,640890,641242,7050,6506,6778,6767,0,6790,0,0,0,2017-04-19,32509000,6796,131,0,0,0,0,0,0,0,0,6797,7,0,0,0,0,0,0,0,0
282,2017-04-19,09:01:49,0,SR709,XZCE,6797,6789,6806,25656,1743672140,640890,641242,7050,6506,6778,6767,0,6790,0,0,0,2017-04-19,32509000,6796,53,0,0,0,0,0,0,0,0,6797,14,0,0,0,0,0,0,0,0
283,2017-04-19,09:01:50,0,SR709,XZCE,6796,6789,6806,25676,1745031340,640896,641242,7050,6506,6778,6767,0,6790,0,0,0,2017-04-19,32510000,6796,107,0,0,0,0,0,0,0,0,6797,13,0,0,0,0,0,0,0,0
284,2017-04-19,09:01:50,0,SR709,XZCE,6797,6789,6806,25712,1747478260,640916,641242,7050,6506,6778,6767,0,6790,0,0,0,2017-04-19,32510000,6796,96,0,0,0,0,0,0,0,0,6797,8,0,0,0,0,0,0,0,0
285,2017-04-19,09:01:51,0,SR709,XZCE,6797,6789,6806,25718,1747886080,640918,641242,7050,6506,6778,6767,0,6790,0,0,0,2017-04-19,32511000,6796,94,0,0,0,0,0,0,0,0,6797,7,0,0,0,0,0,0,0,0
286,2017-04-19,09:01:51,0,SR709,XZCE,6796,6789,6806,25742,1749517120,640936,641242,7050,6506,6778,6767,0,6790,0,0,0,2017-04-19,32511000,6796,86,0,0,0,0,0,0,0,0,6797,15,0,0,0,0,0,0,0,0
287,2017-04-19,09:01:52,0,SR709,XZCE,6796,6789,6806,25786,1752507360,640930,641242,7050,6506,6778,6767,0,6790,0,0,0,2017-04-19,32512000,6796,80,0,0,0,0,0,0,0,0,6797,46,0,0,0,0,0,0,0,0
288,2017-04-19,09:01:52,0,SR709,XZCE,6797,6789,6806,25788,1752643300,640932,641242,7050,6506,6778,6767,0,6790,0,0,0,2017-04-19,32512000,6796,80,0,0,0,0,0,0,0,0,6797,45,0,0,0,0,0,0,0,0
289,2017-04-19,09:01:53,0,SR709,XZCE,6797,6789,6806,25824,1755090220,640944,641242,7050,6506,6778,6767,0,6790,0,0,0,2017-04-19,32513000,6796,72,0,0,0,0,0,0,0,0,6797,40,0,0,0,0,0,0,0,0
290,2017-04-19,09:01:53,0,SR709,XZCE,6797,6789,6806,25846,1756585560,640956,641242,7050,6506,6778,6767,0,6790,0,0,0,2017-04-19,32513000,6796,68,0,0,0,0,0,0,0,0,6797,33,0,0,0,0,0,0,0,0
291,2017-04-19,09:01:54,0,SR709,XZCE,6796,6789,6806,25862,1757672920,640958,641242,7050,6506,6778,6767,0,6790,0,0,0,2017-04-19,32514000,6796,76,0,0,0,0,0,0,0,0,6797,42,0,0,0,0,0,0,0,0
292,2017-04-19,09:01:54,0,SR709,XZCE,6796,6789,6806,25866,1757944760,640958,641242,7050,6506,6778,6767,0,6790,0,0,0,2017-04-19,32514000,6796,74,0,0,0,0,0,0,0,0,6797,44,0,0,0,0,0,0,0,0
293,2017-04-19,09:01:55,0,SR709,XZCE,6797,6789,6806,25898,1760119800,640968,641242,7050,6506,6778,6767,0,6790,0,0,0,2017-04-19,32515000,6797,10,0,0,0,0,0,0,0,0,6798,42,0,0,0,0,0,0,0,0
294,2017-04-19,09:01:55,0,SR709,XZCE,6796,6789,6806,25926,1762022680,640960,641242,7050,6506,6778,6767,0,6790,0,0,0,2017-04-19,32515000,6796,90,0,0,0,0,0,0,0,0,6797,33,0,0,0,0,0,0,0,0
295,2017-04-19,09:01:56,0,SR709,XZCE,6797,6789,6806,26012,1767868100,640946,641242,7050,6506,6778,6767,0,6790,0,0,0,2017-04-19,32516000,6797,11,0,0,0,0,0,0,0,0,6798,39,0,0,0,0,0,0,0,0
296,2017-04-19,09:01:56,0,SR709,XZCE,6797,6789,6806,26016,1768139980,640944,641242,7050,6506,6778,6767,0,6790,0,0,0,2017-04-19,32516000,6797,40,0,0,0,0,0,0,0,0,6798,38,0,0,0,0,0,0,0,0
297,2017-04-19,09:01:57,0,SR709,XZCE,6798,6789,6806,26036,1769499580,640962,641242,7050,6506,6778,6767,0,6790,0,0,0,2017-04-19,32517000,6797,58,0,0,0,0,0,0,0,0,6798,25,0,0,0,0,0,0,0,0
298,2017-04-19,09:01:57,0,SR709,XZCE,6797,6789,6806,26130,1775888760,641006,641242,7050,6506,6778,6767,0,6790,0,0,0,2017-04-19,32517000,6797,47,0,0,0,0,0,0,0,0,6798,18,0,0,0,0,0,0,0,0
299,2017-04-19,09:01:58,0,SR709,XZCE,6797,6789,6806,26226,1782413880,641036,641242,7050,6506,6778,6767,0,6790,0,0,0,2017-04-19,32518000,6797,40,0,0,0,0,0,0,0,0,6798,8,0,0,0,0,0,0,0,0
300,2017-04-19,09:01:58,0,SR709,XZCE,6798,6789,6806,26288,1786628640,641014,641242,7050,6506,6778,6767,0,6790,0,0,0,2017-04-19,32518000,6797,23,0,0,0,0,0,0,0,0,6798,21,0,0,0,0,0,0,0,0
301,2017-04-19,09:01:59,0,SR709,XZCE,6799,6789,6806,26424,1795875280,641078,641242,7050,6506,6778,6767,0,6790,0,0,0,2017-04-19,32519000,6798,25,0,0,0,0,0,0,0,0,6799,111,0,0,0,0,0,0,0,0
302,2017-04-19,09:01:59,0,SR709,XZCE,6799,6789,6806,26550,1804442020,641110,641242,7050,6506,6778,6767,0,6790,0,0,0,2017-04-19,32519000,6798,12,0,0,0,0,0,0,0,0,6799,62,0,0,0,0,0,0,0,0
303,2017-04-19,09:02:00,0,SR709,XZCE,6799,6789,6806,26662,1812056900,641128,641242,7050,6506,6778,6767,0,6790,0,0,0,2017-04-19,32520000,6798,27,0,0,0,0,0,0,0,0,6799,25,0,0,0,0,0,0,0,0
304,2017-04-19,09:02:00,0,SR709,XZCE,6799,6789,6806,26760,1818719920,641178,641242,7050,6506,6778,6767,0,6790,0,0,0,2017-04-19,32520000,6799,41,0,0,0,0,0,0,0,0,6800,108,0,0,0,0,0,0,0,0
305,2017-04-19,09:02:01,0,SR709,XZCE,6799,6789,6806,26790,1820759620,641166,641242,7050,6506,6778,6767,0,6790,0,0,0,2017-04-19,32521000,6799,47,0,0,0,0,0,0,0,0,6800,98,0,0,0,0,0,0,0,0
306,2017-04-19,09:02:01,0,SR709,XZCE,6800,6789,6806,26806,1821847620,641162,641242,7050,6506,6778,6767,0,6790,0,0,0,2017-04-19,32521000,6799,106,0,0,0,0,0,0,0,0,6800,94,0,0,0,0,0,0,0,0
307,2017-04-19,09:02:02,0,SR709,XZCE,6800,6789,6806,26866,1825927620,641162,641242,7050,6506,6778,6767,0,6790,0,0,0,2017-04-19,32522000,6799,89,0,0,0,0,0,0,0,0,6800,87,0,0,0,0,0,0,0,0
308,2017-04-19,09:02:02,0,SR709,XZCE,6799,6789,6806,26938,1830822900,641162,641242,7050,6506,6778,6767,0,6790,0,0,0,2017-04-19,32522000,6799,66,0,0,0,0,0,0,0,0,6800,74,0,0,0,0,0,0,0,0
309,2017-04-19,09:02:03,0,SR709,XZCE,6799,6789,6806,27020,1836398080,641162,641242,7050,6506,6778,6767,0,6790,0,0,0,2017-04-19,32523000,6799,68,0,0,0,0,0,0,0,0,6800,46,0,0,0,0,0,0,0,0
310,2017-04-19,09:02:03,0,SR709,XZCE,6800,6789,6806,27058,1838982080,641156,641242,7050,6506,6778,6767,0,6790,0,0,0,2017-04-19,32523000,6799,72,0,0,0,0,0,0,0,0,6800,31,0,0,0,0,0,0,0,0
311,2017-04-19,09:02:04,0,SR709,XZCE,6800,6789,6806,27132,1844014080,641190,641242,7050,6506,6778,6767,0,6790,0,0,0,2017-04-19,32524000,6799,70,0,0,0,0,0,0,0,0,6800,9,0,0,0,0,0,0,0,0
312,2017-04-19,09:02:04,0,SR709,XZCE,6800,6789,6806,27266,1853126080,641184,641242,7050,6506,6778,6767,0,6790,0,0,0,2017-04-19,32524000,6800,2,0,0,0,0,0,0,0,0,6801,63,0,0,0,0,0,0,0,0
313,2017-04-19,09:02:05,0,SR709,XZCE,6800,6789,6806,27300,1855438080,641190,641242,7050,6506,6778,6767,0,6790,0,0,0,2017-04-19,32525000,6799,26,0,0,0,0,0,0,0,0,6800,7,0,0,0,0,0,0,0,0
314,2017-04-19,09:02:05,0,SR709,XZCE,6800,6789,6806,27376,1860606080,641144,641242,7050,6506,6778,6767,0,6790,0,0,0,2017-04-19,32525000,6798,36,0,0,0,0,0,0,0,0,6800,26,0,0,0,0,0,0,0,0
315,2017-04-19,09:02:06,0,SR709,XZCE,6799,6789,6806,27386,1861285980,641146,641242,7050,6506,6778,6767,0,6790,0,0,0,2017-04-19,32526000,6798,40,0,0,0,0,0,0,0,0,6799,3,0,0,0,0,0,0,0,0
316,2017-04-19,09:02:06,0,SR709,XZCE,6800,6789,6806,27408,1862781980,641150,641242,7050,6506,6778,6767,0,6790,0,0,0,2017-04-19,32526000,6798,39,0,0,0,0,0,0,0,0,6800,40,0,0,0,0,0,0,0,0
317,2017-04-19,09:02:07,0,SR709,XZCE,6799,6789,6806,27472,1867133340,641130,641242,7050,6506,6778,6767,0,6790,0,0,0,2017-04-19,32527000,6799,37,0,0,0,0,0,0,0,0,6800,69,0,0,0,0,0,0,0,0
318,2017-04-19,09:02:07,0,SR709,XZCE,6799,6789,6806,27502,1869173040,641144,641242,7050,6506,6778,6767,0,6790,0,0,0,2017-04-19,32527000,6799,34,0,0,0,0,0,0,0,0,6800,64,0,0,0,0,0,0,0,0
319,2017-04-19,09:02:08,0,SR709,XZCE,6799,6789,6806,27554,1872708520,641152,641242,7050,6506,6778,6767,0,6790,0,0,0,2017-04-19,32528000,6799,19,0,0,0,0,0,0,0,0,6800,61,0,0,0,0,0,0,0,0
320,2017-04-19,09:02:08,0,SR709,XZCE,6799,6789,6806,27602,1875972040,641140,641242,7050,6506,6778,6767,0,6790,0,0,0,2017-04-19,32528000,6798,40,0,0,0,0,0,0,0,0,6799,2,0,0,0,0,0,0,0,0
321,2017-04-19,09:02:09,0,SR709,XZCE,6799,6789,6806,27616,1876923900,641140,641242,7050,6506,6778,6767,0,6790,0,0,0,2017-04-19,32529000,6798,36,0,0,0,0,0,0,0,0,6799,11,0,0,0,0,0,0,0,0
322,2017-04-19,09:02:09,0,SR709,XZCE,6799,6789,6806,27622,1877331840,641146,641242,7050,6506,6778,6767,0,6790,0,0,0,2017-04-19,32529000,6798,35,0,0,0,0,0,0,0,0,6799,14,0,0,0,0,0,0,0,0
323,2017-04-19,09:02:10,0,SR709,XZCE,6798,6789,6806,27634,1878147600,641144,641242,7050,6506,6778,6767,0,6790,0,0,0,2017-04-19,32530000,6798,36,0,0,0,0,0,0,0,0,6799,55,0,0,0,0,0,0,0,0
324,2017-04-19,09:02:10,0,SR709,XZCE,6798,6789,6806,27754,1886305200,641096,641242,7050,6506,6778,6767,0,6790,0,0,0,2017-04-19,32530000,6797,37,0,0,0,0,0,0,0,0,6798,9,0,0,0,0,0,0,0,0
325,2017-04-19,09:02:11,0,SR709,XZCE,6800,6789,6806,28068,1907657200,640952,641242,7050,6506,6778,6767,0,6790,0,0,0,2017-04-19,32531000,6798,2,0,0,0,0,0,0,0,0,6800,1,0,0,0,0,0,0,0,0
326,2017-04-19,09:02:11,0,SR709,XZCE,6800,6789,6806,28092,1909289200,640962,641242,7050,6506,6778,6767,0,6790,0,0,0,2017-04-19,32531000,6799,2,0,0,0,0,0,0,0,0,6800,13,0,0,0,0,0,0,0,0
327,2017-04-19,09:02:12,0,SR709,XZCE,6798,6789,6806,28122,1911328600,640966,641242,7050,6506,6778,6767,0,6790,0,0,0,2017-04-19,32532000,6798,34,0,0,0,0,0,0,0,0,6799,2,0,0,0,0,0,0,0,0
328,2017-04-19,09:02:12,0,SR709,XZCE,6798,6789,6806,28218,1917854680,640926,641242,7050,6506,6778,6767,0,6790,0,0,0,2017-04-19,32532000,6798,20,0,0,0,0,0,0,0,0,6799,7,0,0,0,0,0,0,0,0
329,2017-04-19,09:02:13,0,SR709,XZCE,6799,6789,6806,28256,1920438300,640934,641242,7050,6506,6778,6767,0,6790,0,0,0,2017-04-19,32533000,6799,22,0,0,0,0,0,0,0,0,6800,36,0,0,0,0,0,0,0,0
330,2017-04-19,09:02:13,0,SR709,XZCE,6798,6789,6806,28304,1923701340,640944,641242,7050,6506,6778,6767,0,6790,0,0,0,2017-04-19,32533000,6798,34,0,0,0,0,0,0,0,0,6800,37,0,0,0,0,0,0,0,0
331,2017-04-19,09:02:14,0,SR709,XZCE,6798,6789,6806,28312,1924245180,640936,641242,7050,6506,6778,6767,0,6790,0,0,0,2017-04-19,32534000,6798,28,0,0,0,0,0,0,0,0,6799,2,0,0,0,0,0,0,0,0
332,2017-04-19,09:02:14,0,SR709,XZCE,6798,6789,6806,28316,1924517100,640936,641242,7050,6506,6778,6767,0,6790,0,0,0,2017-04-19,32534000,6798,26,0,0,0,0,0,0,0,0,6799,5,0,0,0,0,0,0,0,0
333,2017-04-19,09:02:15,0,SR709,XZCE,6798,6789,6806,28368,1928052060,640938,641242,7050,6506,6778,6767,0,6790,0,0,0,2017-04-19,32535000,6798,11,0,0,0,0,0,0,0,0,6799,5,0,0,0,0,0,0,0,0
334,2017-04-19,09:02:15,0,SR709,XZCE,6798,6789,6806,28396,1929955500,640926,641242,7050,6506,6778,6767,0,6790,0,0,0,2017-04-19,32535000,6798,1,0,0,0,0,0,0,0,0,6799,17,0,0,0,0,0,0,0,0
335,2017-04-19,09:02:16,0,SR709,XZCE,6798,6789,6806,28410,1930907220,640920,641242,7050,6506,6778,6767,0,6790,0,0,0,2017-04-19,32536000,6797,33,0,0,0,0,0,0,0,0,6798,10,0,0,0,0,0,0,0,0
336,2017-04-19,09:02:16,0,SR709,XZCE,6800,6789,6806,28612,1944643220,640816,641242,7050,6506,6778,6767,0,6790,0,0,0,2017-04-19,32536000,6798,11,0,0,0,0,0,0,0,0,6799,14,0,0,0,0,0,0,0,0
337,2017-04-19,09:02:17,0,SR709,XZCE,6798,6789,6806,28636,1946274740,640822,641242,7050,6506,6778,6767,0,6790,0,0,0,2017-04-19,32537000,6798,11,0,0,0,0,0,0,0,0,6799,22,0,0,0,0,0,0,0,0
338,2017-04-19,09:02:17,0,SR709,XZCE,6798,6789,6806,28642,1946682620,640822,641242,7050,6506,6778,6767,0,6790,0,0,0,2017-04-19,32537000,6798,11,0,0,0,0,0,0,0,0,6799,12,0,0,0,0,0,0,0,0
339,2017-04-19,09:02:18,0,SR709,XZCE,6798,6789,6806,28672,1948722020,640822,641242,7050,6506,6778,6767,0,6790,0,0,0,2017-04-19,32538000,6798,27,0,0,0,0,0,0,0,0,6799,13,0,0,0,0,0,0,0,0
340,2017-04-19,09:02:18,0,SR709,XZCE,6797,6789,6806,28820,1958781580,640718,641242,7050,6506,6778,6767,0,6790,0,0,0,2017-04-19,32538000,6796,60,0,0,0,0,0,0,0,0,6797,132,0,0,0,0,0,0,0,0
341,2017-04-19,09:02:19,0,SR709,XZCE,6796,6789,6806,28944,1967208620,640704,641242,7050,6506,6778,6767,0,6790,0,0,0,2017-04-19,32539000,6795,21,0,0,0,0,0,0,0,0,6796,9,0,0,0,0,0,0,0,0
342,2017-04-19,09:02:19,0,SR709,XZCE,6796,6789,6806,28952,1967752300,640710,641242,7050,6506,6778,6767,0,6790,0,0,0,2017-04-19,32539000,6795,20,0,0,0,0,0,0,0,0,6796,6,0,0,0,0,0,0,0,0
343,2017-04-19,09:02:20,0,SR709,XZCE,6796,6789,6806,28996,1970742540,640724,641242,7050,6506,6778,6767,0,6790,0,0,0,2017-04-19,32540000,6795,18,0,0,0,0,0,0,0,0,6796,12,0,0,0,0,0,0,0,0
344,2017-04-19,09:02:20,0,SR709,XZCE,6795,6789,6806,29016,1972101540,640718,641242,7050,6506,6778,6767,0,6790,0,0,0,2017-04-19,32540000,6795,11,0,0,0,0,0,0,0,0,6796,10,0,0,0,0,0,0,0,0
345,2017-04-19,09:02:21,0,SR709,XZCE,6796,6789,6806,29028,1972917060,640720,641242,7050,6506,6778,6767,0,6790,0,0,0,2017-04-19,32541000,6795,8,0,0,0,0,0,0,0,0,6796,15,0,0,0,0,0,0,0,0
346,2017-04-19,09:02:21,0,SR709,XZCE,6795,6789,6806,29052,1974547860,640742,641242,7050,6506,6778,6767,0,6790,0,0,0,2017-04-19,32541000,6795,19,0,0,0,0,0,0,0,0,6796,14,0,0,0,0,0,0,0,0
347,2017-04-19,09:02:22,0,SR709,XZCE,6796,6789,6806,29070,1975771140,640758,641242,7050,6506,6778,6767,0,6790,0,0,0,2017-04-19,32542000,6795,32,0,0,0,0,0,0,0,0,6796,13,0,0,0,0,0,0,0,0
348,2017-04-19,09:02:22,0,SR709,XZCE,6795,6789,6806,29094,1977401940,640760,641242,7050,6506,6778,6767,0,6790,0,0,0,2017-04-19,32542000,6795,20,0,0,0,0,0,0,0,0,6796,13,0,0,0,0,0,0,0,0
349,2017-04-19,09:02:23,0,SR709,XZCE,6796,6789,6806,29098,1977673780,640760,641242,7050,6506,6778,6767,0,6790,0,0,0,2017-04-19,32543000,6795,19,0,0,0,0,0,0,0,0,6796,12,0,0,0,0,0,0,0,0
350,2017-04-19,09:02:23,0,SR709,XZCE,6796,6789,6806,29114,1978761140,640770,641242,7050,6506,6778,6767,0,6790,0,0,0,2017-04-19,32543000,6795,27,0,0,0,0,0,0,0,0,6796,6,0,0,0,0,0,0,0,0
351,2017-04-19,09:02:24,0,SR709,XZCE,6795,6789,6806,29120,1979168840,640776,641242,7050,6506,6778,6767,0,6790,0,0,0,2017-04-19,32544000,6795,29,0,0,0,0,0,0,0,0,6796,7,0,0,0,0,0,0,0,0
352,2017-04-19,09:02:24,0,SR709,XZCE,6795,6789,6806,29164,1982158640,640790,641242,7050,6506,6778,6767,0,6790,0,0,0,2017-04-19,32544000,6795,8,0,0,0,0,0,0,0,0,6796,11,0,0,0,0,0,0,0,0
353,2017-04-19,09:02:25,0,SR709,XZCE,6795,6789,6806,29182,1983381740,640790,641242,7050,6506,6778,6767,0,6790,0,0,0,2017-04-19,32545000,6795,15,0,0,0,0,0,0,0,0,6796,27,0,0,0,0,0,0,0,0
354,2017-04-19,09:02:25,0,SR709,XZCE,6796,6789,6806,29184,1983517660,640790,641242,7050,6506,6778,6767,0,6790,0,0,0,2017-04-19,32545000,6795,15,0,0,0,0,0,0,0,0,6796,26,0,0,0,0,0,0,0,0
355,2017-04-19,09:02:26,0,SR709,XZCE,6795,6789,6806,29208,1985148460,640782,641242,7050,6506,6778,6767,0,6790,0,0,0,2017-04-19,32546000,6795,7,0,0,0,0,0,0,0,0,6796,34,0,0,0,0,0,0,0,0
356,2017-04-19,09:02:26,0,SR709,XZCE,6796,6789,6806,29252,1988138700,640784,641242,7050,6506,6778,6767,0,6790,0,0,0,2017-04-19,32546000,6794,18,0,0,0,0,0,0,0,0,6796,22,0,0,0,0,0,0,0,0
357,2017-04-19,09:02:27,0,SR709,XZCE,6794,6789,6806,29260,1988682220,640782,641242,7050,6506,6778,6767,0,6790,0,0,0,2017-04-19,32547000,6794,10,0,0,0,0,0,0,0,0,6795,23,0,0,0,0,0,0,0,0
358,2017-04-19,09:02:27,0,SR709,XZCE,6794,6789,6806,29260,1988682220,640782,641242,7050,6506,6778,6767,0,6790,0,0,0,2017-04-19,32547000,6794,11,0,0,0,0,0,0,0,0,6795,24,0,0,0,0,0,0,0,0
359,2017-04-19,09:02:28,0,SR709,XZCE,6794,6789,6806,29262,1988818100,640782,641242,7050,6506,6778,6767,0,6790,0,0,0,2017-04-19,32548000,6794,10,0,0,0,0,0,0,0,0,6795,26,0,0,0,0,0,0,0,0
360,2017-04-19,09:02:28,0,SR709,XZCE,6794,6789,6806,29292,1990856300,640794,641242,7050,6506,6778,6767,0,6790,0,0,0,2017-04-19,32548000,6793,23,0,0,0,0,0,0,0,0,6795,22,0,0,0,0,0,0,0,0
361,2017-04-19,09:02:29,0,SR709,XZCE,6794,6789,6806,29292,1990856300,640794,641242,7050,6506,6778,6767,0,6790,0,0,0,2017-04-19,32549000,6794,1,0,0,0,0,0,0,0,0,6795,27,0,0,0,0,0,0,0,0
362,2017-04-19,09:02:29,0,SR709,XZCE,6794,6789,6806,29302,1991535700,640798,641242,7050,6506,6778,6767,0,6790,0,0,0,2017-04-19,32549000,6793,24,0,0,0,0,0,0,0,0,6795,27,0,0,0,0,0,0,0,0
363,2017-04-19,09:02:30,0,SR709,XZCE,6794,6789,6806,29316,1992486860,640794,641242,7050,6506,6778,6767,0,6790,0,0,0,2017-04-19,32550000,6793,25,0,0,0,0,0,0,0,0,6794,13,0,0,0,0,0,0,0,0
364,2017-04-19,09:02:30,0,SR709,XZCE,6793,6789,6806,29318,1992622720,640794,641242,7050,6506,6778,6767,0,6790,0,0,0,2017-04-19,32550000,6793,37,0,0,0,0,0,0,0,0,6794,14,0,0,0,0,0,0,0,0
365,2017-04-19,09:02:31,0,SR709,XZCE,6793,6789,6806,29352,1994932340,640816,641242,7050,6506,6778,6767,0,6790,0,0,0,2017-04-19,32551000,6793,35,0,0,0,0,0,0,0,0,6794,1,0,0,0,0,0,0,0,0
366,2017-04-19,09:02:31,0,SR709,XZCE,6794,6789,6806,29384,1997106420,640802,641242,7050,6506,6778,6767,0,6790,0,0,0,2017-04-19,32551000,6794,6,0,0,0,0,0,0,0,0,6795,24,0,0,0,0,0,0,0,0
367,2017-04-19,09:02:32,0,SR709,XZCE,6794,6789,6806,29450,2001590460,640838,641242,7050,6506,6778,6767,0,6790,0,0,0,2017-04-19,32552000,6793,9,0,0,0,0,0,0,0,0,6794,4,0,0,0,0,0,0,0,0
368,2017-04-19,09:02:32,0,SR709,XZCE,6794,6789,6806,29460,2002269860,640836,641242,7050,6506,6778,6767,0,6790,0,0,0,2017-04-19,32552000,6794,6,0,0,0,0,0,0,0,0,6795,26,0,0,0,0,0,0,0,0
369,2017-04-19,09:02:33,0,SR709,XZCE,6795,6789,6806,29470,2002949360,640836,641242,7050,6506,6778,6767,0,6790,0,0,0,2017-04-19,32553000,6794,5,0,0,0,0,0,0,0,0,6795,20,0,0,0,0,0,0,0,0
370,2017-04-19,09:02:33,0,SR709,XZCE,6794,6789,6806,29488,2004172280,640848,641242,7050,6506,6778,6767,0,6790,0,0,0,2017-04-19,32553000,6794,26,0,0,0,0,0,0,0,0,6795,10,0,0,0,0,0,0,0,0
371,2017-04-19,09:02:34,0,SR709,XZCE,6793,6789,6806,29550,2008383940,640854,641242,7050,6506,6778,6767,0,6790,0,0,0,2017-04-19,32554000,6793,7,0,0,0,0,0,0,0,0,6795,23,0,0,0,0,0,0,0,0
372,2017-04-19,09:02:34,0,SR709,XZCE,6793,6789,6806,29558,2008927380,640858,641242,7050,6506,6778,6767,0,6790,0,0,0,2017-04-19,32554000,6793,15,0,0,0,0,0,0,0,0,6794,2,0,0,0,0,0,0,0,0
373,2017-04-19,09:02:35,0,SR709,XZCE,6795,6789,6806,29798,2025235380,640672,641242,7050,6506,6778,6767,0,6790,0,0,0,2017-04-19,32555000,6795,2,0,0,0,0,0,0,0,0,6796,15,0,0,0,0,0,0,0,0
374,2017-04-19,09:02:35,0,SR709,XZCE,6795,6789,6806,29802,2025507180,640672,641242,7050,6506,6778,6767,0,6790,0,0,0,2017-04-19,32555000,6795,3,0,0,0,0,0,0,0,0,6796,15,0,0,0,0,0,0,0,0
375,2017-04-19,09:02:36,0,SR709,XZCE,6794,6789,6806,29822,2026865980,640672,641242,7050,6506,6778,6767,0,6790,0,0,0,2017-04-19,32556000,6794,46,0,0,0,0,0,0,0,0,6795,3,0,0,0,0,0,0,0,0
376,2017-04-19,09:02:36,0,SR709,XZCE,6795,6789,6806,29850,2028768580,640700,641242,7050,6506,6778,6767,0,6790,0,0,0,2017-04-19,32556000,6795,7,0,0,0,0,0,0,0,0,6796,17,0,0,0,0,0,0,0,0
377,2017-04-19,09:02:37,0,SR709,XZCE,6795,6789,6806,29854,2029040380,640704,641242,7050,6506,6778,6767,0,6790,0,0,0,2017-04-19,32557000,6795,5,0,0,0,0,0,0,0,0,6796,21,0,0,0,0,0,0,0,0
378,2017-04-19,09:02:37,0,SR709,XZCE,6795,6789,6806,29856,2029176280,640706,641242,7050,6506,6778,6767,0,6790,0,0,0,2017-04-19,32557000,6795,22,0,0,0,0,0,0,0,0,6796,20,0,0,0,0,0,0,0,0
379,2017-04-19,09:02:38,0,SR709,XZCE,6795,6789,6806,29860,2029448080,640710,641242,7050,6506,6778,6767,0,6790,0,0,0,2017-04-19,32558000,6795,20,0,0,0,0,0,0,0,0,6796,19,0,0,0,0,0,0,0,0
380,2017-04-19,09:02:38,0,SR709,XZCE,6795,6789,6806,29886,2031214780,640696,641242,7050,6506,6778,6767,0,6790,0,0,0,2017-04-19,32558000,6795,7,0,0,0,0,0,0,0,0,6796,21,0,0,0,0,0,0,0,0
381,2017-04-19,09:02:39,0,SR709,XZCE,6795,6789,6806,29892,2031622480,640698,641242,7050,6506,6778,6767,0,6790,0,0,0,2017-04-19,32559000,6795,5,0,0,0,0,0,0,0,0,6796,21,0,0,0,0,0,0,0,0
382,2017-04-19,09:02:39,0,SR709,XZCE,6795,6789,6806,29924,2033796880,640726,641242,7050,6506,6778,6767,0,6790,0,0,0,2017-04-19,32559000,6794,34,0,0,0,0,0,0,0,0,6795,2,0,0,0,0,0,0,0,0
383,2017-04-19,09:02:40,0,SR709,XZCE,6794,6789,6806,29932,2034340400,640728,641242,7050,6506,6778,6767,0,6790,0,0,0,2017-04-19,32560000,6794,32,0,0,0,0,0,0,0,0,6795,2,0,0,0,0,0,0,0,0
384,2017-04-19,09:02:40,0,SR709,XZCE,6794,6789,6806,29932,2034340400,640728,641242,7050,6506,6778,6767,0,6790,0,0,0,2017-04-19,32560000,6794,25,0,0,0,0,0,0,0,0,6795,20,0,0,0,0,0,0,0,0
385,2017-04-19,09:02:41,0,SR709,XZCE,6795,6789,6806,29940,2034884000,640736,641242,7050,6506,6778,6767,0,6790,0,0,0,2017-04-19,32561000,6794,34,0,0,0,0,0,0,0,0,6795,22,0,0,0,0,0,0,0,0
386,2017-04-19,09:02:41,0,SR709,XZCE,6796,6789,6806,30000,2038961600,640750,641242,7050,6506,6778,6767,0,6790,0,0,0,2017-04-19,32561000,6794,19,0,0,0,0,0,0,0,0,6796,43,0,0,0,0,0,0,0,0
387,2017-04-19,09:02:42,0,SR709,XZCE,6794,6789,6806,30032,2041135680,640756,641242,7050,6506,6778,6767,0,6790,0,0,0,2017-04-19,32562000,6794,6,0,0,0,0,0,0,0,0,6795,7,0,0,0,0,0,0,0,0
388,2017-04-19,09:02:42,0,SR709,XZCE,6795,6789,6806,30034,2041271580,640758,641242,7050,6506,6778,6767,0,6790,0,0,0,2017-04-19,32562000,6794,6,0,0,0,0,0,0,0,0,6795,6,0,0,0,0,0,0,0,0
389,2017-04-19,09:02:43,0,SR709,XZCE,6794,6789,6806,30188,2051734340,640718,641242,7050,6506,6778,6767,0,6790,0,0,0,2017-04-19,32563000,6793,53,0,0,0,0,0,0,0,0,6794,8,0,0,0,0,0,0,0,0
390,2017-04-19,09:02:43,0,SR709,XZCE,6793,6789,6806,30210,2053228800,640740,641242,7050,6506,6778,6767,0,6790,0,0,0,2017-04-19,32563000,6794,8,0,0,0,0,0,0,0,0,6795,13,0,0,0,0,0,0,0,0
391,2017-04-19,09:02:44,0,SR709,XZCE,6794,6789,6806,30214,2053500560,640736,641242,7050,6506,6778,6767,0,6790,0,0,0,2017-04-19,32564000,6794,9,0,0,0,0,0,0,0,0,6795,15,0,0,0,0,0,0,0,0
392,2017-04-19,09:02:44,0,SR709,XZCE,6794,6789,6806,30236,2054995240,640746,641242,7050,6506,6778,6767,0,6790,0,0,0,2017-04-19,32564000,6793,60,0,0,0,0,0,0,0,0,6794,7,0,0,0,0,0,0,0,0
393,2017-04-19,09:02:45,0,SR709,XZCE,6793,6789,6806,30268,2057169000,640738,641242,7050,6506,6778,6767,0,6790,0,0,0,2017-04-19,32565000,6794,6,0,0,0,0,0,0,0,0,6795,21,0,0,0,0,0,0,0,0
394,2017-04-19,09:02:45,0,SR709,XZCE,6794,6789,6806,30280,2057984280,640742,641242,7050,6506,6778,6767,0,6790,0,0,0,2017-04-19,32565000,6794,4,0,0,0,0,0,0,0,0,6795,22,0,0,0,0,0,0,0,0
395,2017-04-19,09:02:46,0,SR709,XZCE,6794,6789,6806,30292,2058799560,640746,641242,7050,6506,6778,6767,0,6790,0,0,0,2017-04-19,32566000,6794,25,0,0,0,0,0,0,0,0,6795,18,0,0,0,0,0,0,0,0
396,2017-04-19,09:02:46,0,SR709,XZCE,6794,6789,6806,30326,2061109520,640756,641242,7050,6506,6778,6767,0,6790,0,0,0,2017-04-19,32566000,6794,13,0,0,0,0,0,0,0,0,6795,18,0,0,0,0,0,0,0,0
397,2017-04-19,09:02:47,0,SR709,XZCE,6794,6789,6806,30332,2061517160,640762,641242,7050,6506,6778,6767,0,6790,0,0,0,2017-04-19,32567000,6794,14,0,0,0,0,0,0,0,0,6795,20,0,0,0,0,0,0,0,0
398,2017-04-19,09:02:47,0,SR709,XZCE,6794,6789,6806,30334,2061653040,640762,641242,7050,6506,6778,6767,0,6790,0,0,0,2017-04-19,32567000,6794,13,0,0,0,0,0,0,0,0,6795,21,0,0,0,0,0,0,0,0
399,2017-04-19,09:02:48,0,SR709,XZCE,6794,6789,6806,30334,2061653040,640762,641242,7050,6506,6778,6767,0,6790,0,0,0,2017-04-19,32568000,6794,14,0,0,0,0,0,0,0,0,6795,22,0,0,0,0,0,0,0,0
400,2017-04-19,09:02:48,0,SR709,XZCE,6794,6789,6806,30384,2065050040,640768,641242,7050,6506,6778,6767,0,6790,0,0,0,2017-04-19,32568000,6794,9,0,0,0,0,0,0,0,0,6795,22,0,0,0,0,0,0,0,0
401,2017-04-19,09:02:49,0,SR709,XZCE,6793,6789,6806,30426,2067903100,640746,641242,7050,6506,6778,6767,0,6790,0,0,0,2017-04-19,32569000,6793,97,0,0,0,0,0,0,0,0,6795,25,0,0,0,0,0,0,0,0
402,2017-04-19,09:02:49,0,SR709,XZCE,6794,6789,6806,30432,2068310740,640752,641242,7050,6506,6778,6767,0,6790,0,0,0,2017-04-19,32569000,6793,97,0,0,0,0,0,0,0,0,6794,5,0,0,0,0,0,0,0,0
403,2017-04-19,09:02:50,0,SR709,XZCE,6794,6789,6806,30458,2070077180,640750,641242,7050,6506,6778,6767,0,6790,0,0,0,2017-04-19,32570000,6793,87,0,0,0,0,0,0,0,0,6794,3,0,0,0,0,0,0,0,0
404,2017-04-19,09:02:50,0,SR709,XZCE,6794,6789,6806,30478,2071435980,640736,641242,7050,6506,6778,6767,0,6790,0,0,0,2017-04-19,32570000,6793,88,0,0,0,0,0,0,0,0,6795,82,0,0,0,0,0,0,0,0
405,2017-04-19,09:02:51,0,SR709,XZCE,6793,6789,6806,30480,2071571840,640734,641242,7050,6506,6778,6767,0,6790,0,0,0,2017-04-19,32571000,6793,85,0,0,0,0,0,0,0,0,6794,5,0,0,0,0,0,0,0,0
406,2017-04-19,09:02:51,0,SR709,XZCE,6794,6789,6806,30484,2071843600,640734,641242,7050,6506,6778,6767,0,6790,0,0,0,2017-04-19,32571000,6793,85,0,0,0,0,0,0,0,0,6794,10,0,0,0,0,0,0,0,0
407,2017-04-19,09:02:52,0,SR709,XZCE,6794,6789,6806,30516,2074017680,640730,641242,7050,6506,6778,6767,0,6790,0,0,0,2017-04-19,32572000,6794,14,0,0,0,0,0,0,0,0,6795,74,0,0,0,0,0,0,0,0
408,2017-04-19,09:02:52,0,SR709,XZCE,6794,6789,6806,30544,2075920000,640722,641242,7050,6506,6778,6767,0,6790,0,0,0,2017-04-19,32572000,6793,75,0,0,0,0,0,0,0,0,6794,19,0,0,0,0,0,0,0,0
409,2017-04-19,09:02:53,0,SR709,XZCE,6793,6789,6806,30604,2079995800,640764,641242,7050,6506,6778,6767,0,6790,0,0,0,2017-04-19,32573000,6793,71,0,0,0,0,0,0,0,0,6794,18,0,0,0,0,0,0,0,0
410,2017-04-19,09:02:53,0,SR709,XZCE,6794,6789,6806,30638,2082305760,640760,641242,7050,6506,6778,6767,0,6790,0,0,0,2017-04-19,32573000,6793,59,0,0,0,0,0,0,0,0,6794,18,0,0,0,0,0,0,0,0
411,2017-04-19,09:02:54,0,SR709,XZCE,6794,6789,6806,30660,2083800440,640750,641242,7050,6506,6778,6767,0,6790,0,0,0,2017-04-19,32574000,6793,50,0,0,0,0,0,0,0,0,6794,21,0,0,0,0,0,0,0,0
412,2017-04-19,09:02:54,0,SR709,XZCE,6793,6789,6806,30720,2087876240,640708,641242,7050,6506,6778,6767,0,6790,0,0,0,2017-04-19,32574000,6793,30,0,0,0,0,0,0,0,0,6794,31,0,0,0,0,0,0,0,0
413,2017-04-19,09:02:55,0,SR709,XZCE,6793,6789,6806,30782,2092087900,640672,641242,7050,6506,6778,6767,0,6790,0,0,0,2017-04-19,32575000,6792,83,0,0,0,0,0,0,0,0,6793,18,0,0,0,0,0,0,0,0
414,2017-04-19,09:02:55,0,SR709,XZCE,6792,6789,6806,30796,2093038780,640658,641242,7050,6506,6778,6767,0,6790,0,0,0,2017-04-19,32575000,6792,82,0,0,0,0,0,0,0,0,6793,42,0,0,0,0,0,0,0,0
415,2017-04-19,09:02:56,0,SR709,XZCE,6792,6789,6806,30808,2093853820,640650,641242,7050,6506,6778,6767,0,6790,0,0,0,2017-04-19,32576000,6792,75,0,0,0,0,0,0,0,0,6793,43,0,0,0,0,0,0,0,0
416,2017-04-19,09:02:56,0,SR709,XZCE,6792,6789,6806,30820,2094668860,640638,641242,7050,6506,6778,6767,0,6790,0,0,0,2017-04-19,32576000,6792,69,0,0,0,0,0,0,0,0,6793,48,0,0,0,0,0,0,0,0
417,2017-04-19,09:02:57,0,SR709,XZCE,6792,6789,6806,30960,2104177660,640532,641242,7050,6506,6778,6767,0,6790,0,0,0,2017-04-19,32577000,6791,121,0,0,0,0,0,0,0,0,6792,5,0,0,0,0,0,0,0,0
418,2017-04-19,09:02:57,0,SR709,XZCE,6791,6789,6806,30962,2104313480,640532,641242,7050,6506,6778,6767,0,6790,0,0,0,2017-04-19,32577000,6791,113,0,0,0,0,0,0,0,0,6792,19,0,0,0,0,0,0,0,0
419,2017-04-19,09:02:58,0,SR709,XZCE,6792,6789,6806,30976,2105264360,640528,641242,7050,6506,6778,6767,0,6790,0,0,0,2017-04-19,32578000,6791,111,0,0,0,0,0,0,0,0,6792,17,0,0,0,0,0,0,0,0
420,2017-04-19,09:02:58,0,SR709,XZCE,6791,6789,6806,31000,2106894200,640530,641242,7050,6506,6778,6767,0,6790,0,0,0,2017-04-19,32578000,6791,109,0,0,0,0,0,0,0,0,6792,27,0,0,0,0,0,0,0,0
421,2017-04-19,09:02:59,0,SR709,XZCE,6791,6789,6806,31024,2108524040,640544,641242,7050,6506,6778,6767,0,6790,0,0,0,2017-04-19,32579000,6791,104,0,0,0,0,0,0,0,0,6792,30,0,0,0,0,0,0,0,0
422,2017-04-19,09:02:59,0,SR709,XZCE,6791,6789,6806,31030,2108931500,640550,641242,7050,6506,6778,6767,0,6790,0,0,0,2017-04-19,32579000,6791,101,0,0,0,0,0,0,0,0,6792,32,0,0,0,0,0,0,0,0
423,2017-04-19,09:03:00,0,SR709,XZCE,6791,6789,6806,31064,2111240440,640582,641242,7050,6506,6778,6767,0,6790,0,0,0,2017-04-19,32580000,6791,85,0,0,0,0,0,0,0,0,6792,33,0,0,0,0,0,0,0,0
424,2017-04-19,09:03:00,0,SR709,XZCE,6791,6789,6806,31180,2119118000,640638,641242,7050,6506,6778,6767,0,6790,0,0,0,2017-04-19,32580000,6791,29,0,0,0,0,0,0,0,0,6792,32,0,0,0,0,0,0,0,0
425,2017-04-19,09:03:01,0,SR709,XZCE,6791,6789,6806,31292,2126723920,640634,641242,7050,6506,6778,6767,0,6790,0,0,0,2017-04-19,32581000,6790,146,0,0,0,0,0,0,0,0,6791,12,0,0,0,0,0,0,0,0
426,2017-04-19,09:03:01,0,SR709,XZCE,6791,6789,6806,31474,2139083540,640646,641242,7050,6506,6778,6767,0,6790,0,0,0,2017-04-19,32581000,6790,143,0,0,0,0,0,0,0,0,6792,29,0,0,0,0,0,0,0,0
427,2017-04-19,09:03:02,0,SR709,XZCE,6792,6789,6806,31730,2156471060,640592,641242,7050,6506,6778,6767,0,6790,0,0,0,2017-04-19,32582000,6792,41,0,0,0,0,0,0,0,0,6793,18,0,0,0,0,0,0,0,0
428,2017-04-19,09:03:02,0,SR709,XZCE,6793,6789,6806,31798,2161090300,640612,641242,7050,6506,6778,6767,0,6790,0,0,0,2017-04-19,32582000,6793,6,0,0,0,0,0,0,0,0,6794,32,0,0,0,0,0,0,0,0
429,2017-04-19,09:03:03,0,SR709,XZCE,6793,6789,6806,31906,2168426740,640650,641242,7050,6506,6778,6767,0,6790,0,0,0,2017-04-19,32583000,6793,23,0,0,0,0,0,0,0,0,6794,32,0,0,0,0,0,0,0,0
430,2017-04-19,09:03:03,0,SR709,XZCE,6793,6789,6806,31952,2171551520,640650,641242,7050,6506,6778,6767,0,6790,0,0,0,2017-04-19,32583000,6792,14,0,0,0,0,0,0,0,0,6794,32,0,0,0,0,0,0,0,0
431,2017-04-19,09:03:04,0,SR709,XZCE,6792,6789,6806,31980,2173453280,640672,641242,7050,6506,6778,6767,0,6790,0,0,0,2017-04-19,32584000,6792,8,0,0,0,0,0,0,0,0,6793,8,0,0,0,0,0,0,0,0
432,2017-04-19,09:03:04,0,SR709,XZCE,6791,6789,6806,32094,2181195020,640604,641242,7050,6506,6778,6767,0,6790,0,0,0,2017-04-19,32584000,6792,1,0,0,0,0,0,0,0,0,6793,7,0,0,0,0,0,0,0,0
433,2017-04-19,09:03:05,0,SR709,XZCE,6792,6789,6806,32110,2182281740,640604,641242,7050,6506,6778,6767,0,6790,0,0,0,2017-04-19,32585000,6791,39,0,0,0,0,0,0,0,0,6792,2,0,0,0,0,0,0,0,0
434,2017-04-19,09:03:05,0,SR709,XZCE,6792,6789,6806,32114,2182553420,640600,641242,7050,6506,6778,6767,0,6790,0,0,0,2017-04-19,32585000,6792,26,0,0,0,0,0,0,0,0,6793,9,0,0,0,0,0,0,0,0
435,2017-04-19,09:03:06,0,SR709,XZCE,6793,6789,6806,32134,2183912020,640608,641242,7050,6506,6778,6767,0,6790,0,0,0,2017-04-19,32586000,6792,28,0,0,0,0,0,0,0,0,6794,32,0,0,0,0,0,0,0,0
436,2017-04-19,09:03:06,0,SR709,XZCE,6794,6789,6806,32204,2188667820,640638,641242,7050,6506,6778,6767,0,6790,0,0,0,2017-04-19,32586000,6794,66,0,0,0,0,0,0,0,0,6795,137,0,0,0,0,0,0,0,0
437,2017-04-19,09:03:07,0,SR709,XZCE,6794,6789,6806,32304,2195461820,640638,641242,7050,6506,6778,6767,0,6790,0,0,0,2017-04-19,32587000,6794,60,0,0,0,0,0,0,0,0,6795,127,0,0,0,0,0,0,0,0
438,2017-04-19,09:03:07,0,SR709,XZCE,6794,6789,6806,32316,2196277100,640644,641242,7050,6506,6778,6767,0,6790,0,0,0,2017-04-19,32587000,6794,54,0,0,0,0,0,0,0,0,6795,119,0,0,0,0,0,0,0,0
439,2017-04-19,09:03:08,0,SR709,XZCE,6794,6789,6806,32424,2203614620,640724,641242,7050,6506,6778,6767,0,6790,0,0,0,2017-04-19,32588000,6793,27,0,0,0,0,0,0,0,0,6794,22,0,0,0,0,0,0,0,0
440,2017-04-19,09:03:08,0,SR709,XZCE,6793,6789,6806,32428,2203886340,640728,641242,7050,6506,6778,6767,0,6790,0,0,0,2017-04-19,32588000,6793,30,0,0,0,0,0,0,0,0,6794,26,0,0,0,0,0,0,0,0
441,2017-04-19,09:03:09,0,SR709,XZCE,6793,6789,6806,32446,2205109080,640714,641242,7050,6506,6778,6767,0,6790,0,0,0,2017-04-19,32589000,6793,11,0,0,0,0,0,0,0,0,6794,78,0,0,0,0,0,0,0,0
442,2017-04-19,09:03:09,0,SR709,XZCE,6794,6789,6806,32448,2205244960,640716,641242,7050,6506,6778,6767,0,6790,0,0,0,2017-04-19,32589000,6793,18,0,0,0,0,0,0,0,0,6794,64,0,0,0,0,0,0,0,0
443,2017-04-19,09:03:10,0,SR709,XZCE,6793,6789,6806,32458,2205924260,640718,641242,7050,6506,6778,6767,0,6790,0,0,0,2017-04-19,32590000,6793,18,0,0,0,0,0,0,0,0,6794,71,0,0,0,0,0,0,0,0
444,2017-04-19,09:03:10,0,SR709,XZCE,6793,6789,6806,32458,2205924260,640718,641242,7050,6506,6778,6767,0,6790,0,0,0,2017-04-19,32590000,6793,19,0,0,0,0,0,0,0,0,6794,72,0,0,0,0,0,0,0,0
445,2017-04-19,09:03:11,0,SR709,XZCE,6793,6789,6806,32482,2207554580,640722,641242,7050,6506,6778,6767,0,6790,0,0,0,2017-04-19,32591000,6793,14,0,0,0,0,0,0,0,0,6794,71,0,0,0,0,0,0,0,0
446,2017-04-19,09:03:11,0,SR709,XZCE,6793,6789,6806,32526,2210543500,640750,641242,7050,6506,6778,6767,0,6790,0,0,0,2017-04-19,32591000,6792,45,0,0,0,0,0,0,0,0,6793,1,0,0,0,0,0,0,0,0
447,2017-04-19,09:03:12,0,SR709,XZCE,6793,6789,6806,32530,2210815220,640754,641242,7050,6506,6778,6767,0,6790,0,0,0,2017-04-19,32592000,6792,47,0,0,0,0,0,0,0,0,6794,77,0,0,0,0,0,0,0,0
448,2017-04-19,09:03:12,0,SR709,XZCE,6794,6789,6806,32538,2211358740,640756,641242,7050,6506,6778,6767,0,6790,0,0,0,2017-04-19,32592000,6792,44,0,0,0,0,0,0,0,0,6793,1,0,0,0,0,0,0,0,0
449,2017-04-19,09:03:13,0,SR709,XZCE,6793,6789,6806,32540,2211494600,640756,641242,7050,6506,6778,6767,0,6790,0,0,0,2017-04-19,32593000,6792,48,0,0,0,0,0,0,0,0,6793,7,0,0,0,0,0,0,0,0
450,2017-04-19,09:03:13,0,SR709,XZCE,6792,6789,6806,32562,2212988840,640756,641242,7050,6506,6778,6767,0,6790,0,0,0,2017-04-19,32593000,6792,45,0,0,0,0,0,0,0,0,6794,82,0,0,0,0,0,0,0,0
451,2017-04-19,09:03:14,0,SR709,XZCE,6792,6789,6806,32562,2212988840,640756,641242,7050,6506,6778,6767,0,6790,0,0,0,2017-04-19,32594000,6792,48,0,0,0,0,0,0,0,0,6794,83,0,0,0,0,0,0,0,0
452,2017-04-19,09:03:14,0,SR709,XZCE,6792,6789,6806,32562,2212988840,640756,641242,7050,6506,6778,6767,0,6790,0,0,0,2017-04-19,32594000,6792,49,0,0,0,0,0,0,0,0,6794,86,0,0,0,0,0,0,0,0
453,2017-04-19,09:03:15,0,SR709,XZCE,6794,6789,6806,32566,2213260600,640756,641242,7050,6506,6778,6767,0,6790,0,0,0,2017-04-19,32595000,6793,17,0,0,0,0,0,0,0,0,6794,84,0,0,0,0,0,0,0,0
454,2017-04-19,09:03:15,0,SR709,XZCE,6794,6789,6806,32574,2213804120,640764,641242,7050,6506,6778,6767,0,6790,0,0,0,2017-04-19,32595000,6793,15,0,0,0,0,0,0,0,0,6794,84,0,0,0,0,0,0,0,0
455,2017-04-19,09:03:16,0,SR709,XZCE,6794,6789,6806,32582,2214347640,640766,641242,7050,6506,6778,6767,0,6790,0,0,0,2017-04-19,32596000,6793,17,0,0,0,0,0,0,0,0,6794,80,0,0,0,0,0,0,0,0
456,2017-04-19,09:03:16,0,SR709,XZCE,6793,6789,6806,32584,2214483500,640768,641242,7050,6506,6778,6767,0,6790,0,0,0,2017-04-19,32596000,6793,46,0,0,0,0,0,0,0,0,6794,81,0,0,0,0,0,0,0,0
457,2017-04-19,09:03:17,0,SR709,XZCE,6794,6789,6806,32586,2214619380,640770,641242,7050,6506,6778,6767,0,6790,0,0,0,2017-04-19,32597000,6793,46,0,0,0,0,0,0,0,0,6794,80,0,0,0,0,0,0,0,0
458,2017-04-19,09:03:17,0,SR709,XZCE,6793,6789,6806,32588,2214755240,640772,641242,7050,6506,6778,6767,0,6790,0,0,0,2017-04-19,32597000,6793,45,0,0,0,0,0,0,0,0,6794,80,0,0,0,0,0,0,0,0
459,2017-04-19,09:03:18,0,SR709,XZCE,6793,6789,6806,32592,2215026960,640776,641242,7050,6506,6778,6767,0,6790,0,0,0,2017-04-19,32598000,6793,44,0,0,0,0,0,0,0,0,6794,78,0,0,0,0,0,0,0,0
460,2017-04-19,09:03:19,0,SR709,XZCE,6793,6789,6806,32648,2218831040,640742,641242,7050,6506,6778,6767,0,6790,0,0,0,2017-04-19,32599000,6793,43,0,0,0,0,0,0,0,0,6794,51,0,0,0,0,0,0,0,0
461,2017-04-19,09:03:19,0,SR709,XZCE,6794,6789,6806,32670,2220325720,640722,641242,7050,6506,6778,6767,0,6790,0,0,0,2017-04-19,32599000,6793,43,0,0,0,0,0,0,0,0,6794,94,0,0,0,0,0,0,0,0
462,2017-04-19,09:03:20,0,SR709,XZCE,6793,6789,6806,32680,2221005020,640724,641242,7050,6506,6778,6767,0,6790,0,0,0,2017-04-19,32600000,6793,45,0,0,0,0,0,0,0,0,6794,92,0,0,0,0,0,0,0,0
463,2017-04-19,09:03:20,0,SR709,XZCE,6793,6789,6806,32682,2221140880,640724,641242,7050,6506,6778,6767,0,6790,0,0,0,2017-04-19,32600000,6793,44,0,0,0,0,0,0,0,0,6794,92,0,0,0,0,0,0,0,0
464,2017-04-19,09:03:21,0,SR709,XZCE,6793,6789,6806,32682,2221140880,640724,641242,7050,6506,6778,6767,0,6790,0,0,0,2017-04-19,32601000,6793,45,0,0,0,0,0,0,0,0,6794,91,0,0,0,0,0,0,0,0
465,2017-04-19,09:03:21,0,SR709,XZCE,6793,6789,6806,32692,2221820180,640724,641242,7050,6506,6778,6767,0,6790,0,0,0,2017-04-19,32601000,6793,50,0,0,0,0,0,0,0,0,6794,91,0,0,0,0,0,0,0,0
466,2017-04-19,09:03:22,0,SR709,XZCE,6794,6789,6806,32702,2222499580,640714,641242,7050,6506,6778,6767,0,6790,0,0,0,2017-04-19,32602000,6793,63,0,0,0,0,0,0,0,0,6794,86,0,0,0,0,0,0,0,0
467,2017-04-19,09:03:22,0,SR709,XZCE,6793,6789,6806,32704,2222635440,640714,641242,7050,6506,6778,6767,0,6790,0,0,0,2017-04-19,32602000,6793,62,0,0,0,0,0,0,0,0,6794,86,0,0,0,0,0,0,0,0
468,2017-04-19,09:03:23,0,SR709,XZCE,6793,6789,6806,32752,2225896080,640740,641242,7050,6506,6778,6767,0,6790,0,0,0,2017-04-19,32603000,6793,71,0,0,0,0,0,0,0,0,6794,86,0,0,0,0,0,0,0,0
469,2017-04-19,09:03:23,0,SR709,XZCE,6793,6789,6806,32774,2227390540,640742,641242,7050,6506,6778,6767,0,6790,0,0,0,2017-04-19,32603000,6793,63,0,0,0,0,0,0,0,0,6794,86,0,0,0,0,0,0,0,0
470,2017-04-19,09:03:24,0,SR709,XZCE,6793,6789,6806,32828,2231058760,640714,641242,7050,6506,6778,6767,0,6790,0,0,0,2017-04-19,32604000,6793,47,0,0,0,0,0,0,0,0,6794,85,0,0,0,0,0,0,0,0
471,2017-04-19,09:03:24,0,SR709,XZCE,6794,6789,6806,32830,2231194640,640712,641242,7050,6506,6778,6767,0,6790,0,0,0,2017-04-19,32604000,6793,47,0,0,0,0,0,0,0,0,6794,104,0,0,0,0,0,0,0,0
472,2017-04-19,09:03:25,0,SR709,XZCE,6794,6789,6806,32852,2232689320,640722,641242,7050,6506,6778,6767,0,6790,0,0,0,2017-04-19,32605000,6793,42,0,0,0,0,0,0,0,0,6794,99,0,0,0,0,0,0,0,0
473,2017-04-19,09:03:25,0,SR709,XZCE,6793,6789,6806,32954,2239618180,640788,641242,7050,6506,6778,6767,0,6790,0,0,0,2017-04-19,32605000,6793,41,0,0,0,0,0,0,0,0,6794,29,0,0,0,0,0,0,0,0
474,2017-04-19,09:03:26,0,SR709,XZCE,6793,6789,6806,32956,2239754040,640790,641242,7050,6506,6778,6767,0,6790,0,0,0,2017-04-19,32606000,6793,40,0,0,0,0,0,0,0,0,6794,31,0,0,0,0,0,0,0,0
475,2017-04-19,09:03:26,0,SR709,XZCE,6794,6789,6806,33018,2243966320,640794,641242,7050,6506,6778,6767,0,6790,0,0,0,2017-04-19,32606000,6794,5,0,0,0,0,0,0,0,0,6795,159,0,0,0,0,0,0,0,0
476,2017-04-19,09:03:27,0,SR709,XZCE,6795,6789,6806,33406,2270330920,640884,641242,7050,6506,6778,6767,0,6790,0,0,0,2017-04-19,32607000,6795,14,0,0,0,0,0,0,0,0,6796,42,0,0,0,0,0,0,0,0
477,2017-04-19,09:03:27,0,SR709,XZCE,6795,6789,6806,33408,2270466820,640884,641242,7050,6506,6778,6767,0,6790,0,0,0,2017-04-19,32607000,6795,17,0,0,0,0,0,0,0,0,6796,42,0,0,0,0,0,0,0,0
478,2017-04-19,09:03:28,0,SR709,XZCE,6795,6789,6806,33442,2272777120,640872,641242,7050,6506,6778,6767,0,6790,0,0,0,2017-04-19,32608000,6795,18,0,0,0,0,0,0,0,0,6796,42,0,0,0,0,0,0,0,0
479,2017-04-19,09:03:28,0,SR709,XZCE,6795,6789,6806,33478,2275223320,640880,641242,7050,6506,6778,6767,0,6790,0,0,0,2017-04-19,32608000,6794,59,0,0,0,0,0,0,0,0,6796,42,0,0,0,0,0,0,0,0
480,2017-04-19,09:03:29,0,SR709,XZCE,6795,6789,6806,33484,2275631020,640886,641242,7050,6506,6778,6767,0,6790,0,0,0,2017-04-19,32609000,6794,73,0,0,0,0,0,0,0,0,6795,10,0,0,0,0,0,0,0,0
481,2017-04-19,09:03:29,0,SR709,XZCE,6795,6789,6806,33484,2275631020,640886,641242,7050,6506,6778,6767,0,6790,0,0,0,2017-04-19,32609000,6794,73,0,0,0,0,0,0,0,0,6795,20,0,0,0,0,0,0,0,0
482,2017-04-19,09:03:30,0,SR709,XZCE,6794,6789,6806,33498,2276582180,640888,641242,7050,6506,6778,6767,0,6790,0,0,0,2017-04-19,32610000,6794,64,0,0,0,0,0,0,0,0,6795,24,0,0,0,0,0,0,0,0
483,2017-04-19,09:03:30,0,SR709,XZCE,6795,6789,6806,33606,2283920780,640906,641242,7050,6506,6778,6767,0,6790,0,0,0,2017-04-19,32610000,6794,65,0,0,0,0,0,0,0,0,6796,43,0,0,0,0,0,0,0,0
484,2017-04-19,09:03:31,0,SR709,XZCE,6795,6789,6806,33614,2284464380,640910,641242,7050,6506,6778,6767,0,6790,0,0,0,2017-04-19,32611000,6795,4,0,0,0,0,0,0,0,0,6796,48,0,0,0,0,0,0,0,0
485,2017-04-19,09:03:31,0,SR709,XZCE,6795,6789,6806,33626,2285279780,640916,641242,7050,6506,6778,6767,0,6790,0,0,0,2017-04-19,32611000,6795,6,0,0,0,0,0,0,0,0,6796,48,0,0,0,0,0,0,0,0
486,2017-04-19,09:03:32,0,SR709,XZCE,6795,6789,6806,33664,2287861880,640926,641242,7050,6506,6778,6767,0,6790,0,0,0,2017-04-19,32612000,6794,72,0,0,0,0,0,0,0,0,6796,39,0,0,0,0,0,0,0,0
487,2017-04-19,09:03:32,0,SR709,XZCE,6795,6789,6806,33696,2290036280,640928,641242,7050,6506,6778,6767,0,6790,0,0,0,2017-04-19,32612000,6794,58,0,0,0,0,0,0,0,0,6795,13,0,0,0,0,0,0,0,0
488,2017-04-19,09:03:33,0,SR709,XZCE,6795,6789,6806,33698,2290172180,640928,641242,7050,6506,6778,6767,0,6790,0,0,0,2017-04-19,32613000,6794,58,0,0,0,0,0,0,0,0,6795,13,0,0,0,0,0,0,0,0
489,2017-04-19,09:03:33,0,SR709,XZCE,6795,6789,6806,33700,2290308080,640928,641242,7050,6506,6778,6767,0,6790,0,0,0,2017-04-19,32613000,6794,58,0,0,0,0,0,0,0,0,6795,12,0,0,0,0,0,0,0,0
490,2017-04-19,09:03:34,0,SR709,XZCE,6795,6789,6806,33704,2290579880,640928,641242,7050,6506,6778,6767,0,6790,0,0,0,2017-04-19,32614000,6794,58,0,0,0,0,0,0,0,0,6795,9,0,0,0,0,0,0,0,0
491,2017-04-19,09:03:34,0,SR709,XZCE,6795,6789,6806,33708,2290851680,640928,641242,7050,6506,6778,6767,0,6790,0,0,0,2017-04-19,32614000,6794,58,0,0,0,0,0,0,0,0,6795,7,0,0,0,0,0,0,0,0
492,2017-04-19,09:03:35,0,SR709,XZCE,6795,6789,6806,33722,2291802980,640930,641242,7050,6506,6778,6767,0,6790,0,0,0,2017-04-19,32615000,6794,56,0,0,0,0,0,0,0,0,6795,5,0,0,0,0,0,0,0,0
493,2017-04-19,09:03:36,0,SR709,XZCE,6794,6789,6806,33728,2292210620,640924,641242,7050,6506,6778,6767,0,6790,0,0,0,2017-04-19,32616000,6794,53,0,0,0,0,0,0,0,0,6795,5,0,0,0,0,0,0,0,0
494,2017-04-19,09:03:36,0,SR709,XZCE,6794,6789,6806,33728,2292210620,640924,641242,7050,6506,6778,6767,0,6790,0,0,0,2017-04-19,32616000,6794,53,0,0,0,0,0,0,0,0,6795,7,0,0,0,0,0,0,0,0
495,2017-04-19,09:03:37,0,SR709,XZCE,6795,6789,6806,33744,2293297820,640926,641242,7050,6506,6778,6767,0,6790,0,0,0,2017-04-19,32617000,6794,45,0,0,0,0,0,0,0,0,6796,44,0,0,0,0,0,0,0,0
496,2017-04-19,09:03:37,0,SR709,XZCE,6794,6789,6806,33754,2293977220,640926,641242,7050,6506,6778,6767,0,6790,0,0,0,2017-04-19,32617000,6794,40,0,0,0,0,0,0,0,0,6795,1,0,0,0,0,0,0,0,0
497,2017-04-19,09:03:38,0,SR709,XZCE,6796,6789,6806,34006,2311103140,640806,641242,7050,6506,6778,6767,0,6790,0,0,0,2017-04-19,32618000,6795,5,0,0,0,0,0,0,0,0,6796,11,0,0,0,0,0,0,0,0
498,2017-04-19,09:03:38,0,SR709,XZCE,6795,6789,6806,34010,2311374940,640804,641242,7050,6506,6778,6767,0,6790,0,0,0,2017-04-19,32618000,6795,6,0,0,0,0,0,0,0,0,6796,11,0,0,0,0,0,0,0,0
499,2017-04-19,09:03:39,0,SR709,XZCE,6795,6789,6806,34010,2311374940,640804,641242,7050,6506,6778,6767,0,6790,0,0,0,2017-04-19,32619000,6795,7,0,0,0,0,0,0,0,0,6796,11,0,0,0,0,0,0,0,0
500,2017-04-19,09:03:39,0,SR709,XZCE,6797,6789,6806,34210,2324968940,640662,641242,7050,6506,6778,6767,0,6790,0,0,0,2017-04-19,32619000,6795,28,0,0,0,0,0,0,0,0,6797,17,0,0,0,0,0,0,0,0
501,2017-04-19,09:03:40,0,SR709,XZCE,6795,6789,6806,34254,2327958740,640684,641242,7050,6506,6778,6767,0,6790,0,0,0,2017-04-19,32620000,6795,26,0,0,0,0,0,0,0,0,6797,17,0,0,0,0,0,0,0,0
502,2017-04-19,09:03:40,0,SR709,XZCE,6797,6789,6806,34256,2328094680,640684,641242,7050,6506,6778,6767,0,6790,0,0,0,2017-04-19,32620000,6796,4,0,0,0,0,0,0,0,0,6797,11,0,0,0,0,0,0,0,0
503,2017-04-19,09:03:41,0,SR709,XZCE,6797,6789,6806,34260,2328366560,640688,641242,7050,6506,6778,6767,0,6790,0,0,0,2017-04-19,32621000,6796,5,0,0,0,0,0,0,0,0,6797,10,0,0,0,0,0,0,0,0
504,2017-04-19,09:03:41,0,SR709,XZCE,6796,6789,6806,34274,2329318000,640688,641242,7050,6506,6778,6767,0,6790,0,0,0,2017-04-19,32621000,6796,8,0,0,0,0,0,0,0,0,6797,10,0,0,0,0,0,0,0,0
505,2017-04-19,09:03:42,0,SR709,XZCE,6797,6789,6806,34276,2329453940,640688,641242,7050,6506,6778,6767,0,6790,0,0,0,2017-04-19,32622000,6796,9,0,0,0,0,0,0,0,0,6797,20,0,0,0,0,0,0,0,0
506,2017-04-19,09:03:42,0,SR709,XZCE,6796,6789,6806,34304,2331356820,640712,641242,7050,6506,6778,6767,0,6790,0,0,0,2017-04-19,32622000,6796,2,0,0,0,0,0,0,0,0,6797,17,0,0,0,0,0,0,0,0
507,2017-04-19,09:03:43,0,SR709,XZCE,6797,6789,6806,34320,2332444340,640712,641242,7050,6506,6778,6767,0,6790,0,0,0,2017-04-19,32623000,6796,2,0,0,0,0,0,0,0,0,6797,10,0,0,0,0,0,0,0,0
508,2017-04-19,09:03:43,0,SR709,XZCE,6795,6789,6806,34530,2346713840,640798,641242,7050,6506,6778,6767,0,6790,0,0,0,2017-04-19,32623000,6794,15,0,0,0,0,0,0,0,0,6795,5,0,0,0,0,0,0,0,0
509,2017-04-19,09:03:44,0,SR709,XZCE,6795,6789,6806,34536,2347121540,640798,641242,7050,6506,6778,6767,0,6790,0,0,0,2017-04-19,32624000,6794,17,0,0,0,0,0,0,0,0,6795,2,0,0,0,0,0,0,0,0
510,2017-04-19,09:03:44,0,SR709,XZCE,6795,6789,6806,34538,2347257440,640800,641242,7050,6506,6778,6767,0,6790,0,0,0,2017-04-19,32624000,6794,19,0,0,0,0,0,0,0,0,6795,1,0,0,0,0,0,0,0,0
511,2017-04-19,09:03:45,0,SR709,XZCE,6795,6789,6806,34574,2349703640,640804,641242,7050,6506,6778,6767,0,6790,0,0,0,2017-04-19,32625000,6795,2,0,0,0,0,0,0,0,0,6796,10,0,0,0,0,0,0,0,0
512,2017-04-19,09:03:45,0,SR709,XZCE,6795,6789,6806,34586,2350519040,640804,641242,7050,6506,6778,6767,0,6790,0,0,0,2017-04-19,32625000,6795,1,0,0,0,0,0,0,0,0,6796,15,0,0,0,0,0,0,0,0
513,2017-04-19,09:03:46,0,SR709,XZCE,6795,6789,6806,34598,2351334440,640804,641242,7050,6506,6778,6767,0,6790,0,0,0,2017-04-19,32626000,6795,2,0,0,0,0,0,0,0,0,6796,16,0,0,0,0,0,0,0,0
514,2017-04-19,09:03:46,0,SR709,XZCE,6796,6789,6806,34600,2351470360,640802,641242,7050,6506,6778,6767,0,6790,0,0,0,2017-04-19,32626000,6795,15,0,0,0,0,0,0,0,0,6796,14,0,0,0,0,0,0,0,0
515,2017-04-19,09:03:47,0,SR709,XZCE,6798,6789,6806,34800,2365066360,640690,641242,7050,6506,6778,6767,0,6790,0,0,0,2017-04-19,32627000,6796,5,0,0,0,0,0,0,0,0,6797,5,0,0,0,0,0,0,0,0
516,2017-04-19,09:03:47,0,SR709,XZCE,6796,6789,6806,34804,2365338200,640686,641242,7050,6506,6778,6767,0,6790,0,0,0,2017-04-19,32627000,6796,9,0,0,0,0,0,0,0,0,6797,6,0,0,0,0,0,0,0,0
517,2017-04-19,09:03:48,0,SR709,XZCE,6798,6789,6806,34854,2368737200,640656,641242,7050,6506,6778,6767,0,6790,0,0,0,2017-04-19,32628000,6797,189,0,0,0,0,0,0,0,0,6798,40,0,0,0,0,0,0,0,0
518,2017-04-19,09:03:48,0,SR709,XZCE,6797,6789,6806,34882,2370640360,640656,641242,7050,6506,6778,6767,0,6790,0,0,0,2017-04-19,32628000,6797,177,0,0,0,0,0,0,0,0,6798,85,0,0,0,0,0,0,0,0
519,2017-04-19,09:03:49,0,SR709,XZCE,6797,6789,6806,34924,2373495100,640658,641242,7050,6506,6778,6767,0,6790,0,0,0,2017-04-19,32629000,6797,159,0,0,0,0,0,0,0,0,6798,82,0,0,0,0,0,0,0,0
520,2017-04-19,09:03:49,0,SR709,XZCE,6798,6789,6806,34928,2373767020,640656,641242,7050,6506,6778,6767,0,6790,0,0,0,2017-04-19,32629000,6797,157,0,0,0,0,0,0,0,0,6798,81,0,0,0,0,0,0,0,0
521,2017-04-19,09:03:50,0,SR709,XZCE,6797,6789,6806,34968,2376485820,640664,641242,7050,6506,6778,6767,0,6790,0,0,0,2017-04-19,32630000,6797,145,0,0,0,0,0,0,0,0,6798,27,0,0,0,0,0,0,0,0
522,2017-04-19,09:03:50,0,SR709,XZCE,6797,6789,6806,35008,2379204620,640648,641242,7050,6506,6778,6767,0,6790,0,0,0,2017-04-19,32630000,6797,138,0,0,0,0,0,0,0,0,6798,14,0,0,0,0,0,0,0,0
523,2017-04-19,09:03:51,0,SR709,XZCE,6798,6789,6806,35068,2383283420,640624,641242,7050,6506,6778,6767,0,6790,0,0,0,2017-04-19,32631000,6797,111,0,0,0,0,0,0,0,0,6798,17,0,0,0,0,0,0,0,0
524,2017-04-19,09:03:51,0,SR709,XZCE,6797,6789,6806,35094,2385050640,640598,641242,7050,6506,6778,6767,0,6790,0,0,0,2017-04-19,32631000,6797,98,0,0,0,0,0,0,0,0,6798,19,0,0,0,0,0,0,0,0
525,2017-04-19,09:03:52,0,SR709,XZCE,6797,6789,6806,35184,2391167940,640560,641242,7050,6506,6778,6767,0,6790,0,0,0,2017-04-19,32632000,6797,56,0,0,0,0,0,0,0,0,6798,63,0,0,0,0,0,0,0,0
526,2017-04-19,09:03:52,0,SR709,XZCE,6798,6789,6806,35186,2391303900,640560,641242,7050,6506,6778,6767,0,6790,0,0,0,2017-04-19,32632000,6797,56,0,0,0,0,0,0,0,0,6798,63,0,0,0,0,0,0,0,0
527,2017-04-19,09:03:53,0,SR709,XZCE,6797,6789,6806,35234,2394566460,640546,641242,7050,6506,6778,6767,0,6790,0,0,0,2017-04-19,32633000,6797,54,0,0,0,0,0,0,0,0,6798,51,0,0,0,0,0,0,0,0
528,2017-04-19,09:03:53,0,SR709,XZCE,6797,6789,6806,35252,2395789920,640554,641242,7050,6506,6778,6767,0,6790,0,0,0,2017-04-19,32633000,6797,60,0,0,0,0,0,0,0,0,6798,12,0,0,0,0,0,0,0,0
529,2017-04-19,09:03:54,0,SR709,XZCE,6799,6789,6806,35454,2409523900,640494,641242,7050,6506,6778,6767,0,6790,0,0,0,2017-04-19,32634000,6797,59,0,0,0,0,0,0,0,0,6799,13,0,0,0,0,0,0,0,0
530,2017-04-19,09:03:54,0,SR709,XZCE,6798,6789,6806,35462,2410067740,640498,641242,7050,6506,6778,6767,0,6790,0,0,0,2017-04-19,32634000,6798,4,0,0,0,0,0,0,0,0,6799,13,0,0,0,0,0,0,0,0
531,2017-04-19,09:03:55,0,SR709,XZCE,6798,6789,6806,35534,2414962300,640452,641242,7050,6506,6778,6767,0,6790,0,0,0,2017-04-19,32635000,6798,4,0,0,0,0,0,0,0,0,6799,16,0,0,0,0,0,0,0,0
532,2017-04-19,09:03:55,0,SR709,XZCE,6798,6789,6806,35534,2414962300,640452,641242,7050,6506,6778,6767,0,6790,0,0,0,2017-04-19,32635000,6798,10,0,0,0,0,0,0,0,0,6799,16,0,0,0,0,0,0,0,0
533,2017-04-19,09:03:56,0,SR709,XZCE,6798,6789,6806,35536,2415098260,640454,641242,7050,6506,6778,6767,0,6790,0,0,0,2017-04-19,32636000,6798,10,0,0,0,0,0,0,0,0,6799,28,0,0,0,0,0,0,0,0
534,2017-04-19,09:03:56,0,SR709,XZCE,6799,6789,6806,35568,2417273940,640454,641242,7050,6506,6778,6767,0,6790,0,0,0,2017-04-19,32636000,6798,10,0,0,0,0,0,0,0,0,6799,12,0,0,0,0,0,0,0,0
535,2017-04-19,09:03:57,0,SR709,XZCE,6798,6789,6806,35570,2417409900,640456,641242,7050,6506,6778,6767,0,6790,0,0,0,2017-04-19,32637000,6798,10,0,0,0,0,0,0,0,0,6799,12,0,0,0,0,0,0,0,0
536,2017-04-19,09:03:57,0,SR709,XZCE,6798,6789,6806,35598,2419313340,640484,641242,7050,6506,6778,6767,0,6790,0,0,0,2017-04-19,32637000,6798,8,0,0,0,0,0,0,0,0,6799,16,0,0,0,0,0,0,0,0
537,2017-04-19,09:03:58,0,SR709,XZCE,6798,6789,6806,35632,2421624660,640492,641242,7050,6506,6778,6767,0,6790,0,0,0,2017-04-19,32638000,6798,2,0,0,0,0,0,0,0,0,6799,18,0,0,0,0,0,0,0,0
538,2017-04-19,09:03:58,0,SR709,XZCE,6799,6789,6806,35640,2422168580,640492,641242,7050,6506,6778,6767,0,6790,0,0,0,2017-04-19,32638000,6797,60,0,0,0,0,0,0,0,0,6799,16,0,0,0,0,0,0,0,0
539,2017-04-19,09:03:59,0,SR709,XZCE,6798,6789,6806,35654,2423120300,640494,641242,7050,6506,6778,6767,0,6790,0,0,0,2017-04-19,32639000,6797,52,0,0,0,0,0,0,0,0,6798,34,0,0,0,0,0,0,0,0
540,2017-04-19,09:04:00,0,SR709,XZCE,6797,6789,6806,35668,2424071880,640482,641242,7050,6506,6778,6767,0,6790,0,0,0,2017-04-19,32640000,6797,60,0,0,0,0,0,0,0,0,6798,44,0,0,0,0,0,0,0,0
541,2017-04-19,09:04:00,0,SR709,XZCE,6797,6789,6806,35668,2424071880,640482,641242,7050,6506,6778,6767,0,6790,0,0,0,2017-04-19,32640000,6797,60,0,0,0,0,0,0,0,0,6798,47,0,0,0,0,0,0,0,0
542,2017-04-19,09:04:01,0,SR709,XZCE,6797,6789,6806,35690,2425567220,640464,641242,7050,6506,6778,6767,0,6790,0,0,0,2017-04-19,32641000,6797,60,0,0,0,0,0,0,0,0,6798,46,0,0,0,0,0,0,0,0
543,2017-04-19,09:04:01,0,SR709,XZCE,6798,6789,6806,35714,2427198740,640442,641242,7050,6506,6778,6767,0,6790,0,0,0,2017-04-19,32641000,6797,60,0,0,0,0,0,0,0,0,6798,54,0,0,0,0,0,0,0,0
544,2017-04-19,09:04:02,0,SR709,XZCE,6798,6789,6806,35714,2427198740,640442,641242,7050,6506,6778,6767,0,6790,0,0,0,2017-04-19,32642000,6797,60,0,0,0,0,0,0,0,0,6798,56,0,0,0,0,0,0,0,0
545,2017-04-19,09:04:02,0,SR709,XZCE,6796,6789,6806,35924,2441470340,640366,641242,7050,6506,6778,6767,0,6790,0,0,0,2017-04-19,32642000,6796,29,0,0,0,0,0,0,0,0,6797,21,0,0,0,0,0,0,0,0
546,2017-04-19,09:04:03,0,SR709,XZCE,6796,6789,6806,35930,2441878100,640364,641242,7050,6506,6778,6767,0,6790,0,0,0,2017-04-19,32643000,6796,28,0,0,0,0,0,0,0,0,6797,30,0,0,0,0,0,0,0,0
547,2017-04-19,09:04:03,0,SR709,XZCE,6796,6789,6806,35948,2443101380,640382,641242,7050,6506,6778,6767,0,6790,0,0,0,2017-04-19,32643000,6796,19,0,0,0,0,0,0,0,0,6797,32,0,0,0,0,0,0,0,0
548,2017-04-19,09:04:04,0,SR709,XZCE,6795,6789,6806,35996,2446362980,640400,641242,7050,6506,6778,6767,0,6790,0,0,0,2017-04-19,32644000,6795,11,0,0,0,0,0,0,0,0,6796,8,0,0,0,0,0,0,0,0
549,2017-04-19,09:04:04,0,SR709,XZCE,6795,6789,6806,36006,2447042480,640408,641242,7050,6506,6778,6767,0,6790,0,0,0,2017-04-19,32644000,6795,7,0,0,0,0,0,0,0,0,6796,10,0,0,0,0,0,0,0,0
550,2017-04-19,09:04:05,0,SR709,XZCE,6795,6789,6806,36022,2448129680,640418,641242,7050,6506,6778,6767,0,6790,0,0,0,2017-04-19,32645000,6794,12,0,0,0,0,0,0,0,0,6795,99,0,0,0,0,0,0,0,0
