,dataDate,dataTime,dataMillisec,instrumentID,exchangeCD,lastPrice,lowPrice,highPrice,volume,value,openInterest,preOpenInterest,upperLimitPrice,lowerLimitPrice,preSettlementPrice,prevClosePrice,settlementPrice,openPrice,closePrice,preDelta,currDelta,clearingDay,milliSecOffset,bidPrice1,bidVolume1,bidPrice2,bidVolume2,bidPrice3,bidVolume3,bidPrice4,bidVolume4,bidPrice5,bidVolume5,askPrice1,askVolume1,askPrice2,askVolume2,askPrice3,askVolume3,askPrice4,askVolume4,askPrice5,askVolume5
0,2017-04-19,00:00:00,0,TF1706,CCFX,98.57,0.0,0.0,0,0,19400,19400,0.0,0.0,98.595,98.57,0.0,0.0,0.0,0,0,2017-04-19,0,0.0,0,0,0,0,0,0,0,0,0,0.0,0,0,0,0,0,0,0,0,0
1,2017-04-19,07:03:20,100,TF1706,CCFX,98.57,0.0,0.0,0,0,19400,19400,99.775,97.415,98.595,98.57,0.0,0.0,0.0,0,0,2017-04-19,25400100,0.0,0,0,0,0,0,0,0,0,0,0.0,0,0,0,0,0,0,0,0,0
2,2017-04-19,09:14:00,100,TF1706,CCFX,98.57,0.0,0.0,0,0,19400,19400,99.775,97.415,98.595,98.57,0.0,0.0,0.0,0,0,2017-04-19,33240100,98.53,1,0,0,0,0,0,0,0,0,98.63,1,0,0,0,0,0,0,0,0
3,2017-04-19,09:15:00,600,TF1706,CCFX,98.63,98.63,98.63,2,1972600,19402,19400,99.775,97.415,98.595,98.57,0.0,98.63,0.0,0,0,2017-04-19,33300600,98.64,4,0,0,0,0,0,0,0,0,98.645,1,0,0,0,0,0,0,0,0
4,2017-04-19,09:15:01,100,TF1706,CCFX,98.645,98.63,98.645,8,7891250,19401,19400,99.775,97.415,98.595,98.57,0.0,98.63,0.0,0,0,2017-04-19,33301100,98.645,1,0,0,0,0,0,0,0,0,98.665,2,0,0,0,0,0,0,0,0
5,2017-04-19,09:15:01,600,TF1706,CCFX,98.655,98.63,98.68,13,12824300,19404,19400,99.775,97.415,98.595,98.57,0.0,98.63,0.0,0,0,2017-04-19,33301600,98.655,2,0,0,0,0,0,0,0,0,98.68,1,0,0,0,0,0,0,0,0
6,2017-04-19,09:15:02,100,TF1706,CCFX,98.68,98.63,98.68,18,17757700,19405,19400,99.775,97.415,98.595,98.57,0.0,98.63,0.0,0,0,2017-04-19,33302100,98.665,1,0,0,0,0,0,0,0,0,98.695,3,0,0,0,0,0,0,0,0
7,2017-04-19,09:15:02,600,TF1706,CCFX,98.69,98.63,98.69,20,19731250,19405,19400,99.775,97.415,98.595,98.57,0.0,98.63,0.0,0,0,2017-04-19,33302600,98.67,2,0,0,0,0,0,0,0,0,98.69,2,0,0,0,0,0,0,0,0
8,2017-04-19,09:15:03,100,TF1706,CCFX,98.675,98.63,98.69,27,26638250,19408,19400,99.775,97.415,98.595,98.57,0.0,98.63,0.0,0,0,2017-04-19,33303100,98.675,1,0,0,0,0,0,0,0,0,98.68,2,0,0,0,0,0,0,0,0
9,2017-04-19,09:15:03,600,TF1706,CCFX,98.67,98.63,98.69,30,29598400,19407,19400,99.775,97.415,98.595,98.57,0.0,98.63,0.0,0,0,2017-04-19,33303600,98.66,1,0,0,0,0,0,0,0,0,98.67,6,0,0,0,0,0,0,0,0
10,2017-04-19,09:15:04,100,TF1706,CCFX,98.66,98.63,98.69,31,30585000,19407,19400,99.775,97.415,98.595,98.57,0.0,98.63,0.0,0,0,2017-04-19,33304100,98.655,2,0,0,0,0,0,0,0,0,98.67,12,0,0,0,0,0,0,0,0
11,2017-04-19,09:15:04,600,TF1706,CCFX,98.655,98.63,98.69,33,32558100,19407,19400,99.775,97.415,98.595,98.57,0.0,98.63,0.0,0,0,2017-04-19,33304600,98.635,1,0,0,0,0,0,0,0,0,98.665,2,0,0,0,0,0,0,0,0
12,2017-04-19,09:15:05,100,TF1706,CCFX,98.64,98.63,98.69,34,33544500,19407,19400,99.775,97.415,98.595,98.57,0.0,98.63,0.0,0,0,2017-04-19,33305100,98.64,1,0,0,0,0,0,0,0,0,98.66,1,0,0,0,0,0,0,0,0
13,2017-04-19,09:15:05,600,TF1706,CCFX,98.655,98.63,98.69,36,35517600,19405,19400,99.775,97.415,98.595,98.57,0.0,98.63,0.0,0,0,2017-04-19,33305600,98.65,2,0,0,0,0,0,0,0,0,98.66,9,0,0,0,0,0,0,0,0
14,2017-04-19,09:15:06,100,TF1706,CCFX,98.65,98.63,98.69,37,36504100,19405,19400,99.775,97.415,98.595,98.57,0.0,98.63,0.0,0,0,2017-04-19,33306100,98.65,1,0,0,0,0,0,0,0,0,98.655,2,0,0,0,0,0,0,0,0
15,2017-04-19,09:15:06,600,TF1706,CCFX,98.65,98.63,98.69,38,37490600,19405,19400,99.775,97.415,98.595,98.57,0.0,98.63,0.0,0,0,2017-04-19,33306600,98.64,1,0,0,0,0,0,0,0,0,98.65,3,0,0,0,0,0,0,0,0
16,2017-04-19,09:15:07,100,TF1706,CCFX,98.65,98.63,98.69,38,37490600,19405,19400,99.775,97.415,98.595,98.57,0.0,98.63,0.0,0,0,2017-04-19,33307100,98.64,2,0,0,0,0,0,0,0,0,98.65,8,0,0,0,0,0,0,0,0
17,2017-04-19,09:15:07,600,TF1706,CCFX,98.65,98.63,98.69,38,37490600,19405,19400,99.775,97.415,98.595,98.57,0.0,98.63,0.0,0,0,2017-04-19,33307600,98.64,2,0,0,0,0,0,0,0,0,98.645,2,0,0,0,0,0,0,0,0
18,2017-04-19,09:15:08,100,TF1706,CCFX,98.64,98.63,98.69,39,38477000,19405,19400,99.775,97.415,98.595,98.57,0.0,98.63,0.0,0,0,2017-04-19,33308100,98.64,1,0,0,0,0,0,0,0,0,98.645,8,0,0,0,0,0,0,0,0
19,2017-04-19,09:15:08,600,TF1706,CCFX,98.64,98.63,98.69,40,39463400,19405,19400,99.775,97.415,98.595,98.57,0.0,98.63,0.0,0,0,2017-04-19,33308600,98.615,1,0,0,0,0,0,0,0,0,98.64,2,0,0,0,0,0,0,0,0
20,2017-04-19,09:15:09,100,TF1706,CCFX,98.64,98.63,98.69,40,39463400,19405,19400,99.775,97.415,98.595,98.57,0.0,98.63,0.0,0,0,2017-04-19,33309100,98.62,1,0,0,0,0,0,0,0,0,98.635,1,0,0,0,0,0,0,0,0
21,2017-04-19,09:15:09,600,TF1706,CCFX,98.635,98.63,98.69,42,41436100,19406,19400,99.775,97.415,98.595,98.57,0.0,98.63,0.0,0,0,2017-04-19,33309600,98.63,2,0,0,0,0,0,0,0,0,98.635,6,0,0,0,0,0,0,0,0
22,2017-04-19,09:15:10,100,TF1706,CCFX,98.635,98.63,98.69,49,48340550,19402,19400,99.775,97.415,98.595,98.57,0.0,98.63,0.0,0,0,2017-04-19,33310100,98.635,1,0,0,0,0,0,0,0,0,98.645,2,0,0,0,0,0,0,0,0
23,2017-04-19,09:15:10,600,TF1706,CCFX,98.645,98.63,98.69,51,50313450,19401,19400,99.775,97.415,98.595,98.57,0.0,98.63,0.0,0,0,2017-04-19,33310600,98.635,1,0,0,0,0,0,0,0,0,98.655,1,0,0,0,0,0,0,0,0
24,2017-04-19,09:15:11,100,TF1706,CCFX,98.645,98.63,98.69,51,50313450,19401,19400,99.775,97.415,98.595,98.57,0.0,98.63,0.0,0,0,2017-04-19,33311100,98.64,2,0,0,0,0,0,0,0,0,98.655,4,0,0,0,0,0,0,0,0
25,2017-04-19,09:15:11,600,TF1706,CCFX,98.645,98.63,98.69,51,50313450,19401,19400,99.775,97.415,98.595,98.57,0.0,98.63,0.0,0,0,2017-04-19,33311600,98.645,1,0,0,0,0,0,0,0,0,98.65,3,0,0,0,0,0,0,0,0
26,2017-04-19,09:15:12,100,TF1706,CCFX,98.645,98.63,98.69,52,51299900,19400,19400,99.775,97.415,98.595,98.57,0.0,98.63,0.0,0,0,2017-04-19,33312100,98.64,1,0,0,0,0,0,0,0,0,98.645,4,0,0,0,0,0,0,0,0
27,2017-04-19,09:15:12,600,TF1706,CCFX,98.65,98.63,98.69,57,56232200,19398,19400,99.775,97.415,98.595,98.57,0.0,98.63,0.0,0,0,2017-04-19,33312600,98.635,10,0,0,0,0,0,0,0,0,98.65,2,0,0,0,0,0,0,0,0
28,2017-04-19,09:15:13,100,TF1706,CCFX,98.65,98.63,98.69,57,56232200,19398,19400,99.775,97.415,98.595,98.57,0.0,98.63,0.0,0,0,2017-04-19,33313100,98.64,1,0,0,0,0,0,0,0,0,98.65,2,0,0,0,0,0,0,0,0
29,2017-04-19,09:15:13,600,TF1706,CCFX,98.635,98.63,98.69,60,59191300,19398,19400,99.775,97.415,98.595,98.57,0.0,98.63,0.0,0,0,2017-04-19,33313600,98.635,8,0,0,0,0,0,0,0,0,98.65,2,0,0,0,0,0,0,0,0
30,2017-04-19,09:15:14,100,TF1706,CCFX,98.635,98.63,98.69,78,76947950,19384,19400,99.775,97.415,98.595,98.57,0.0,98.63,0.0,0,0,2017-04-19,33314100,98.635,3,0,0,0,0,0,0,0,0,98.67,1,0,0,0,0,0,0,0,0
31,2017-04-19,09:15:14,600,TF1706,CCFX,98.665,98.63,98.69,79,77934600,19383,19400,99.775,97.415,98.595,98.57,0.0,98.63,0.0,0,0,2017-04-19,33314600,98.64,5,0,0,0,0,0,0,0,0,98.665,4,0,0,0,0,0,0,0,0
32,2017-04-19,09:15:15,100,TF1706,CCFX,98.645,98.63,98.69,80,78921050,19384,19400,99.775,97.415,98.595,98.57,0.0,98.63,0.0,0,0,2017-04-19,33315100,98.64,2,0,0,0,0,0,0,0,0,98.655,2,0,0,0,0,0,0,0,0
33,2017-04-19,09:15:15,600,TF1706,CCFX,98.645,98.63,98.69,80,78921050,19384,19400,99.775,97.415,98.595,98.57,0.0,98.63,0.0,0,0,2017-04-19,33315600,98.64,2,0,0,0,0,0,0,0,0,98.655,3,0,0,0,0,0,0,0,0
34,2017-04-19,09:15:16,100,TF1706,CCFX,98.645,98.63,98.69,80,78921050,19384,19400,99.775,97.415,98.595,98.57,0.0,98.63,0.0,0,0,2017-04-19,33316100,98.645,2,0,0,0,0,0,0,0,0,98.655,3,0,0,0,0,0,0,0,0
35,2017-04-19,09:15:16,600,TF1706,CCFX,98.645,98.63,98.69,80,78921050,19384,19400,99.775,97.415,98.595,98.57,0.0,98.63,0.0,0,0,2017-04-19,33316600,98.645,3,0,0,0,0,0,0,0,0,98.655,3,0,0,0,0,0,0,0,0
36,2017-04-19,09:15:17,100,TF1706,CCFX,98.645,98.63,98.69,80,78921050,19384,19400,99.775,97.415,98.595,98.57,0.0,98.63,0.0,0,0,2017-04-19,33317100,98.645,3,0,0,0,0,0,0,0,0,98.655,2,0,0,0,0,0,0,0,0
37,2017-04-19,09:15:17,600,TF1706,CCFX,98.635,98.63,98.69,86,84839550,19379,19400,99.775,97.415,98.595,98.57,0.0,98.63,0.0,0,0,2017-04-19,33317600,98.635,3,0,0,0,0,0,0,0,0,98.655,2,0,0,0,0,0,0,0,0
38,2017-04-19,09:15:18,100,TF1706,CCFX,98.635,98.63,98.69,86,84839550,19379,19400,99.775,97.415,98.595,98.57,0.0,98.63,0.0,0,0,2017-04-19,33318100,98.635,10,0,0,0,0,0,0,0,0,98.655,2,0,0,0,0,0,0,0,0
39,2017-04-19,09:15:18,600,TF1706,CCFX,98.635,98.63,98.69,86,84839550,19379,19400,99.775,97.415,98.595,98.57,0.0,98.63,0.0,0,0,2017-04-19,33318600,98.64,2,0,0,0,0,0,0,0,0,98.655,2,0,0,0,0,0,0,0,0
40,2017-04-19,09:15:19,100,TF1706,CCFX,98.635,98.63,98.69,86,84839550,19379,19400,99.775,97.415,98.595,98.57,0.0,98.63,0.0,0,0,2017-04-19,33319100,98.64,2,0,0,0,0,0,0,0,0,98.65,1,0,0,0,0,0,0,0,0
41,2017-04-19,09:15:19,600,TF1706,CCFX,98.635,98.63,98.69,86,84839550,19379,19400,99.775,97.415,98.595,98.57,0.0,98.63,0.0,0,0,2017-04-19,33319600,98.64,3,0,0,0,0,0,0,0,0,98.645,1,0,0,0,0,0,0,0,0
42,2017-04-19,09:15:20,100,TF1706,CCFX,98.645,98.63,98.69,87,85826000,19379,19400,99.775,97.415,98.595,98.57,0.0,98.63,0.0,0,0,2017-04-19,33320100,98.645,4,0,0,0,0,0,0,0,0,98.655,2,0,0,0,0,0,0,0,0
43,2017-04-19,09:15:20,600,TF1706,CCFX,98.645,98.63,98.69,87,85826000,19379,19400,99.775,97.415,98.595,98.57,0.0,98.63,0.0,0,0,2017-04-19,33320600,98.645,3,0,0,0,0,0,0,0,0,98.655,2,0,0,0,0,0,0,0,0
44,2017-04-19,09:15:21,100,TF1706,CCFX,98.645,98.63,98.69,87,85826000,19379,19400,99.775,97.415,98.595,98.57,0.0,98.63,0.0,0,0,2017-04-19,33321100,98.645,3,0,0,0,0,0,0,0,0,98.655,2,0,0,0,0,0,0,0,0
45,2017-04-19,09:15:21,600,TF1706,CCFX,98.645,98.63,98.69,88,86812450,19378,19400,99.775,97.415,98.595,98.57,0.0,98.63,0.0,0,0,2017-04-19,33321600,98.645,2,0,0,0,0,0,0,0,0,98.655,2,0,0,0,0,0,0,0,0
46,2017-04-19,09:15:23,100,TF1706,CCFX,98.645,98.63,98.69,89,87798900,19378,19400,99.775,97.415,98.595,98.57,0.0,98.63,0.0,0,0,2017-04-19,33323100,98.645,1,0,0,0,0,0,0,0,0,98.655,2,0,0,0,0,0,0,0,0
47,2017-04-19,09:15:23,600,TF1706,CCFX,98.645,98.63,98.69,89,87798900,19378,19400,99.775,97.415,98.595,98.57,0.0,98.63,0.0,0,0,2017-04-19,33323600,98.645,1,0,0,0,0,0,0,0,0,98.655,3,0,0,0,0,0,0,0,0
48,2017-04-19,09:15:24,100,TF1706,CCFX,98.645,98.63,98.69,89,87798900,19378,19400,99.775,97.415,98.595,98.57,0.0,98.63,0.0,0,0,2017-04-19,33324100,98.645,3,0,0,0,0,0,0,0,0,98.65,1,0,0,0,0,0,0,0,0
49,2017-04-19,09:15:24,600,TF1706,CCFX,98.645,98.63,98.69,91,89771800,19379,19400,99.775,97.415,98.595,98.57,0.0,98.63,0.0,0,0,2017-04-19,33324600,98.645,1,0,0,0,0,0,0,0,0,98.65,1,0,0,0,0,0,0,0,0
50,2017-04-19,09:15:25,100,TF1706,CCFX,98.645,98.63,98.69,91,89771800,19379,19400,99.775,97.415,98.595,98.57,0.0,98.63,0.0,0,0,2017-04-19,33325100,98.645,7,0,0,0,0,0,0,0,0,98.65,1,0,0,0,0,0,0,0,0
51,2017-04-19,09:15:25,600,TF1706,CCFX,98.645,98.63,98.69,91,89771800,19379,19400,99.775,97.415,98.595,98.57,0.0,98.63,0.0,0,0,2017-04-19,33325600,98.645,8,0,0,0,0,0,0,0,0,98.65,1,0,0,0,0,0,0,0,0
52,2017-04-19,09:15:27,600,TF1706,CCFX,98.645,98.63,98.69,91,89771800,19379,19400,99.775,97.415,98.595,98.57,0.0,98.63,0.0,0,0,2017-04-19,33327600,98.645,8,0,0,0,0,0,0,0,0,98.65,1,0,0,0,0,0,0,0,0
53,2017-04-19,09:15:28,100,TF1706,CCFX,98.645,98.63,98.69,99,97663400,19374,19400,99.775,97.415,98.595,98.57,0.0,98.63,0.0,0,0,2017-04-19,33328100,98.635,3,0,0,0,0,0,0,0,0,98.645,2,0,0,0,0,0,0,0,0
54,2017-04-19,09:15:28,600,TF1706,CCFX,98.655,98.63,98.69,101,99636450,19374,19400,99.775,97.415,98.595,98.57,0.0,98.63,0.0,0,0,2017-04-19,33328600,98.635,3,0,0,0,0,0,0,0,0,98.665,1,0,0,0,0,0,0,0,0
55,2017-04-19,09:15:29,100,TF1706,CCFX,98.655,98.63,98.69,101,99636450,19374,19400,99.775,97.415,98.595,98.57,0.0,98.63,0.0,0,0,2017-04-19,33329100,98.64,2,0,0,0,0,0,0,0,0,98.66,6,0,0,0,0,0,0,0,0
56,2017-04-19,09:15:29,600,TF1706,CCFX,98.655,98.63,98.69,101,99636450,19374,19400,99.775,97.415,98.595,98.57,0.0,98.63,0.0,0,0,2017-04-19,33329600,98.635,3,0,0,0,0,0,0,0,0,98.65,2,0,0,0,0,0,0,0,0
57,2017-04-19,09:15:30,600,TF1706,CCFX,98.655,98.63,98.69,101,99636450,19374,19400,99.775,97.415,98.595,98.57,0.0,98.63,0.0,0,0,2017-04-19,33330600,98.635,3,0,0,0,0,0,0,0,0,98.655,1,0,0,0,0,0,0,0,0
58,2017-04-19,09:15:31,100,TF1706,CCFX,98.655,98.63,98.69,101,99636450,19374,19400,99.775,97.415,98.595,98.57,0.0,98.63,0.0,0,0,2017-04-19,33331100,98.635,3,0,0,0,0,0,0,0,0,98.645,2,0,0,0,0,0,0,0,0
59,2017-04-19,09:15:31,600,TF1706,CCFX,98.655,98.63,98.69,101,99636450,19374,19400,99.775,97.415,98.595,98.57,0.0,98.63,0.0,0,0,2017-04-19,33331600,98.635,3,0,0,0,0,0,0,0,0,98.645,2,0,0,0,0,0,0,0,0
60,2017-04-19,09:15:32,100,TF1706,CCFX,98.645,98.63,98.69,103,101609350,19372,19400,99.775,97.415,98.595,98.57,0.0,98.63,0.0,0,0,2017-04-19,33332100,98.64,2,0,0,0,0,0,0,0,0,98.655,1,0,0,0,0,0,0,0,0
61,2017-04-19,09:15:32,600,TF1706,CCFX,98.645,98.63,98.69,103,101609350,19372,19400,99.775,97.415,98.595,98.57,0.0,98.63,0.0,0,0,2017-04-19,33332600,98.635,3,0,0,0,0,0,0,0,0,98.655,2,0,0,0,0,0,0,0,0
62,2017-04-19,09:15:33,100,TF1706,CCFX,98.645,98.63,98.69,103,101609350,19372,19400,99.775,97.415,98.595,98.57,0.0,98.63,0.0,0,0,2017-04-19,33333100,98.645,20,0,0,0,0,0,0,0,0,98.65,2,0,0,0,0,0,0,0,0
63,2017-04-19,09:15:33,600,TF1706,CCFX,98.645,98.63,98.69,103,101609350,19372,19400,99.775,97.415,98.595,98.57,0.0,98.63,0.0,0,0,2017-04-19,33333600,98.645,20,0,0,0,0,0,0,0,0,98.65,2,0,0,0,0,0,0,0,0
64,2017-04-19,09:15:34,100,TF1706,CCFX,98.65,98.63,98.69,105,103582350,19370,19400,99.775,97.415,98.595,98.57,0.0,98.63,0.0,0,0,2017-04-19,33334100,98.645,22,0,0,0,0,0,0,0,0,98.655,2,0,0,0,0,0,0,0,0
65,2017-04-19,09:15:35,600,TF1706,CCFX,98.65,98.63,98.69,105,103582350,19370,19400,99.775,97.415,98.595,98.57,0.0,98.63,0.0,0,0,2017-04-19,33335600,98.645,22,0,0,0,0,0,0,0,0,98.655,2,0,0,0,0,0,0,0,0
66,2017-04-19,09:15:36,100,TF1706,CCFX,98.65,98.63,98.69,105,103582350,19370,19400,99.775,97.415,98.595,98.57,0.0,98.63,0.0,0,0,2017-04-19,33336100,98.645,20,0,0,0,0,0,0,0,0,98.655,2,0,0,0,0,0,0,0,0
67,2017-04-19,09:15:36,600,TF1706,CCFX,98.65,98.63,98.69,105,103582350,19370,19400,99.775,97.415,98.595,98.57,0.0,98.63,0.0,0,0,2017-04-19,33336600,98.645,20,0,0,0,0,0,0,0,0,98.655,2,0,0,0,0,0,0,0,0
68,2017-04-19,09:15:38,600,TF1706,CCFX,98.65,98.63,98.69,105,103582350,19370,19400,99.775,97.415,98.595,98.57,0.0,98.63,0.0,0,0,2017-04-19,33338600,98.645,20,0,0,0,0,0,0,0,0,98.65,2,0,0,0,0,0,0,0,0
69,2017-04-19,09:15:39,100,TF1706,CCFX,98.65,98.63,98.69,106,104568850,19369,19400,99.775,97.415,98.595,98.57,0.0,98.63,0.0,0,0,2017-04-19,33339100,98.645,20,0,0,0,0,0,0,0,0,98.65,1,0,0,0,0,0,0,0,0
70,2017-04-19,09:15:41,600,TF1706,CCFX,98.655,98.63,98.69,108,106541900,19367,19400,99.775,97.415,98.595,98.57,0.0,98.63,0.0,0,0,2017-04-19,33341600,98.645,20,0,0,0,0,0,0,0,0,98.655,1,0,0,0,0,0,0,0,0
71,2017-04-19,09:15:42,100,TF1706,CCFX,98.655,98.63,98.69,108,106541900,19367,19400,99.775,97.415,98.595,98.57,0.0,98.63,0.0,0,0,2017-04-19,33342100,98.645,20,0,0,0,0,0,0,0,0,98.655,1,0,0,0,0,0,0,0,0
72,2017-04-19,09:15:42,600,TF1706,CCFX,98.655,98.63,98.69,108,106541900,19367,19400,99.775,97.415,98.595,98.57,0.0,98.63,0.0,0,0,2017-04-19,33342600,98.65,1,0,0,0,0,0,0,0,0,98.655,1,0,0,0,0,0,0,0,0
73,2017-04-19,09:15:43,100,TF1706,CCFX,98.655,98.63,98.69,108,106541900,19367,19400,99.775,97.415,98.595,98.57,0.0,98.63,0.0,0,0,2017-04-19,33343100,98.65,1,0,0,0,0,0,0,0,0,98.655,1,0,0,0,0,0,0,0,0
74,2017-04-19,09:15:43,600,TF1706,CCFX,98.65,98.63,98.69,109,107528400,19367,19400,99.775,97.415,98.595,98.57,0.0,98.63,0.0,0,0,2017-04-19,33343600,98.645,20,0,0,0,0,0,0,0,0,98.655,1,0,0,0,0,0,0,0,0
75,2017-04-19,09:15:46,100,TF1706,CCFX,98.65,98.63,98.69,109,107528400,19367,19400,99.775,97.415,98.595,98.57,0.0,98.63,0.0,0,0,2017-04-19,33346100,98.645,20,0,0,0,0,0,0,0,0,98.655,1,0,0,0,0,0,0,0,0
76,2017-04-19,09:15:48,100,TF1706,CCFX,98.65,98.63,98.69,109,107528400,19367,19400,99.775,97.415,98.595,98.57,0.0,98.63,0.0,0,0,2017-04-19,33348100,98.65,1,0,0,0,0,0,0,0,0,98.655,1,0,0,0,0,0,0,0,0
77,2017-04-19,09:15:48,600,TF1706,CCFX,98.65,98.63,98.69,109,107528400,19367,19400,99.775,97.415,98.595,98.57,0.0,98.63,0.0,0,0,2017-04-19,33348600,98.65,1,0,0,0,0,0,0,0,0,98.655,1,0,0,0,0,0,0,0,0
78,2017-04-19,09:15:49,100,TF1706,CCFX,98.65,98.63,98.69,109,107528400,19367,19400,99.775,97.415,98.595,98.57,0.0,98.63,0.0,0,0,2017-04-19,33349100,98.65,1,0,0,0,0,0,0,0,0,98.655,2,0,0,0,0,0,0,0,0
79,2017-04-19,09:15:49,600,TF1706,CCFX,98.65,98.63,98.69,109,107528400,19367,19400,99.775,97.415,98.595,98.57,0.0,98.63,0.0,0,0,2017-04-19,33349600,98.65,1,0,0,0,0,0,0,0,0,98.655,2,0,0,0,0,0,0,0,0
80,2017-04-19,09:15:51,100,TF1706,CCFX,98.655,98.63,98.69,111,109501500,19368,19400,99.775,97.415,98.595,98.57,0.0,98.63,0.0,0,0,2017-04-19,33351100,98.655,18,0,0,0,0,0,0,0,0,98.66,4,0,0,0,0,0,0,0,0
81,2017-04-19,09:15:51,600,TF1706,CCFX,98.655,98.63,98.69,111,109501500,19368,19400,99.775,97.415,98.595,98.57,0.0,98.63,0.0,0,0,2017-04-19,33351600,98.655,18,0,0,0,0,0,0,0,0,98.66,4,0,0,0,0,0,0,0,0
82,2017-04-19,09:15:52,100,TF1706,CCFX,98.655,98.63,98.69,111,109501500,19368,19400,99.775,97.415,98.595,98.57,0.0,98.63,0.0,0,0,2017-04-19,33352100,98.655,18,0,0,0,0,0,0,0,0,98.66,3,0,0,0,0,0,0,0,0
83,2017-04-19,09:15:52,600,TF1706,CCFX,98.655,98.63,98.69,115,113447850,19369,19400,99.775,97.415,98.595,98.57,0.0,98.63,0.0,0,0,2017-04-19,33352600,98.655,17,0,0,0,0,0,0,0,0,98.665,2,0,0,0,0,0,0,0,0
84,2017-04-19,09:15:53,100,TF1706,CCFX,98.655,98.63,98.69,115,113447850,19369,19400,99.775,97.415,98.595,98.57,0.0,98.63,0.0,0,0,2017-04-19,33353100,98.655,17,0,0,0,0,0,0,0,0,98.66,2,0,0,0,0,0,0,0,0
85,2017-04-19,09:15:53,600,TF1706,CCFX,98.655,98.63,98.69,115,113447850,19369,19400,99.775,97.415,98.595,98.57,0.0,98.63,0.0,0,0,2017-04-19,33353600,98.655,18,0,0,0,0,0,0,0,0,98.665,4,0,0,0,0,0,0,0,0
86,2017-04-19,09:15:54,100,TF1706,CCFX,98.665,98.63,98.69,116,114434500,19369,19400,99.775,97.415,98.595,98.57,0.0,98.63,0.0,0,0,2017-04-19,33354100,98.655,20,0,0,0,0,0,0,0,0,98.665,3,0,0,0,0,0,0,0,0
87,2017-04-19,09:15:54,600,TF1706,CCFX,98.665,98.63,98.69,118,116407800,19369,19400,99.775,97.415,98.595,98.57,0.0,98.63,0.0,0,0,2017-04-19,33354600,98.655,20,0,0,0,0,0,0,0,0,98.665,2,0,0,0,0,0,0,0,0
88,2017-04-19,09:15:55,100,TF1706,CCFX,98.665,98.63,98.69,118,116407800,19369,19400,99.775,97.415,98.595,98.57,0.0,98.63,0.0,0,0,2017-04-19,33355100,98.655,24,0,0,0,0,0,0,0,0,98.66,2,0,0,0,0,0,0,0,0
89,2017-04-19,09:15:55,600,TF1706,CCFX,98.665,98.63,98.69,121,119367650,19368,19400,99.775,97.415,98.595,98.57,0.0,98.63,0.0,0,0,2017-04-19,33355600,98.66,1,0,0,0,0,0,0,0,0,98.665,1,0,0,0,0,0,0,0,0
90,2017-04-19,09:15:56,100,TF1706,CCFX,98.66,98.63,98.69,123,121340900,19367,19400,99.775,97.415,98.595,98.57,0.0,98.63,0.0,0,0,2017-04-19,33356100,98.655,24,0,0,0,0,0,0,0,0,98.665,2,0,0,0,0,0,0,0,0
91,2017-04-19,09:15:57,600,TF1706,CCFX,98.665,98.63,98.69,125,123314200,19365,19400,99.775,97.415,98.595,98.57,0.0,98.63,0.0,0,0,2017-04-19,33357600,98.655,24,0,0,0,0,0,0,0,0,98.69,2,0,0,0,0,0,0,0,0
92,2017-04-19,09:15:58,100,TF1706,CCFX,98.66,98.63,98.69,126,124300800,19365,19400,99.775,97.415,98.595,98.57,0.0,98.63,0.0,0,0,2017-04-19,33358100,98.66,3,0,0,0,0,0,0,0,0,98.665,2,0,0,0,0,0,0,0,0
93,2017-04-19,09:15:58,600,TF1706,CCFX,98.665,98.63,98.69,127,125287450,19365,19400,99.775,97.415,98.595,98.57,0.0,98.63,0.0,0,0,2017-04-19,33358600,98.66,1,0,0,0,0,0,0,0,0,98.665,2,0,0,0,0,0,0,0,0
94,2017-04-19,09:15:59,100,TF1706,CCFX,98.665,98.63,98.69,127,125287450,19365,19400,99.775,97.415,98.595,98.57,0.0,98.63,0.0,0,0,2017-04-19,33359100,98.66,1,0,0,0,0,0,0,0,0,98.665,2,0,0,0,0,0,0,0,0
95,2017-04-19,09:16:00,100,TF1706,CCFX,98.665,98.63,98.69,127,125287450,19365,19400,99.775,97.415,98.595,98.57,0.0,98.63,0.0,0,0,2017-04-19,33360100,98.66,2,0,0,0,0,0,0,0,0,98.665,2,0,0,0,0,0,0,0,0
96,2017-04-19,09:16:01,100,TF1706,CCFX,98.665,98.63,98.69,127,125287450,19365,19400,99.775,97.415,98.595,98.57,0.0,98.63,0.0,0,0,2017-04-19,33361100,98.66,2,0,0,0,0,0,0,0,0,98.665,2,0,0,0,0,0,0,0,0
97,2017-04-19,09:16:01,600,TF1706,CCFX,98.655,98.63,98.69,131,129233750,19364,19400,99.775,97.415,98.595,98.57,0.0,98.63,0.0,0,0,2017-04-19,33361600,98.655,36,0,0,0,0,0,0,0,0,98.665,2,0,0,0,0,0,0,0,0
98,2017-04-19,09:16:02,100,TF1706,CCFX,98.665,98.63,98.69,133,131207050,19362,19400,99.775,97.415,98.595,98.57,0.0,98.63,0.0,0,0,2017-04-19,33362100,98.655,36,0,0,0,0,0,0,0,0,98.67,2,0,0,0,0,0,0,0,0
99,2017-04-19,09:16:02,600,TF1706,CCFX,98.665,98.63,98.69,133,131207050,19362,19400,99.775,97.415,98.595,98.57,0.0,98.63,0.0,0,0,2017-04-19,33362600,98.655,36,0,0,0,0,0,0,0,0,98.66,2,0,0,0,0,0,0,0,0
100,2017-04-19,09:16:03,100,TF1706,CCFX,98.66,98.63,98.69,134,132193650,19362,19400,99.775,97.415,98.595,98.57,0.0,98.63,0.0,0,0,2017-04-19,33363100,98.66,2,0,0,0,0,0,0,0,0,98.665,2,0,0,0,0,0,0,0,0
101,2017-04-19,09:16:03,600,TF1706,CCFX,98.66,98.63,98.69,136,134166850,19360,19400,99.775,97.415,98.595,98.57,0.0,98.63,0.0,0,0,2017-04-19,33363600,98.655,37,0,0,0,0,0,0,0,0,98.665,2,0,0,0,0,0,0,0,0
102,2017-04-19,09:16:04,100,TF1706,CCFX,98.66,98.63,98.69,136,134166850,19360,19400,99.775,97.415,98.595,98.57,0.0,98.63,0.0,0,0,2017-04-19,33364100,98.655,37,0,0,0,0,0,0,0,0,98.66,3,0,0,0,0,0,0,0,0
103,2017-04-19,09:16:04,600,TF1706,CCFX,98.66,98.63,98.69,136,134166850,19360,19400,99.775,97.415,98.595,98.57,0.0,98.63,0.0,0,0,2017-04-19,33364600,98.655,37,0,0,0,0,0,0,0,0,98.66,2,0,0,0,0,0,0,0,0
104,2017-04-19,09:16:05,600,TF1706,CCFX,98.655,98.63,98.69,140,138113050,19362,19400,99.775,97.415,98.595,98.57,0.0,98.63,0.0,0,0,2017-04-19,33365600,98.655,33,0,0,0,0,0,0,0,0,98.67,2,0,0,0,0,0,0,0,0
105,2017-04-19,09:16:06,100,TF1706,CCFX,98.655,98.63,98.69,140,138113050,19362,19400,99.775,97.415,98.595,98.57,0.0,98.63,0.0,0,0,2017-04-19,33366100,98.655,33,0,0,0,0,0,0,0,0,98.665,1,0,0,0,0,0,0,0,0
106,2017-04-19,09:16:06,600,TF1706,CCFX,98.655,98.63,98.69,143,141072700,19362,19400,99.775,97.415,98.595,98.57,0.0,98.63,0.0,0,0,2017-04-19,33366600,98.655,29,0,0,0,0,0,0,0,0,98.665,1,0,0,0,0,0,0,0,0
107,2017-04-19,09:16:07,100,TF1706,CCFX,98.655,98.63,98.69,157,154884400,19372,19400,99.775,97.415,98.595,98.57,0.0,98.63,0.0,0,0,2017-04-19,33367100,98.655,15,0,0,0,0,0,0,0,0,98.66,2,0,0,0,0,0,0,0,0
108,2017-04-19,09:16:07,600,TF1706,CCFX,98.655,98.63,98.69,165,162776800,19378,19400,99.775,97.415,98.595,98.57,0.0,98.63,0.0,0,0,2017-04-19,33367600,98.655,7,0,0,0,0,0,0,0,0,98.66,11,0,0,0,0,0,0,0,0
109,2017-04-19,09:16:08,100,TF1706,CCFX,98.645,98.63,98.69,174,171655550,19380,19400,99.775,97.415,98.595,98.57,0.0,98.63,0.0,0,0,2017-04-19,33368100,98.645,18,0,0,0,0,0,0,0,0,98.655,4,0,0,0,0,0,0,0,0
110,2017-04-19,09:16:08,600,TF1706,CCFX,98.655,98.63,98.69,175,172642100,19381,19400,99.775,97.415,98.595,98.57,0.0,98.63,0.0,0,0,2017-04-19,33368600,98.645,18,0,0,0,0,0,0,0,0,98.65,2,0,0,0,0,0,0,0,0
111,2017-04-19,09:16:09,100,TF1706,CCFX,98.655,98.63,98.69,179,176588200,19378,19400,99.775,97.415,98.595,98.57,0.0,98.63,0.0,0,0,2017-04-19,33369100,98.65,9,0,0,0,0,0,0,0,0,98.66,2,0,0,0,0,0,0,0,0
112,2017-04-19,09:16:09,600,TF1706,CCFX,98.65,98.63,98.69,181,178561200,19376,19400,99.775,97.415,98.595,98.57,0.0,98.63,0.0,0,0,2017-04-19,33369600,98.65,3,0,0,0,0,0,0,0,0,98.66,4,0,0,0,0,0,0,0,0
113,2017-04-19,09:16:10,100,TF1706,CCFX,98.65,98.63,98.69,181,178561200,19376,19400,99.775,97.415,98.595,98.57,0.0,98.63,0.0,0,0,2017-04-19,33370100,98.65,3,0,0,0,0,0,0,0,0,98.655,2,0,0,0,0,0,0,0,0
114,2017-04-19,09:16:10,600,TF1706,CCFX,98.65,98.63,98.69,181,178561200,19376,19400,99.775,97.415,98.595,98.57,0.0,98.63,0.0,0,0,2017-04-19,33370600,98.65,3,0,0,0,0,0,0,0,0,98.66,2,0,0,0,0,0,0,0,0
115,2017-04-19,09:16:11,100,TF1706,CCFX,98.65,98.63,98.69,181,178561200,19376,19400,99.775,97.415,98.595,98.57,0.0,98.63,0.0,0,0,2017-04-19,33371100,98.655,2,0,0,0,0,0,0,0,0,98.66,2,0,0,0,0,0,0,0,0
116,2017-04-19,09:16:11,600,TF1706,CCFX,98.655,98.63,98.69,182,179547750,19375,19400,99.775,97.415,98.595,98.57,0.0,98.63,0.0,0,0,2017-04-19,33371600,98.655,1,0,0,0,0,0,0,0,0,98.66,2,0,0,0,0,0,0,0,0
117,2017-04-19,09:16:12,100,TF1706,CCFX,98.655,98.63,98.69,183,180534300,19374,19400,99.775,97.415,98.595,98.57,0.0,98.63,0.0,0,0,2017-04-19,33372100,98.645,18,0,0,0,0,0,0,0,0,98.66,2,0,0,0,0,0,0,0,0
118,2017-04-19,09:16:12,600,TF1706,CCFX,98.655,98.63,98.69,183,180534300,19374,19400,99.775,97.415,98.595,98.57,0.0,98.63,0.0,0,0,2017-04-19,33372600,98.645,18,0,0,0,0,0,0,0,0,98.66,2,0,0,0,0,0,0,0,0
119,2017-04-19,09:16:13,100,TF1706,CCFX,98.655,98.63,98.69,183,180534300,19374,19400,99.775,97.415,98.595,98.57,0.0,98.63,0.0,0,0,2017-04-19,33373100,98.65,1,0,0,0,0,0,0,0,0,98.66,2,0,0,0,0,0,0,0,0
120,2017-04-19,09:16:13,600,TF1706,CCFX,98.655,98.63,98.69,183,180534300,19374,19400,99.775,97.415,98.595,98.57,0.0,98.63,0.0,0,0,2017-04-19,33373600,98.65,2,0,0,0,0,0,0,0,0,98.66,2,0,0,0,0,0,0,0,0
121,2017-04-19,09:16:14,600,TF1706,CCFX,98.655,98.63,98.69,183,180534300,19374,19400,99.775,97.415,98.595,98.57,0.0,98.63,0.0,0,0,2017-04-19,33374600,98.65,2,0,0,0,0,0,0,0,0,98.66,4,0,0,0,0,0,0,0,0
122,2017-04-19,09:16:15,600,TF1706,CCFX,98.645,98.63,98.69,198,195331150,19388,19400,99.775,97.415,98.595,98.57,0.0,98.63,0.0,0,0,2017-04-19,33375600,98.645,5,0,0,0,0,0,0,0,0,98.66,5,0,0,0,0,0,0,0,0
123,2017-04-19,09:16:16,100,TF1706,CCFX,98.645,98.63,98.69,198,195331150,19388,19400,99.775,97.415,98.595,98.57,0.0,98.63,0.0,0,0,2017-04-19,33376100,98.645,5,0,0,0,0,0,0,0,0,98.655,2,0,0,0,0,0,0,0,0
124,2017-04-19,09:16:17,100,TF1706,CCFX,98.645,98.63,98.69,198,195331150,19388,19400,99.775,97.415,98.595,98.57,0.0,98.63,0.0,0,0,2017-04-19,33377100,98.645,5,0,0,0,0,0,0,0,0,98.65,1,0,0,0,0,0,0,0,0
125,2017-04-19,09:16:17,600,TF1706,CCFX,98.65,98.63,98.69,199,196317650,19388,19400,99.775,97.415,98.595,98.57,0.0,98.63,0.0,0,0,2017-04-19,33377600,98.645,5,0,0,0,0,0,0,0,0,98.655,2,0,0,0,0,0,0,0,0
126,2017-04-19,09:16:18,600,TF1706,CCFX,98.65,98.63,98.69,199,196317650,19388,19400,99.775,97.415,98.595,98.57,0.0,98.63,0.0,0,0,2017-04-19,33378600,98.645,5,0,0,0,0,0,0,0,0,98.655,2,0,0,0,0,0,0,0,0
127,2017-04-19,09:16:19,100,TF1706,CCFX,98.65,98.63,98.69,199,196317650,19388,19400,99.775,97.415,98.595,98.57,0.0,98.63,0.0,0,0,2017-04-19,33379100,98.645,5,0,0,0,0,0,0,0,0,98.655,3,0,0,0,0,0,0,0,0
128,2017-04-19,09:16:21,100,TF1706,CCFX,98.65,98.63,98.69,199,196317650,19388,19400,99.775,97.415,98.595,98.57,0.0,98.63,0.0,0,0,2017-04-19,33381100,98.65,2,0,0,0,0,0,0,0,0,98.655,3,0,0,0,0,0,0,0,0
129,2017-04-19,09:16:21,600,TF1706,CCFX,98.66,98.63,98.69,207,204210300,19391,19400,99.775,97.415,98.595,98.57,0.0,98.63,0.0,0,0,2017-04-19,33381600,98.66,12,0,0,0,0,0,0,0,0,98.665,1,0,0,0,0,0,0,0,0
130,2017-04-19,09:16:22,100,TF1706,CCFX,98.66,98.63,98.69,214,211116500,19395,19400,99.775,97.415,98.595,98.57,0.0,98.63,0.0,0,0,2017-04-19,33382100,98.66,5,0,0,0,0,0,0,0,0,98.665,3,0,0,0,0,0,0,0,0
131,2017-04-19,09:16:22,600,TF1706,CCFX,98.66,98.63,98.69,217,214076350,19396,19400,99.775,97.415,98.595,98.57,0.0,98.63,0.0,0,0,2017-04-19,33382600,98.66,3,0,0,0,0,0,0,0,0,98.665,6,0,0,0,0,0,0,0,0
132,2017-04-19,09:16:23,100,TF1706,CCFX,98.66,98.63,98.69,217,214076350,19396,19400,99.775,97.415,98.595,98.57,0.0,98.63,0.0,0,0,2017-04-19,33383100,98.66,3,0,0,0,0,0,0,0,0,98.665,2,0,0,0,0,0,0,0,0
133,2017-04-19,09:16:23,600,TF1706,CCFX,98.66,98.63,98.69,220,217036150,19396,19400,99.775,97.415,98.595,98.57,0.0,98.63,0.0,0,0,2017-04-19,33383600,98.65,2,0,0,0,0,0,0,0,0,98.66,2,0,0,0,0,0,0,0,0
134,2017-04-19,09:16:24,100,TF1706,CCFX,98.66,98.63,98.69,222,219009350,19395,19400,99.775,97.415,98.595,98.57,0.0,98.63,0.0,0,0,2017-04-19,33384100,98.66,4,0,0,0,0,0,0,0,0,98.67,11,0,0,0,0,0,0,0,0
135,2017-04-19,09:16:24,600,TF1706,CCFX,98.66,98.63,98.69,222,219009350,19395,19400,99.775,97.415,98.595,98.57,0.0,98.63,0.0,0,0,2017-04-19,33384600,98.66,4,0,0,0,0,0,0,0,0,98.67,2,0,0,0,0,0,0,0,0
136,2017-04-19,09:16:25,100,TF1706,CCFX,98.66,98.63,98.69,222,219009350,19395,19400,99.775,97.415,98.595,98.57,0.0,98.63,0.0,0,0,2017-04-19,33385100,98.66,9,0,0,0,0,0,0,0,0,98.67,2,0,0,0,0,0,0,0,0
137,2017-04-19,09:16:27,100,TF1706,CCFX,98.66,98.63,98.69,222,219009350,19395,19400,99.775,97.415,98.595,98.57,0.0,98.63,0.0,0,0,2017-04-19,33387100,98.66,9,0,0,0,0,0,0,0,0,98.67,4,0,0,0,0,0,0,0,0
138,2017-04-19,09:16:27,600,TF1706,CCFX,98.66,98.63,98.69,223,219995950,19394,19400,99.775,97.415,98.595,98.57,0.0,98.63,0.0,0,0,2017-04-19,33387600,98.66,8,0,0,0,0,0,0,0,0,98.67,4,0,0,0,0,0,0,0,0
139,2017-04-19,09:16:28,600,TF1706,CCFX,98.67,98.63,98.69,225,221969350,19392,19400,99.775,97.415,98.595,98.57,0.0,98.63,0.0,0,0,2017-04-19,33388600,98.66,8,0,0,0,0,0,0,0,0,98.67,4,0,0,0,0,0,0,0,0
140,2017-04-19,09:16:30,100,TF1706,CCFX,98.67,98.63,98.69,225,221969350,19392,19400,99.775,97.415,98.595,98.57,0.0,98.63,0.0,0,0,2017-04-19,33390100,98.66,5,0,0,0,0,0,0,0,0,98.67,4,0,0,0,0,0,0,0,0
141,2017-04-19,09:16:30,600,TF1706,CCFX,98.67,98.63,98.69,225,221969350,19392,19400,99.775,97.415,98.595,98.57,0.0,98.63,0.0,0,0,2017-04-19,33390600,98.66,5,0,0,0,0,0,0,0,0,98.67,4,0,0,0,0,0,0,0,0
142,2017-04-19,09:16:31,100,TF1706,CCFX,98.67,98.63,98.69,225,221969350,19392,19400,99.775,97.415,98.595,98.57,0.0,98.63,0.0,0,0,2017-04-19,33391100,98.66,1,0,0,0,0,0,0,0,0,98.67,4,0,0,0,0,0,0,0,0
143,2017-04-19,09:16:31,600,TF1706,CCFX,98.67,98.63,98.69,225,221969350,19392,19400,99.775,97.415,98.595,98.57,0.0,98.63,0.0,0,0,2017-04-19,33391600,98.66,2,0,0,0,0,0,0,0,0,98.67,4,0,0,0,0,0,0,0,0
144,2017-04-19,09:16:32,100,TF1706,CCFX,98.67,98.63,98.69,228,224929450,19391,19400,99.775,97.415,98.595,98.57,0.0,98.63,0.0,0,0,2017-04-19,33392100,98.66,2,0,0,0,0,0,0,0,0,98.67,3,0,0,0,0,0,0,0,0
145,2017-04-19,09:16:33,100,TF1706,CCFX,98.67,98.63,98.69,231,227889550,19388,19400,99.775,97.415,98.595,98.57,0.0,98.63,0.0,0,0,2017-04-19,33393100,98.66,2,0,0,0,0,0,0,0,0,98.67,2,0,0,0,0,0,0,0,0
146,2017-04-19,09:16:34,100,TF1706,CCFX,98.67,98.63,98.69,231,227889550,19388,19400,99.775,97.415,98.595,98.57,0.0,98.63,0.0,0,0,2017-04-19,33394100,98.66,2,0,0,0,0,0,0,0,0,98.67,2,0,0,0,0,0,0,0,0
147,2017-04-19,09:16:39,100,TF1706,CCFX,98.67,98.63,98.69,231,227889550,19388,19400,99.775,97.415,98.595,98.57,0.0,98.63,0.0,0,0,2017-04-19,33399100,98.665,1,0,0,0,0,0,0,0,0,98.67,2,0,0,0,0,0,0,0,0
148,2017-04-19,09:16:39,600,TF1706,CCFX,98.67,98.63,98.69,231,227889550,19388,19400,99.775,97.415,98.595,98.57,0.0,98.63,0.0,0,0,2017-04-19,33399600,98.665,1,0,0,0,0,0,0,0,0,98.67,2,0,0,0,0,0,0,0,0
149,2017-04-19,09:16:40,100,TF1706,CCFX,98.67,98.63,98.69,231,227889550,19388,19400,99.775,97.415,98.595,98.57,0.0,98.63,0.0,0,0,2017-04-19,33400100,98.665,2,0,0,0,0,0,0,0,0,98.67,2,0,0,0,0,0,0,0,0
150,2017-04-19,09:16:40,600,TF1706,CCFX,98.665,98.63,98.69,232,228876200,19389,19400,99.775,97.415,98.595,98.57,0.0,98.63,0.0,0,0,2017-04-19,33400600,98.665,1,0,0,0,0,0,0,0,0,98.67,2,0,0,0,0,0,0,0,0
151,2017-04-19,09:16:41,100,TF1706,CCFX,98.67,98.63,98.69,234,230849600,19389,19400,99.775,97.415,98.595,98.57,0.0,98.63,0.0,0,0,2017-04-19,33401100,98.67,19,0,0,0,0,0,0,0,0,98.685,1,0,0,0,0,0,0,0,0
152,2017-04-19,09:16:41,600,TF1706,CCFX,98.67,98.63,98.69,234,230849600,19389,19400,99.775,97.415,98.595,98.57,0.0,98.63,0.0,0,0,2017-04-19,33401600,98.67,19,0,0,0,0,0,0,0,0,98.685,5,0,0,0,0,0,0,0,0
153,2017-04-19,09:16:42,100,TF1706,CCFX,98.67,98.63,98.69,234,230849600,19389,19400,99.775,97.415,98.595,98.57,0.0,98.63,0.0,0,0,2017-04-19,33402100,98.67,19,0,0,0,0,0,0,0,0,98.675,6,0,0,0,0,0,0,0,0
154,2017-04-19,09:16:42,600,TF1706,CCFX,98.67,98.63,98.69,234,230849600,19389,19400,99.775,97.415,98.595,98.57,0.0,98.63,0.0,0,0,2017-04-19,33402600,98.67,19,0,0,0,0,0,0,0,0,98.675,10,0,0,0,0,0,0,0,0
155,2017-04-19,09:16:43,100,TF1706,CCFX,98.67,98.63,98.69,235,231836300,19390,19400,99.775,97.415,98.595,98.57,0.0,98.63,0.0,0,0,2017-04-19,33403100,98.67,18,0,0,0,0,0,0,0,0,98.675,11,0,0,0,0,0,0,0,0
156,2017-04-19,09:16:43,600,TF1706,CCFX,98.67,98.63,98.69,235,231836300,19390,19400,99.775,97.415,98.595,98.57,0.0,98.63,0.0,0,0,2017-04-19,33403600,98.67,18,0,0,0,0,0,0,0,0,98.675,15,0,0,0,0,0,0,0,0
157,2017-04-19,09:16:44,600,TF1706,CCFX,98.67,98.63,98.69,235,231836300,19390,19400,99.775,97.415,98.595,98.57,0.0,98.63,0.0,0,0,2017-04-19,33404600,98.67,18,0,0,0,0,0,0,0,0,98.675,15,0,0,0,0,0,0,0,0
158,2017-04-19,09:16:45,100,TF1706,CCFX,98.67,98.63,98.69,235,231836300,19390,19400,99.775,97.415,98.595,98.57,0.0,98.63,0.0,0,0,2017-04-19,33405100,98.67,18,0,0,0,0,0,0,0,0,98.675,10,0,0,0,0,0,0,0,0
159,2017-04-19,09:16:46,100,TF1706,CCFX,98.67,98.63,98.69,236,232823000,19390,19400,99.775,97.415,98.595,98.57,0.0,98.63,0.0,0,0,2017-04-19,33406100,98.67,17,0,0,0,0,0,0,0,0,98.675,10,0,0,0,0,0,0,0,0
160,2017-04-19,09:16:46,600,TF1706,CCFX,98.675,98.63,98.69,237,233809750,19390,19400,99.775,97.415,98.595,98.57,0.0,98.63,0.0,0,0,2017-04-19,33406600,98.67,18,0,0,0,0,0,0,0,0,98.675,9,0,0,0,0,0,0,0,0
161,2017-04-19,09:16:47,100,TF1706,CCFX,98.67,98.63,98.69,255,251570350,19406,19400,99.775,97.415,98.595,98.57,0.0,98.63,0.0,0,0,2017-04-19,33407100,98.665,1,0,0,0,0,0,0,0,0,98.67,2,0,0,0,0,0,0,0,0
162,2017-04-19,09:16:47,600,TF1706,CCFX,98.675,98.63,98.69,265,261437750,19406,19400,99.775,97.415,98.595,98.57,0.0,98.63,0.0,0,0,2017-04-19,33407600,98.67,9,0,0,0,0,0,0,0,0,98.675,4,0,0,0,0,0,0,0,0
163,2017-04-19,09:16:48,100,TF1706,CCFX,98.675,98.63,98.69,268,264398000,19403,19400,99.775,97.415,98.595,98.57,0.0,98.63,0.0,0,0,2017-04-19,33408100,98.67,6,0,0,0,0,0,0,0,0,98.685,5,0,0,0,0,0,0,0,0
164,2017-04-19,09:16:48,600,TF1706,CCFX,98.675,98.63,98.69,268,264398000,19403,19400,99.775,97.415,98.595,98.57,0.0,98.63,0.0,0,0,2017-04-19,33408600,98.675,2,0,0,0,0,0,0,0,0,98.685,9,0,0,0,0,0,0,0,0
165,2017-04-19,09:16:49,100,TF1706,CCFX,98.675,98.63,98.69,268,264398000,19403,19400,99.775,97.415,98.595,98.57,0.0,98.63,0.0,0,0,2017-04-19,33409100,98.675,2,0,0,0,0,0,0,0,0,98.685,6,0,0,0,0,0,0,0,0
166,2017-04-19,09:16:49,600,TF1706,CCFX,98.675,98.63,98.69,268,264398000,19403,19400,99.775,97.415,98.595,98.57,0.0,98.63,0.0,0,0,2017-04-19,33409600,98.675,2,0,0,0,0,0,0,0,0,98.685,6,0,0,0,0,0,0,0,0
167,2017-04-19,09:16:51,100,TF1706,CCFX,98.675,98.63,98.69,268,264398000,19403,19400,99.775,97.415,98.595,98.57,0.0,98.63,0.0,0,0,2017-04-19,33411100,98.675,2,0,0,0,0,0,0,0,0,98.68,1,0,0,0,0,0,0,0,0
168,2017-04-19,09:16:51,600,TF1706,CCFX,98.675,98.63,98.69,268,264398000,19403,19400,99.775,97.415,98.595,98.57,0.0,98.63,0.0,0,0,2017-04-19,33411600,98.675,2,0,0,0,0,0,0,0,0,98.68,2,0,0,0,0,0,0,0,0
169,2017-04-19,09:16:52,100,TF1706,CCFX,98.68,98.63,98.69,270,266371600,19403,19400,99.775,97.415,98.595,98.57,0.0,98.63,0.0,0,0,2017-04-19,33412100,98.675,2,0,0,0,0,0,0,0,0,98.685,5,0,0,0,0,0,0,0,0
170,2017-04-19,09:16:53,100,TF1706,CCFX,98.68,98.63,98.69,270,266371600,19403,19400,99.775,97.415,98.595,98.57,0.0,98.63,0.0,0,0,2017-04-19,33413100,98.675,2,0,0,0,0,0,0,0,0,98.68,1,0,0,0,0,0,0,0,0
171,2017-04-19,09:16:53,600,TF1706,CCFX,98.68,98.63,98.69,271,267358400,19404,19400,99.775,97.415,98.595,98.57,0.0,98.63,0.0,0,0,2017-04-19,33413600,98.675,3,0,0,0,0,0,0,0,0,98.68,1,0,0,0,0,0,0,0,0
172,2017-04-19,09:16:54,100,TF1706,CCFX,98.68,98.63,98.69,271,267358400,19404,19400,99.775,97.415,98.595,98.57,0.0,98.63,0.0,0,0,2017-04-19,33414100,98.675,3,0,0,0,0,0,0,0,0,98.68,1,0,0,0,0,0,0,0,0
173,2017-04-19,09:16:54,600,TF1706,CCFX,98.68,98.63,98.69,271,267358400,19404,19400,99.775,97.415,98.595,98.57,0.0,98.63,0.0,0,0,2017-04-19,33414600,98.675,14,0,0,0,0,0,0,0,0,98.68,1,0,0,0,0,0,0,0,0
174,2017-04-19,09:16:55,100,TF1706,CCFX,98.68,98.63,98.69,272,268345200,19403,19400,99.775,97.415,98.595,98.57,0.0,98.63,0.0,0,0,2017-04-19,33415100,98.68,1,0,0,0,0,0,0,0,0,98.685,5,0,0,0,0,0,0,0,0
175,2017-04-19,09:16:55,600,TF1706,CCFX,98.68,98.63,98.69,272,268345200,19403,19400,99.775,97.415,98.595,98.57,0.0,98.63,0.0,0,0,2017-04-19,33415600,98.68,1,0,0,0,0,0,0,0,0,98.685,5,0,0,0,0,0,0,0,0
176,2017-04-19,09:16:56,100,TF1706,CCFX,98.68,98.63,98.69,272,268345200,19403,19400,99.775,97.415,98.595,98.57,0.0,98.63,0.0,0,0,2017-04-19,33416100,98.68,2,0,0,0,0,0,0,0,0,98.685,5,0,0,0,0,0,0,0,0
177,2017-04-19,09:16:56,600,TF1706,CCFX,98.68,98.63,98.69,278,274266000,19401,19400,99.775,97.415,98.595,98.57,0.0,98.63,0.0,0,0,2017-04-19,33416600,98.68,16,0,0,0,0,0,0,0,0,98.685,6,0,0,0,0,0,0,0,0
178,2017-04-19,09:16:57,100,TF1706,CCFX,98.68,98.63,98.69,280,276239600,19401,19400,99.775,97.415,98.595,98.57,0.0,98.63,0.0,0,0,2017-04-19,33417100,98.68,14,0,0,0,0,0,0,0,0,98.685,6,0,0,0,0,0,0,0,0
179,2017-04-19,09:16:57,600,TF1706,CCFX,98.68,98.63,98.69,285,281173600,19404,19400,99.775,97.415,98.595,98.57,0.0,98.63,0.0,0,0,2017-04-19,33417600,98.68,9,0,0,0,0,0,0,0,0,98.685,6,0,0,0,0,0,0,0,0
180,2017-04-19,09:16:58,100,TF1706,CCFX,98.68,98.63,98.69,285,281173600,19404,19400,99.775,97.415,98.595,98.57,0.0,98.63,0.0,0,0,2017-04-19,33418100,98.68,9,0,0,0,0,0,0,0,0,98.685,6,0,0,0,0,0,0,0,0
181,2017-04-19,09:16:58,600,TF1706,CCFX,98.68,98.63,98.69,285,281173600,19404,19400,99.775,97.415,98.595,98.57,0.0,98.63,0.0,0,0,2017-04-19,33418600,98.68,9,0,0,0,0,0,0,0,0,98.685,6,0,0,0,0,0,0,0,0
182,2017-04-19,09:16:59,100,TF1706,CCFX,98.68,98.63,98.69,294,290054800,19409,19400,99.775,97.415,98.595,98.57,0.0,98.63,0.0,0,0,2017-04-19,33419100,98.675,13,0,0,0,0,0,0,0,0,98.68,11,0,0,0,0,0,0,0,0
183,2017-04-19,09:16:59,600,TF1706,CCFX,98.68,98.63,98.69,294,290054800,19409,19400,99.775,97.415,98.595,98.57,0.0,98.63,0.0,0,0,2017-04-19,33419600,98.675,13,0,0,0,0,0,0,0,0,98.68,4,0,0,0,0,0,0,0,0
184,2017-04-19,09:17:00,100,TF1706,CCFX,98.675,98.63,98.69,296,292028300,19409,19400,99.775,97.415,98.595,98.57,0.0,98.63,0.0,0,0,2017-04-19,33420100,98.675,12,0,0,0,0,0,0,0,0,98.68,4,0,0,0,0,0,0,0,0
185,2017-04-19,09:17:01,100,TF1706,CCFX,98.675,98.63,98.69,296,292028300,19409,19400,99.775,97.415,98.595,98.57,0.0,98.63,0.0,0,0,2017-04-19,33421100,98.675,12,0,0,0,0,0,0,0,0,98.685,6,0,0,0,0,0,0,0,0
186,2017-04-19,09:17:01,600,TF1706,CCFX,98.675,98.63,98.69,300,295975300,19409,19400,99.775,97.415,98.595,98.57,0.0,98.63,0.0,0,0,2017-04-19,33421600,98.675,8,0,0,0,0,0,0,0,0,98.68,2,0,0,0,0,0,0,0,0
187,2017-04-19,09:17:02,100,TF1706,CCFX,98.675,98.63,98.69,300,295975300,19409,19400,99.775,97.415,98.595,98.57,0.0,98.63,0.0,0,0,2017-04-19,33422100,98.675,8,0,0,0,0,0,0,0,0,98.68,2,0,0,0,0,0,0,0,0
188,2017-04-19,09:17:02,600,TF1706,CCFX,98.675,98.63,98.69,300,295975300,19409,19400,99.775,97.415,98.595,98.57,0.0,98.63,0.0,0,0,2017-04-19,33422600,98.675,8,0,0,0,0,0,0,0,0,98.68,3,0,0,0,0,0,0,0,0
189,2017-04-19,09:17:03,100,TF1706,CCFX,98.68,98.63,98.69,301,296962100,19409,19400,99.775,97.415,98.595,98.57,0.0,98.63,0.0,0,0,2017-04-19,33423100,98.675,8,0,0,0,0,0,0,0,0,98.68,2,0,0,0,0,0,0,0,0
190,2017-04-19,09:17:04,100,TF1706,CCFX,98.68,98.63,98.69,302,297948900,19409,19400,99.775,97.415,98.595,98.57,0.0,98.63,0.0,0,0,2017-04-19,33424100,98.675,8,0,0,0,0,0,0,0,0,98.68,1,0,0,0,0,0,0,0,0
191,2017-04-19,09:17:05,600,TF1706,CCFX,98.68,98.63,98.69,302,297948900,19409,19400,99.775,97.415,98.595,98.57,0.0,98.63,0.0,0,0,2017-04-19,33425600,98.675,9,0,0,0,0,0,0,0,0,98.685,7,0,0,0,0,0,0,0,0
192,2017-04-19,09:17:06,100,TF1706,CCFX,98.675,98.63,98.69,311,306829650,19410,19400,99.775,97.415,98.595,98.57,0.0,98.63,0.0,0,0,2017-04-19,33426100,98.67,2,0,0,0,0,0,0,0,0,98.675,1,0,0,0,0,0,0,0,0
193,2017-04-19,09:17:06,600,TF1706,CCFX,98.675,98.63,98.69,312,307816400,19410,19400,99.775,97.415,98.595,98.57,0.0,98.63,0.0,0,0,2017-04-19,33426600,98.675,3,0,0,0,0,0,0,0,0,98.685,7,0,0,0,0,0,0,0,0
194,2017-04-19,09:17:07,100,TF1706,CCFX,98.675,98.63,98.69,312,307816400,19410,19400,99.775,97.415,98.595,98.57,0.0,98.63,0.0,0,0,2017-04-19,33427100,98.675,2,0,0,0,0,0,0,0,0,98.68,1,0,0,0,0,0,0,0,0
195,2017-04-19,09:17:07,600,TF1706,CCFX,98.68,98.63,98.69,313,308803200,19409,19400,99.775,97.415,98.595,98.57,0.0,98.63,0.0,0,0,2017-04-19,33427600,98.68,1,0,0,0,0,0,0,0,0,98.685,11,0,0,0,0,0,0,0,0
196,2017-04-19,09:17:08,100,TF1706,CCFX,98.68,98.63,98.69,314,309790000,19408,19400,99.775,97.415,98.595,98.57,0.0,98.63,0.0,0,0,2017-04-19,33428100,98.67,2,0,0,0,0,0,0,0,0,98.685,11,0,0,0,0,0,0,0,0
197,2017-04-19,09:17:08,600,TF1706,CCFX,98.68,98.63,98.69,315,310776800,19407,19400,99.775,97.415,98.595,98.57,0.0,98.63,0.0,0,0,2017-04-19,33428600,98.68,9,0,0,0,0,0,0,0,0,98.685,11,0,0,0,0,0,0,0,0
198,2017-04-19,09:17:09,100,TF1706,CCFX,98.68,98.63,98.69,315,310776800,19407,19400,99.775,97.415,98.595,98.57,0.0,98.63,0.0,0,0,2017-04-19,33429100,98.68,9,0,0,0,0,0,0,0,0,98.685,7,0,0,0,0,0,0,0,0
199,2017-04-19,09:17:09,600,TF1706,CCFX,98.68,98.63,98.69,315,310776800,19407,19400,99.775,97.415,98.595,98.57,0.0,98.63,0.0,0,0,2017-04-19,33429600,98.68,9,0,0,0,0,0,0,0,0,98.685,3,0,0,0,0,0,0,0,0
200,2017-04-19,09:17:11,100,TF1706,CCFX,98.68,98.63,98.69,315,310776800,19407,19400,99.775,97.415,98.595,98.57,0.0,98.63,0.0,0,0,2017-04-19,33431100,98.68,9,0,0,0,0,0,0,0,0,98.685,3,0,0,0,0,0,0,0,0
201,2017-04-19,09:17:12,600,TF1706,CCFX,98.68,98.63,98.69,315,310776800,19407,19400,99.775,97.415,98.595,98.57,0.0,98.63,0.0,0,0,2017-04-19,33432600,98.68,9,0,0,0,0,0,0,0,0,98.685,3,0,0,0,0,0,0,0,0
202,2017-04-19,09:17:13,100,TF1706,CCFX,98.68,98.63,98.69,315,310776800,19407,19400,99.775,97.415,98.595,98.57,0.0,98.63,0.0,0,0,2017-04-19,33433100,98.68,9,0,0,0,0,0,0,0,0,98.685,7,0,0,0,0,0,0,0,0
203,2017-04-19,09:17:13,600,TF1706,CCFX,98.68,98.63,98.69,317,312750400,19405,19400,99.775,97.415,98.595,98.57,0.0,98.63,0.0,0,0,2017-04-19,33433600,98.68,27,0,0,0,0,0,0,0,0,98.685,7,0,0,0,0,0,0,0,0
204,2017-04-19,09:17:14,100,TF1706,CCFX,98.68,98.63,98.69,317,312750400,19405,19400,99.775,97.415,98.595,98.57,0.0,98.63,0.0,0,0,2017-04-19,33434100,98.68,27,0,0,0,0,0,0,0,0,98.685,7,0,0,0,0,0,0,0,0
205,2017-04-19,09:17:15,100,TF1706,CCFX,98.68,98.63,98.69,327,322618400,19408,19400,99.775,97.415,98.595,98.57,0.0,98.63,0.0,0,0,2017-04-19,33435100,98.68,17,0,0,0,0,0,0,0,0,98.685,7,0,0,0,0,0,0,0,0
206,2017-04-19,09:17:15,600,TF1706,CCFX,98.68,98.63,98.69,327,322618400,19408,19400,99.775,97.415,98.595,98.57,0.0,98.63,0.0,0,0,2017-04-19,33435600,98.68,17,0,0,0,0,0,0,0,0,98.685,3,0,0,0,0,0,0,0,0
207,2017-04-19,09:17:18,100,TF1706,CCFX,98.68,98.63,98.69,327,322618400,19408,19400,99.775,97.415,98.595,98.57,0.0,98.63,0.0,0,0,2017-04-19,33438100,98.68,17,0,0,0,0,0,0,0,0,98.685,4,0,0,0,0,0,0,0,0
208,2017-04-19,09:17:18,600,TF1706,CCFX,98.685,98.63,98.69,328,323605250,19407,19400,99.775,97.415,98.595,98.57,0.0,98.63,0.0,0,0,2017-04-19,33438600,98.68,17,0,0,0,0,0,0,0,0,98.685,2,0,0,0,0,0,0,0,0
209,2017-04-19,09:17:19,100,TF1706,CCFX,98.68,98.63,98.69,329,324592050,19408,19400,99.775,97.415,98.595,98.57,0.0,98.63,0.0,0,0,2017-04-19,33439100,98.68,36,0,0,0,0,0,0,0,0,98.685,2,0,0,0,0,0,0,0,0
210,2017-04-19,09:17:19,600,TF1706,CCFX,98.685,98.63,98.69,331,326565750,19408,19400,99.775,97.415,98.595,98.57,0.0,98.63,0.0,0,0,2017-04-19,33439600,98.68,36,0,0,0,0,0,0,0,0,98.69,9,0,0,0,0,0,0,0,0
211,2017-04-19,09:17:20,100,TF1706,CCFX,98.68,98.63,98.69,351,346301750,19428,19400,99.775,97.415,98.595,98.57,0.0,98.63,0.0,0,0,2017-04-19,33440100,98.68,16,0,0,0,0,0,0,0,0,98.69,9,0,0,0,0,0,0,0,0
212,2017-04-19,09:17:20,600,TF1706,CCFX,98.68,98.63,98.69,351,346301750,19428,19400,99.775,97.415,98.595,98.57,0.0,98.63,0.0,0,0,2017-04-19,33440600,98.68,16,0,0,0,0,0,0,0,0,98.69,9,0,0,0,0,0,0,0,0
213,2017-04-19,09:17:22,100,TF1706,CCFX,98.68,98.63,98.69,351,346301750,19428,19400,99.775,97.415,98.595,98.57,0.0,98.63,0.0,0,0,2017-04-19,33442100,98.68,16,0,0,0,0,0,0,0,0,98.69,9,0,0,0,0,0,0,0,0
214,2017-04-19,09:17:23,100,TF1706,CCFX,98.68,98.63,98.69,351,346301750,19428,19400,99.775,97.415,98.595,98.57,0.0,98.63,0.0,0,0,2017-04-19,33443100,98.685,4,0,0,0,0,0,0,0,0,98.69,9,0,0,0,0,0,0,0,0
215,2017-04-19,09:17:23,600,TF1706,CCFX,98.68,98.63,98.69,351,346301750,19428,19400,99.775,97.415,98.595,98.57,0.0,98.63,0.0,0,0,2017-04-19,33443600,98.685,5,0,0,0,0,0,0,0,0,98.69,9,0,0,0,0,0,0,0,0
216,2017-04-19,09:17:24,600,TF1706,CCFX,98.68,98.63,98.69,351,346301750,19428,19400,99.775,97.415,98.595,98.57,0.0,98.63,0.0,0,0,2017-04-19,33444600,98.685,9,0,0,0,0,0,0,0,0,98.69,9,0,0,0,0,0,0,0,0
217,2017-04-19,09:17:26,100,TF1706,CCFX,98.69,98.63,98.69,353,348275550,19429,19400,99.775,97.415,98.595,98.57,0.0,98.63,0.0,0,0,2017-04-19,33446100,98.685,9,0,0,0,0,0,0,0,0,98.69,7,0,0,0,0,0,0,0,0
218,2017-04-19,09:17:30,100,TF1706,CCFX,98.69,98.63,98.69,360,355183850,19422,19400,99.775,97.415,98.595,98.57,0.0,98.63,0.0,0,0,2017-04-19,33450100,98.69,3,0,0,0,0,0,0,0,0,98.695,2,0,0,0,0,0,0,0,0
219,2017-04-19,09:17:30,600,TF1706,CCFX,98.69,98.63,98.695,368,363079250,19421,19400,99.775,97.415,98.595,98.57,0.0,98.63,0.0,0,0,2017-04-19,33450600,98.685,9,0,0,0,0,0,0,0,0,98.69,2,0,0,0,0,0,0,0,0
220,2017-04-19,09:17:31,100,TF1706,CCFX,98.69,98.63,98.695,370,365053050,19420,19400,99.775,97.415,98.595,98.57,0.0,98.63,0.0,0,0,2017-04-19,33451100,98.685,9,0,0,0,0,0,0,0,0,98.69,6,0,0,0,0,0,0,0,0
221,2017-04-19,09:17:33,100,TF1706,CCFX,98.69,98.63,98.695,376,370974450,19422,19400,99.775,97.415,98.595,98.57,0.0,98.63,0.0,0,0,2017-04-19,33453100,98.69,14,0,0,0,0,0,0,0,0,98.695,8,0,0,0,0,0,0,0,0
222,2017-04-19,09:17:33,600,TF1706,CCFX,98.69,98.63,98.695,376,370974450,19422,19400,99.775,97.415,98.595,98.57,0.0,98.63,0.0,0,0,2017-04-19,33453600,98.69,14,0,0,0,0,0,0,0,0,98.695,9,0,0,0,0,0,0,0,0
223,2017-04-19,09:17:34,100,TF1706,CCFX,98.69,98.63,98.695,377,371961350,19423,19400,99.775,97.415,98.595,98.57,0.0,98.63,0.0,0,0,2017-04-19,33454100,98.69,13,0,0,0,0,0,0,0,0,98.695,17,0,0,0,0,0,0,0,0
224,2017-04-19,09:17:34,600,TF1706,CCFX,98.69,98.63,98.695,377,371961350,19423,19400,99.775,97.415,98.595,98.57,0.0,98.63,0.0,0,0,2017-04-19,33454600,98.69,13,0,0,0,0,0,0,0,0,98.695,18,0,0,0,0,0,0,0,0
225,2017-04-19,09:17:36,100,TF1706,CCFX,98.69,98.63,98.695,387,381830350,19433,19400,99.775,97.415,98.595,98.57,0.0,98.63,0.0,0,0,2017-04-19,33456100,98.69,7,0,0,0,0,0,0,0,0,98.695,18,0,0,0,0,0,0,0,0
226,2017-04-19,09:17:36,600,TF1706,CCFX,98.69,98.63,98.695,388,382817250,19434,19400,99.775,97.415,98.595,98.57,0.0,98.63,0.0,0,0,2017-04-19,33456600,98.69,6,0,0,0,0,0,0,0,0,98.695,18,0,0,0,0,0,0,0,0
227,2017-04-19,09:17:37,600,TF1706,CCFX,98.69,98.63,98.695,391,385777950,19436,19400,99.775,97.415,98.595,98.57,0.0,98.63,0.0,0,0,2017-04-19,33457600,98.69,3,0,0,0,0,0,0,0,0,98.695,16,0,0,0,0,0,0,0,0
228,2017-04-19,09:17:38,100,TF1706,CCFX,98.69,98.63,98.695,394,388738650,19439,19400,99.775,97.415,98.595,98.57,0.0,98.63,0.0,0,0,2017-04-19,33458100,98.685,9,0,0,0,0,0,0,0,0,98.69,3,0,0,0,0,0,0,0,0
229,2017-04-19,09:17:38,600,TF1706,CCFX,98.685,98.63,98.695,395,389725500,19439,19400,99.775,97.415,98.595,98.57,0.0,98.63,0.0,0,0,2017-04-19,33458600,98.685,8,0,0,0,0,0,0,0,0,98.69,3,0,0,0,0,0,0,0,0
230,2017-04-19,09:17:39,100,TF1706,CCFX,98.685,98.63,98.695,395,389725500,19439,19400,99.775,97.415,98.595,98.57,0.0,98.63,0.0,0,0,2017-04-19,33459100,98.685,8,0,0,0,0,0,0,0,0,98.69,6,0,0,0,0,0,0,0,0
231,2017-04-19,09:17:39,600,TF1706,CCFX,98.685,98.63,98.695,395,389725500,19439,19400,99.775,97.415,98.595,98.57,0.0,98.63,0.0,0,0,2017-04-19,33459600,98.685,8,0,0,0,0,0,0,0,0,98.69,3,0,0,0,0,0,0,0,0
232,2017-04-19,09:17:40,100,TF1706,CCFX,98.685,98.63,98.695,395,389725500,19439,19400,99.775,97.415,98.595,98.57,0.0,98.63,0.0,0,0,2017-04-19,33460100,98.685,8,0,0,0,0,0,0,0,0,98.69,3,0,0,0,0,0,0,0,0
233,2017-04-19,09:17:40,600,TF1706,CCFX,98.69,98.63,98.695,396,390712400,19439,19400,99.775,97.415,98.595,98.57,0.0,98.63,0.0,0,0,2017-04-19,33460600,98.69,19,0,0,0,0,0,0,0,0,98.695,14,0,0,0,0,0,0,0,0
234,2017-04-19,09:17:41,100,TF1706,CCFX,98.69,98.63,98.695,398,392686200,19441,19400,99.775,97.415,98.595,98.57,0.0,98.63,0.0,0,0,2017-04-19,33461100,98.69,17,0,0,0,0,0,0,0,0,98.695,14,0,0,0,0,0,0,0,0
235,2017-04-19,09:17:41,600,TF1706,CCFX,98.69,98.63,98.695,399,393673100,19441,19400,99.775,97.415,98.595,98.57,0.0,98.63,0.0,0,0,2017-04-19,33461600,98.69,16,0,0,0,0,0,0,0,0,98.695,16,0,0,0,0,0,0,0,0
236,2017-04-19,09:17:42,100,TF1706,CCFX,98.69,98.63,98.695,405,399594500,19442,19400,99.775,97.415,98.595,98.57,0.0,98.63,0.0,0,0,2017-04-19,33462100,98.69,10,0,0,0,0,0,0,0,0,98.695,16,0,0,0,0,0,0,0,0
237,2017-04-19,09:17:42,600,TF1706,CCFX,98.69,98.63,98.695,412,406502800,19445,19400,99.775,97.415,98.595,98.57,0.0,98.63,0.0,0,0,2017-04-19,33462600,98.69,3,0,0,0,0,0,0,0,0,98.695,16,0,0,0,0,0,0,0,0
238,2017-04-19,09:17:43,100,TF1706,CCFX,98.69,98.63,98.695,415,409463500,19447,19400,99.775,97.415,98.595,98.57,0.0,98.63,0.0,0,0,2017-04-19,33463100,98.685,8,0,0,0,0,0,0,0,0,98.69,9,0,0,0,0,0,0,0,0
239,2017-04-19,09:17:43,600,TF1706,CCFX,98.69,98.63,98.695,415,409463500,19447,19400,99.775,97.415,98.595,98.57,0.0,98.63,0.0,0,0,2017-04-19,33463600,98.685,8,0,0,0,0,0,0,0,0,98.69,5,0,0,0,0,0,0,0,0
240,2017-04-19,09:17:44,100,TF1706,CCFX,98.685,98.63,98.695,419,413410900,19447,19400,99.775,97.415,98.595,98.57,0.0,98.63,0.0,0,0,2017-04-19,33464100,98.685,4,0,0,0,0,0,0,0,0,98.69,10,0,0,0,0,0,0,0,0
241,2017-04-19,09:17:44,600,TF1706,CCFX,98.685,98.63,98.695,424,418345150,19443,19400,99.775,97.415,98.595,98.57,0.0,98.63,0.0,0,0,2017-04-19,33464600,98.68,16,0,0,0,0,0,0,0,0,98.685,1,0,0,0,0,0,0,0,0
242,2017-04-19,09:17:45,100,TF1706,CCFX,98.685,98.63,98.695,429,423279400,19441,19400,99.775,97.415,98.595,98.57,0.0,98.63,0.0,0,0,2017-04-19,33465100,98.685,1,0,0,0,0,0,0,0,0,98.69,15,0,0,0,0,0,0,0,0
243,2017-04-19,09:17:45,600,TF1706,CCFX,98.69,98.63,98.695,439,433148400,19434,19400,99.775,97.415,98.595,98.57,0.0,98.63,0.0,0,0,2017-04-19,33465600,98.68,16,0,0,0,0,0,0,0,0,98.69,11,0,0,0,0,0,0,0,0
244,2017-04-19,09:17:46,100,TF1706,CCFX,98.69,98.63,98.695,443,437096000,19438,19400,99.775,97.415,98.595,98.57,0.0,98.63,0.0,0,0,2017-04-19,33466100,98.685,1,0,0,0,0,0,0,0,0,98.69,7,0,0,0,0,0,0,0,0
245,2017-04-19,09:17:46,600,TF1706,CCFX,98.69,98.63,98.695,444,438082900,19439,19400,99.775,97.415,98.595,98.57,0.0,98.63,0.0,0,0,2017-04-19,33466600,98.685,1,0,0,0,0,0,0,0,0,98.69,7,0,0,0,0,0,0,0,0
246,2017-04-19,09:17:47,100,TF1706,CCFX,98.69,98.63,98.695,444,438082900,19439,19400,99.775,97.415,98.595,98.57,0.0,98.63,0.0,0,0,2017-04-19,33467100,98.68,16,0,0,0,0,0,0,0,0,98.69,7,0,0,0,0,0,0,0,0
247,2017-04-19,09:17:47,600,TF1706,CCFX,98.69,98.63,98.695,444,438082900,19439,19400,99.775,97.415,98.595,98.57,0.0,98.63,0.0,0,0,2017-04-19,33467600,98.68,16,0,0,0,0,0,0,0,0,98.69,7,0,0,0,0,0,0,0,0
248,2017-04-19,09:17:49,100,TF1706,CCFX,98.69,98.63,98.695,444,438082900,19439,19400,99.775,97.415,98.595,98.57,0.0,98.63,0.0,0,0,2017-04-19,33469100,98.685,20,0,0,0,0,0,0,0,0,98.69,11,0,0,0,0,0,0,0,0
249,2017-04-19,09:17:49,600,TF1706,CCFX,98.69,98.63,98.695,444,438082900,19439,19400,99.775,97.415,98.595,98.57,0.0,98.63,0.0,0,0,2017-04-19,33469600,98.685,20,0,0,0,0,0,0,0,0,98.69,12,0,0,0,0,0,0,0,0
250,2017-04-19,09:17:50,100,TF1706,CCFX,98.69,98.63,98.695,444,438082900,19439,19400,99.775,97.415,98.595,98.57,0.0,98.63,0.0,0,0,2017-04-19,33470100,98.685,20,0,0,0,0,0,0,0,0,98.69,11,0,0,0,0,0,0,0,0
251,2017-04-19,09:17:50,600,TF1706,CCFX,98.685,98.63,98.695,448,442030300,19443,19400,99.775,97.415,98.595,98.57,0.0,98.63,0.0,0,0,2017-04-19,33470600,98.685,16,0,0,0,0,0,0,0,0,98.69,11,0,0,0,0,0,0,0,0
252,2017-04-19,09:17:51,100,TF1706,CCFX,98.69,98.63,98.695,453,446964800,19438,19400,99.775,97.415,98.595,98.57,0.0,98.63,0.0,0,0,2017-04-19,33471100,98.69,15,0,0,0,0,0,0,0,0,98.695,18,0,0,0,0,0,0,0,0
253,2017-04-19,09:17:51,600,TF1706,CCFX,98.69,98.63,98.695,468,461768300,19435,19400,99.775,97.415,98.595,98.57,0.0,98.63,0.0,0,0,2017-04-19,33471600,98.685,16,0,0,0,0,0,0,0,0,98.69,8,0,0,0,0,0,0,0,0
254,2017-04-19,09:17:52,100,TF1706,CCFX,98.685,98.63,98.695,470,463742000,19435,19400,99.775,97.415,98.595,98.57,0.0,98.63,0.0,0,0,2017-04-19,33472100,98.685,15,0,0,0,0,0,0,0,0,98.69,4,0,0,0,0,0,0,0,0
255,2017-04-19,09:17:52,600,TF1706,CCFX,98.69,98.63,98.695,472,465715800,19434,19400,99.775,97.415,98.595,98.57,0.0,98.63,0.0,0,0,2017-04-19,33472600,98.685,15,0,0,0,0,0,0,0,0,98.69,6,0,0,0,0,0,0,0,0
256,2017-04-19,09:17:53,100,TF1706,CCFX,98.69,98.63,98.695,472,465715800,19434,19400,99.775,97.415,98.595,98.57,0.0,98.63,0.0,0,0,2017-04-19,33473100,98.685,15,0,0,0,0,0,0,0,0,98.69,4,0,0,0,0,0,0,0,0
257,2017-04-19,09:17:53,600,TF1706,CCFX,98.685,98.63,98.695,474,467689500,19434,19400,99.775,97.415,98.595,98.57,0.0,98.63,0.0,0,0,2017-04-19,33473600,98.685,13,0,0,0,0,0,0,0,0,98.69,4,0,0,0,0,0,0,0,0
258,2017-04-19,09:17:54,100,TF1706,CCFX,98.69,98.63,98.695,480,473610900,19434,19400,99.775,97.415,98.595,98.57,0.0,98.63,0.0,0,0,2017-04-19,33474100,98.69,18,0,0,0,0,0,0,0,0,98.695,13,0,0,0,0,0,0,0,0
259,2017-04-19,09:17:54,600,TF1706,CCFX,98.69,98.63,98.695,487,480519200,19439,19400,99.775,97.415,98.595,98.57,0.0,98.63,0.0,0,0,2017-04-19,33474600,98.69,11,0,0,0,0,0,0,0,0,98.695,13,0,0,0,0,0,0,0,0
260,2017-04-19,09:17:55,100,TF1706,CCFX,98.69,98.63,98.695,492,485453700,19442,19400,99.775,97.415,98.595,98.57,0.0,98.63,0.0,0,0,2017-04-19,33475100,98.69,6,0,0,0,0,0,0,0,0,98.695,13,0,0,0,0,0,0,0,0
261,2017-04-19,09:17:55,600,TF1706,CCFX,98.69,98.63,98.695,496,489401300,19446,19400,99.775,97.415,98.595,98.57,0.0,98.63,0.0,0,0,2017-04-19,33475600,98.69,2,0,0,0,0,0,0,0,0,98.695,13,0,0,0,0,0,0,0,0
262,2017-04-19,09:17:56,100,TF1706,CCFX,98.685,98.63,98.695,510,503217300,19456,19400,99.775,97.415,98.595,98.57,0.0,98.63,0.0,0,0,2017-04-19,33476100,98.685,1,0,0,0,0,0,0,0,0,98.695,14,0,0,0,0,0,0,0,0
263,2017-04-19,09:17:56,600,TF1706,CCFX,98.685,98.63,98.695,511,504204150,19456,19400,99.775,97.415,98.595,98.57,0.0,98.63,0.0,0,0,2017-04-19,33476600,98.68,17,0,0,0,0,0,0,0,0,98.685,11,0,0,0,0,0,0,0,0
264,2017-04-19,09:17:57,100,TF1706,CCFX,98.68,98.63,98.695,515,508151450,19457,19400,99.775,97.415,98.595,98.57,0.0,98.63,0.0,0,0,2017-04-19,33477100,98.68,15,0,0,0,0,0,0,0,0,98.685,9,0,0,0,0,0,0,0,0
265,2017-04-19,09:17:57,600,TF1706,CCFX,98.685,98.63,98.695,517,510125150,19455,19400,99.775,97.415,98.595,98.57,0.0,98.63,0.0,0,0,2017-04-19,33477600,98.68,15,0,0,0,0,0,0,0,0,98.685,7,0,0,0,0,0,0,0,0
266,2017-04-19,09:17:58,100,TF1706,CCFX,98.685,98.63,98.695,518,511112000,19455,19400,99.775,97.415,98.595,98.57,0.0,98.63,0.0,0,0,2017-04-19,33478100,98.68,15,0,0,0,0,0,0,0,0,98.685,6,0,0,0,0,0,0,0,0
267,2017-04-19,09:17:59,600,TF1706,CCFX,98.685,98.63,98.695,518,511112000,19455,19400,99.775,97.415,98.595,98.57,0.0,98.63,0.0,0,0,2017-04-19,33479600,98.68,15,0,0,0,0,0,0,0,0,98.685,6,0,0,0,0,0,0,0,0
268,2017-04-19,09:18:00,100,TF1706,CCFX,98.685,98.63,98.695,518,511112000,19455,19400,99.775,97.415,98.595,98.57,0.0,98.63,0.0,0,0,2017-04-19,33480100,98.68,15,0,0,0,0,0,0,0,0,98.685,10,0,0,0,0,0,0,0,0
269,2017-04-19,09:18:00,600,TF1706,CCFX,98.68,98.63,98.695,519,512098800,19455,19400,99.775,97.415,98.595,98.57,0.0,98.63,0.0,0,0,2017-04-19,33480600,98.68,14,0,0,0,0,0,0,0,0,98.685,10,0,0,0,0,0,0,0,0
270,2017-04-19,09:18:01,100,TF1706,CCFX,98.68,98.63,98.695,523,516046000,19457,19400,99.775,97.415,98.595,98.57,0.0,98.63,0.0,0,0,2017-04-19,33481100,98.68,10,0,0,0,0,0,0,0,0,98.685,10,0,0,0,0,0,0,0,0
271,2017-04-19,09:18:01,600,TF1706,CCFX,98.68,98.63,98.695,524,517032800,19458,19400,99.775,97.415,98.595,98.57,0.0,98.63,0.0,0,0,2017-04-19,33481600,98.68,9,0,0,0,0,0,0,0,0,98.685,8,0,0,0,0,0,0,0,0
272,2017-04-19,09:18:02,100,TF1706,CCFX,98.68,98.63,98.695,533,525914000,19463,19400,99.775,97.415,98.595,98.57,0.0,98.63,0.0,0,0,2017-04-19,33482100,98.67,2,0,0,0,0,0,0,0,0,98.68,2,0,0,0,0,0,0,0,0
273,2017-04-19,09:18:02,600,TF1706,CCFX,98.68,98.63,98.695,533,525914000,19463,19400,99.775,97.415,98.595,98.57,0.0,98.63,0.0,0,0,2017-04-19,33482600,98.67,3,0,0,0,0,0,0,0,0,98.68,6,0,0,0,0,0,0,0,0
274,2017-04-19,09:18:03,100,TF1706,CCFX,98.68,98.63,98.695,533,525914000,19463,19400,99.775,97.415,98.595,98.57,0.0,98.63,0.0,0,0,2017-04-19,33483100,98.675,2,0,0,0,0,0,0,0,0,98.68,6,0,0,0,0,0,0,0,0
275,2017-04-19,09:18:03,600,TF1706,CCFX,98.68,98.63,98.695,533,525914000,19463,19400,99.775,97.415,98.595,98.57,0.0,98.63,0.0,0,0,2017-04-19,33483600,98.675,2,0,0,0,0,0,0,0,0,98.68,2,0,0,0,0,0,0,0,0
276,2017-04-19,09:18:04,100,TF1706,CCFX,98.68,98.63,98.695,533,525914000,19463,19400,99.775,97.415,98.595,98.57,0.0,98.63,0.0,0,0,2017-04-19,33484100,98.675,2,0,0,0,0,0,0,0,0,98.68,2,0,0,0,0,0,0,0,0
277,2017-04-19,09:18:04,600,TF1706,CCFX,98.685,98.63,98.695,548,540716550,19463,19400,99.775,97.415,98.595,98.57,0.0,98.63,0.0,0,0,2017-04-19,33484600,98.685,8,0,0,0,0,0,0,0,0,98.695,10,0,0,0,0,0,0,0,0
278,2017-04-19,09:18:05,100,TF1706,CCFX,98.685,98.63,98.695,554,546637650,19463,19400,99.775,97.415,98.595,98.57,0.0,98.63,0.0,0,0,2017-04-19,33485100,98.685,2,0,0,0,0,0,0,0,0,98.695,14,0,0,0,0,0,0,0,0
279,2017-04-19,09:18:05,600,TF1706,CCFX,98.685,98.63,98.695,556,548611350,19463,19400,99.775,97.415,98.595,98.57,0.0,98.63,0.0,0,0,2017-04-19,33485600,98.675,4,0,0,0,0,0,0,0,0,98.685,4,0,0,0,0,0,0,0,0
280,2017-04-19,09:18:06,100,TF1706,CCFX,98.685,98.63,98.695,556,548611350,19463,19400,99.775,97.415,98.595,98.57,0.0,98.63,0.0,0,0,2017-04-19,33486100,98.68,8,0,0,0,0,0,0,0,0,98.685,2,0,0,0,0,0,0,0,0
281,2017-04-19,09:18:06,600,TF1706,CCFX,98.685,98.63,98.695,560,552558750,19459,19400,99.775,97.415,98.595,98.57,0.0,98.63,0.0,0,0,2017-04-19,33486600,98.685,7,0,0,0,0,0,0,0,0,98.69,4,0,0,0,0,0,0,0,0
282,2017-04-19,09:18:07,100,TF1706,CCFX,98.685,98.63,98.695,562,554532450,19458,19400,99.775,97.415,98.595,98.57,0.0,98.63,0.0,0,0,2017-04-19,33487100,98.685,1,0,0,0,0,0,0,0,0,98.69,4,0,0,0,0,0,0,0,0
283,2017-04-19,09:18:07,600,TF1706,CCFX,98.685,98.63,98.695,562,554532450,19458,19400,99.775,97.415,98.595,98.57,0.0,98.63,0.0,0,0,2017-04-19,33487600,98.685,2,0,0,0,0,0,0,0,0,98.69,6,0,0,0,0,0,0,0,0
284,2017-04-19,09:18:08,100,TF1706,CCFX,98.69,98.63,98.695,566,558480050,19458,19400,99.775,97.415,98.595,98.57,0.0,98.63,0.0,0,0,2017-04-19,33488100,98.685,1,0,0,0,0,0,0,0,0,98.69,2,0,0,0,0,0,0,0,0
285,2017-04-19,09:18:08,600,TF1706,CCFX,98.69,98.63,98.695,566,558480050,19458,19400,99.775,97.415,98.595,98.57,0.0,98.63,0.0,0,0,2017-04-19,33488600,98.685,2,0,0,0,0,0,0,0,0,98.69,6,0,0,0,0,0,0,0,0
286,2017-04-19,09:18:09,100,TF1706,CCFX,98.69,98.63,98.695,566,558480050,19458,19400,99.775,97.415,98.595,98.57,0.0,98.63,0.0,0,0,2017-04-19,33489100,98.685,2,0,0,0,0,0,0,0,0,98.69,6,0,0,0,0,0,0,0,0
287,2017-04-19,09:18:10,100,TF1706,CCFX,98.69,98.63,98.695,566,558480050,19458,19400,99.775,97.415,98.595,98.57,0.0,98.63,0.0,0,0,2017-04-19,33490100,98.685,2,0,0,0,0,0,0,0,0,98.69,6,0,0,0,0,0,0,0,0
288,2017-04-19,09:18:10,600,TF1706,CCFX,98.69,98.63,98.695,566,558480050,19458,19400,99.775,97.415,98.595,98.57,0.0,98.63,0.0,0,0,2017-04-19,33490600,98.68,4,0,0,0,0,0,0,0,0,98.685,1,0,0,0,0,0,0,0,0
289,2017-04-19,09:18:11,100,TF1706,CCFX,98.685,98.63,98.695,569,561440600,19455,19400,99.775,97.415,98.595,98.57,0.0,98.63,0.0,0,0,2017-04-19,33491100,98.685,10,0,0,0,0,0,0,0,0,98.69,4,0,0,0,0,0,0,0,0
290,2017-04-19,09:18:11,600,TF1706,CCFX,98.685,98.63,98.695,569,561440600,19455,19400,99.775,97.415,98.595,98.57,0.0,98.63,0.0,0,0,2017-04-19,33491600,98.685,4,0,0,0,0,0,0,0,0,98.69,4,0,0,0,0,0,0,0,0
291,2017-04-19,09:18:12,100,TF1706,CCFX,98.685,98.63,98.695,569,561440600,19455,19400,99.775,97.415,98.595,98.57,0.0,98.63,0.0,0,0,2017-04-19,33492100,98.685,2,0,0,0,0,0,0,0,0,98.69,5,0,0,0,0,0,0,0,0
292,2017-04-19,09:18:15,600,TF1706,CCFX,98.685,98.63,98.695,569,561440600,19455,19400,99.775,97.415,98.595,98.57,0.0,98.63,0.0,0,0,2017-04-19,33495600,98.685,2,0,0,0,0,0,0,0,0,98.69,5,0,0,0,0,0,0,0,0
293,2017-04-19,09:18:17,100,TF1706,CCFX,98.685,98.63,98.695,569,561440600,19455,19400,99.775,97.415,98.595,98.57,0.0,98.63,0.0,0,0,2017-04-19,33497100,98.685,2,0,0,0,0,0,0,0,0,98.69,13,0,0,0,0,0,0,0,0
294,2017-04-19,09:18:19,100,TF1706,CCFX,98.685,98.63,98.695,569,561440600,19455,19400,99.775,97.415,98.595,98.57,0.0,98.63,0.0,0,0,2017-04-19,33499100,98.685,2,0,0,0,0,0,0,0,0,98.69,9,0,0,0,0,0,0,0,0
295,2017-04-19,09:18:19,600,TF1706,CCFX,98.69,98.63,98.695,578,570322700,19464,19400,99.775,97.415,98.595,98.57,0.0,98.63,0.0,0,0,2017-04-19,33499600,98.69,11,0,0,0,0,0,0,0,0,98.695,10,0,0,0,0,0,0,0,0
296,2017-04-19,09:18:20,100,TF1706,CCFX,98.69,98.63,98.695,578,570322700,19464,19400,99.775,97.415,98.595,98.57,0.0,98.63,0.0,0,0,2017-04-19,33500100,98.69,11,0,0,0,0,0,0,0,0,98.695,14,0,0,0,0,0,0,0,0
297,2017-04-19,09:18:21,100,TF1706,CCFX,98.69,98.63,98.695,578,570322700,19464,19400,99.775,97.415,98.595,98.57,0.0,98.63,0.0,0,0,2017-04-19,33501100,98.69,15,0,0,0,0,0,0,0,0,98.695,14,0,0,0,0,0,0,0,0
298,2017-04-19,09:18:21,600,TF1706,CCFX,98.69,98.63,98.695,578,570322700,19464,19400,99.775,97.415,98.595,98.57,0.0,98.63,0.0,0,0,2017-04-19,33501600,98.69,15,0,0,0,0,0,0,0,0,98.695,14,0,0,0,0,0,0,0,0
299,2017-04-19,09:18:22,600,TF1706,CCFX,98.69,98.63,98.695,588,580191700,19474,19400,99.775,97.415,98.595,98.57,0.0,98.63,0.0,0,0,2017-04-19,33502600,98.69,5,0,0,0,0,0,0,0,0,98.695,14,0,0,0,0,0,0,0,0
300,2017-04-19,09:18:23,100,TF1706,CCFX,98.69,98.63,98.695,593,585126200,19475,19400,99.775,97.415,98.595,98.57,0.0,98.63,0.0,0,0,2017-04-19,33503100,98.68,2,0,0,0,0,0,0,0,0,98.695,14,0,0,0,0,0,0,0,0
301,2017-04-19,09:18:23,600,TF1706,CCFX,98.69,98.63,98.695,593,585126200,19475,19400,99.775,97.415,98.595,98.57,0.0,98.63,0.0,0,0,2017-04-19,33503600,98.685,2,0,0,0,0,0,0,0,0,98.69,1,0,0,0,0,0,0,0,0
302,2017-04-19,09:18:24,100,TF1706,CCFX,98.69,98.63,98.695,593,585126200,19475,19400,99.775,97.415,98.595,98.57,0.0,98.63,0.0,0,0,2017-04-19,33504100,98.685,4,0,0,0,0,0,0,0,0,98.69,1,0,0,0,0,0,0,0,0
303,2017-04-19,09:18:24,600,TF1706,CCFX,98.69,98.63,98.695,593,585126200,19475,19400,99.775,97.415,98.595,98.57,0.0,98.63,0.0,0,0,2017-04-19,33504600,98.685,5,0,0,0,0,0,0,0,0,98.69,1,0,0,0,0,0,0,0,0
304,2017-04-19,09:18:25,600,TF1706,CCFX,98.69,98.63,98.695,594,586113100,19475,19400,99.775,97.415,98.595,98.57,0.0,98.63,0.0,0,0,2017-04-19,33505600,98.69,19,0,0,0,0,0,0,0,0,98.695,14,0,0,0,0,0,0,0,0
305,2017-04-19,09:18:26,100,TF1706,CCFX,98.69,98.63,98.695,594,586113100,19475,19400,99.775,97.415,98.595,98.57,0.0,98.63,0.0,0,0,2017-04-19,33506100,98.69,19,0,0,0,0,0,0,0,0,98.695,14,0,0,0,0,0,0,0,0
306,2017-04-19,09:18:27,600,TF1706,CCFX,98.69,98.63,98.695,594,586113100,19475,19400,99.775,97.415,98.595,98.57,0.0,98.63,0.0,0,0,2017-04-19,33507600,98.69,19,0,0,0,0,0,0,0,0,98.695,14,0,0,0,0,0,0,0,0
307,2017-04-19,09:18:28,100,TF1706,CCFX,98.69,98.63,98.695,609,600916600,19475,19400,99.775,97.415,98.595,98.57,0.0,98.63,0.0,0,0,2017-04-19,33508100,98.69,4,0,0,0,0,0,0,0,0,98.695,6,0,0,0,0,0,0,0,0
308,2017-04-19,09:18:28,600,TF1706,CCFX,98.69,98.63,98.695,613,604864200,19475,19400,99.775,97.415,98.595,98.57,0.0,98.63,0.0,0,0,2017-04-19,33508600,98.685,4,0,0,0,0,0,0,0,0,98.69,3,0,0,0,0,0,0,0,0
309,2017-04-19,09:18:30,100,TF1706,CCFX,98.69,98.63,98.695,616,607824900,19475,19400,99.775,97.415,98.595,98.57,0.0,98.63,0.0,0,0,2017-04-19,33510100,98.69,1,0,0,0,0,0,0,0,0,98.695,6,0,0,0,0,0,0,0,0
310,2017-04-19,09:18:30,600,TF1706,CCFX,98.69,98.63,98.695,617,608811800,19475,19400,99.775,97.415,98.595,98.57,0.0,98.63,0.0,0,0,2017-04-19,33510600,98.685,4,0,0,0,0,0,0,0,0,98.695,6,0,0,0,0,0,0,0,0
311,2017-04-19,09:18:31,100,TF1706,CCFX,98.69,98.63,98.695,617,608811800,19475,19400,99.775,97.415,98.595,98.57,0.0,98.63,0.0,0,0,2017-04-19,33511100,98.685,4,0,0,0,0,0,0,0,0,98.69,4,0,0,0,0,0,0,0,0
312,2017-04-19,09:18:33,100,TF1706,CCFX,98.69,98.63,98.695,617,608811800,19475,19400,99.775,97.415,98.595,98.57,0.0,98.63,0.0,0,0,2017-04-19,33513100,98.685,4,0,0,0,0,0,0,0,0,98.69,4,0,0,0,0,0,0,0,0
313,2017-04-19,09:18:33,600,TF1706,CCFX,98.69,98.63,98.695,618,609798700,19474,19400,99.775,97.415,98.595,98.57,0.0,98.63,0.0,0,0,2017-04-19,33513600,98.685,4,0,0,0,0,0,0,0,0,98.69,3,0,0,0,0,0,0,0,0
314,2017-04-19,09:18:34,100,TF1706,CCFX,98.69,98.63,98.695,618,609798700,19474,19400,99.775,97.415,98.595,98.57,0.0,98.63,0.0,0,0,2017-04-19,33514100,98.685,4,0,0,0,0,0,0,0,0,98.69,5,0,0,0,0,0,0,0,0
315,2017-04-19,09:18:35,100,TF1706,CCFX,98.69,98.63,98.695,623,614733200,19471,19400,99.775,97.415,98.595,98.57,0.0,98.63,0.0,0,0,2017-04-19,33515100,98.685,5,0,0,0,0,0,0,0,0,98.695,6,0,0,0,0,0,0,0,0
316,2017-04-19,09:18:35,600,TF1706,CCFX,98.69,98.63,98.695,623,614733200,19471,19400,99.775,97.415,98.595,98.57,0.0,98.63,0.0,0,0,2017-04-19,33515600,98.685,5,0,0,0,0,0,0,0,0,98.695,7,0,0,0,0,0,0,0,0
317,2017-04-19,09:18:36,600,TF1706,CCFX,98.69,98.63,98.695,623,614733200,19471,19400,99.775,97.415,98.595,98.57,0.0,98.63,0.0,0,0,2017-04-19,33516600,98.69,20,0,0,0,0,0,0,0,0,98.695,7,0,0,0,0,0,0,0,0
318,2017-04-19,09:18:37,600,TF1706,CCFX,98.695,98.63,98.695,624,615720150,19470,19400,99.775,97.415,98.595,98.57,0.0,98.63,0.0,0,0,2017-04-19,33517600,98.69,24,0,0,0,0,0,0,0,0,98.695,5,0,0,0,0,0,0,0,0
319,2017-04-19,09:18:38,100,TF1706,CCFX,98.695,98.63,98.695,628,619667950,19470,19400,99.775,97.415,98.595,98.57,0.0,98.63,0.0,0,0,2017-04-19,33518100,98.69,24,0,0,0,0,0,0,0,0,98.695,1,0,0,0,0,0,0,0,0
320,2017-04-19,09:18:38,600,TF1706,CCFX,98.695,98.63,98.695,629,620654900,19470,19400,99.775,97.415,98.595,98.57,0.0,98.63,0.0,0,0,2017-04-19,33518600,98.695,1,0,0,0,0,0,0,0,0,98.7,4,0,0,0,0,0,0,0,0
321,2017-04-19,09:18:39,100,TF1706,CCFX,98.7,98.63,98.7,630,621641900,19470,19400,99.775,97.415,98.595,98.57,0.0,98.63,0.0,0,0,2017-04-19,33519100,98.695,3,0,0,0,0,0,0,0,0,98.7,3,0,0,0,0,0,0,0,0
322,2017-04-19,09:18:39,600,TF1706,CCFX,98.695,98.63,98.7,633,624602800,19470,19400,99.775,97.415,98.595,98.57,0.0,98.63,0.0,0,0,2017-04-19,33519600,98.695,2,0,0,0,0,0,0,0,0,98.7,4,0,0,0,0,0,0,0,0
323,2017-04-19,09:18:40,100,TF1706,CCFX,98.7,98.63,98.7,636,627563800,19468,19400,99.775,97.415,98.595,98.57,0.0,98.63,0.0,0,0,2017-04-19,33520100,98.695,3,0,0,0,0,0,0,0,0,98.7,1,0,0,0,0,0,0,0,0
324,2017-04-19,09:18:40,600,TF1706,CCFX,98.7,98.63,98.7,637,628550800,19469,19400,99.775,97.415,98.595,98.57,0.0,98.63,0.0,0,0,2017-04-19,33520600,98.7,2,0,0,0,0,0,0,0,0,98.71,2,0,0,0,0,0,0,0,0
325,2017-04-19,09:18:41,100,TF1706,CCFX,98.7,98.63,98.7,637,628550800,19469,19400,99.775,97.415,98.595,98.57,0.0,98.63,0.0,0,0,2017-04-19,33521100,98.7,1,0,0,0,0,0,0,0,0,98.71,3,0,0,0,0,0,0,0,0
326,2017-04-19,09:18:41,600,TF1706,CCFX,98.7,98.63,98.7,637,628550800,19469,19400,99.775,97.415,98.595,98.57,0.0,98.63,0.0,0,0,2017-04-19,33521600,98.7,1,0,0,0,0,0,0,0,0,98.705,2,0,0,0,0,0,0,0,0
327,2017-04-19,09:18:42,100,TF1706,CCFX,98.7,98.63,98.7,637,628550800,19469,19400,99.775,97.415,98.595,98.57,0.0,98.63,0.0,0,0,2017-04-19,33522100,98.7,2,0,0,0,0,0,0,0,0,98.705,2,0,0,0,0,0,0,0,0
328,2017-04-19,09:18:42,600,TF1706,CCFX,98.705,98.63,98.705,639,630524900,19471,19400,99.775,97.415,98.595,98.57,0.0,98.63,0.0,0,0,2017-04-19,33522600,98.7,2,0,0,0,0,0,0,0,0,98.71,1,0,0,0,0,0,0,0,0
329,2017-04-19,09:18:43,100,TF1706,CCFX,98.705,98.63,98.705,639,630524900,19471,19400,99.775,97.415,98.595,98.57,0.0,98.63,0.0,0,0,2017-04-19,33523100,98.7,2,0,0,0,0,0,0,0,0,98.71,1,0,0,0,0,0,0,0,0
330,2017-04-19,09:18:44,600,TF1706,CCFX,98.7,98.63,98.705,641,632498900,19470,19400,99.775,97.415,98.595,98.57,0.0,98.63,0.0,0,0,2017-04-19,33524600,98.695,3,0,0,0,0,0,0,0,0,98.71,1,0,0,0,0,0,0,0,0
331,2017-04-19,09:18:45,100,TF1706,CCFX,98.7,98.63,98.705,643,634472900,19469,19400,99.775,97.415,98.595,98.57,0.0,98.63,0.0,0,0,2017-04-19,33525100,98.695,5,0,0,0,0,0,0,0,0,98.71,1,0,0,0,0,0,0,0,0
332,2017-04-19,09:18:45,600,TF1706,CCFX,98.7,98.63,98.705,643,634472900,19469,19400,99.775,97.415,98.595,98.57,0.0,98.63,0.0,0,0,2017-04-19,33525600,98.7,2,0,0,0,0,0,0,0,0,98.705,1,0,0,0,0,0,0,0,0
333,2017-04-19,09:18:46,100,TF1706,CCFX,98.705,98.63,98.705,644,635459950,19470,19400,99.775,97.415,98.595,98.57,0.0,98.63,0.0,0,0,2017-04-19,33526100,98.705,4,0,0,0,0,0,0,0,0,98.71,1,0,0,0,0,0,0,0,0
334,2017-04-19,09:18:46,600,TF1706,CCFX,98.705,98.63,98.705,644,635459950,19470,19400,99.775,97.415,98.595,98.57,0.0,98.63,0.0,0,0,2017-04-19,33526600,98.705,5,0,0,0,0,0,0,0,0,98.71,1,0,0,0,0,0,0,0,0
335,2017-04-19,09:18:47,100,TF1706,CCFX,98.705,98.63,98.705,644,635459950,19470,19400,99.775,97.415,98.595,98.57,0.0,98.63,0.0,0,0,2017-04-19,33527100,98.705,5,0,0,0,0,0,0,0,0,98.71,1,0,0,0,0,0,0,0,0
336,2017-04-19,09:18:47,600,TF1706,CCFX,98.705,98.63,98.705,644,635459950,19470,19400,99.775,97.415,98.595,98.57,0.0,98.63,0.0,0,0,2017-04-19,33527600,98.705,5,0,0,0,0,0,0,0,0,98.71,1,0,0,0,0,0,0,0,0
337,2017-04-19,09:18:48,100,TF1706,CCFX,98.71,98.63,98.71,645,636447050,19470,19400,99.775,97.415,98.595,98.57,0.0,98.63,0.0,0,0,2017-04-19,33528100,98.705,5,0,0,0,0,0,0,0,0,98.72,4,0,0,0,0,0,0,0,0
338,2017-04-19,09:18:48,600,TF1706,CCFX,98.72,98.63,98.72,647,638421450,19472,19400,99.775,97.415,98.595,98.57,0.0,98.63,0.0,0,0,2017-04-19,33528600,98.71,2,0,0,0,0,0,0,0,0,98.72,5,0,0,0,0,0,0,0,0
339,2017-04-19,09:18:49,100,TF1706,CCFX,98.72,98.63,98.72,648,639408650,19471,19400,99.775,97.415,98.595,98.57,0.0,98.63,0.0,0,0,2017-04-19,33529100,98.71,3,0,0,0,0,0,0,0,0,98.72,5,0,0,0,0,0,0,0,0
340,2017-04-19,09:18:49,600,TF1706,CCFX,98.72,98.63,98.72,648,639408650,19471,19400,99.775,97.415,98.595,98.57,0.0,98.63,0.0,0,0,2017-04-19,33529600,98.71,3,0,0,0,0,0,0,0,0,98.72,5,0,0,0,0,0,0,0,0
341,2017-04-19,09:18:50,100,TF1706,CCFX,98.72,98.63,98.72,648,639408650,19471,19400,99.775,97.415,98.595,98.57,0.0,98.63,0.0,0,0,2017-04-19,33530100,98.71,3,0,0,0,0,0,0,0,0,98.72,5,0,0,0,0,0,0,0,0
342,2017-04-19,09:18:50,600,TF1706,CCFX,98.705,98.63,98.72,652,643357000,19469,19400,99.775,97.415,98.595,98.57,0.0,98.63,0.0,0,0,2017-04-19,33530600,98.7,5,0,0,0,0,0,0,0,0,98.705,9,0,0,0,0,0,0,0,0
343,2017-04-19,09:18:51,100,TF1706,CCFX,98.705,98.63,98.72,661,652240450,19465,19400,99.775,97.415,98.595,98.57,0.0,98.63,0.0,0,0,2017-04-19,33531100,98.705,6,0,0,0,0,0,0,0,0,98.71,2,0,0,0,0,0,0,0,0
344,2017-04-19,09:18:51,600,TF1706,CCFX,98.705,98.63,98.72,661,652240450,19465,19400,99.775,97.415,98.595,98.57,0.0,98.63,0.0,0,0,2017-04-19,33531600,98.705,3,0,0,0,0,0,0,0,0,98.71,3,0,0,0,0,0,0,0,0
345,2017-04-19,09:18:52,600,TF1706,CCFX,98.705,98.63,98.72,661,652240450,19465,19400,99.775,97.415,98.595,98.57,0.0,98.63,0.0,0,0,2017-04-19,33532600,98.705,3,0,0,0,0,0,0,0,0,98.71,8,0,0,0,0,0,0,0,0
346,2017-04-19,09:18:53,100,TF1706,CCFX,98.705,98.63,98.72,661,652240450,19465,19400,99.775,97.415,98.595,98.57,0.0,98.63,0.0,0,0,2017-04-19,33533100,98.7,5,0,0,0,0,0,0,0,0,98.71,8,0,0,0,0,0,0,0,0
347,2017-04-19,09:18:53,600,TF1706,CCFX,98.705,98.63,98.72,661,652240450,19465,19400,99.775,97.415,98.595,98.57,0.0,98.63,0.0,0,0,2017-04-19,33533600,98.705,21,0,0,0,0,0,0,0,0,98.71,9,0,0,0,0,0,0,0,0
348,2017-04-19,09:18:54,100,TF1706,CCFX,98.71,98.63,98.72,665,656188850,19462,19400,99.775,97.415,98.595,98.57,0.0,98.63,0.0,0,0,2017-04-19,33534100,98.705,20,0,0,0,0,0,0,0,0,98.71,5,0,0,0,0,0,0,0,0
349,2017-04-19,09:18:54,600,TF1706,CCFX,98.71,98.63,98.72,666,657175950,19463,19400,99.775,97.415,98.595,98.57,0.0,98.63,0.0,0,0,2017-04-19,33534600,98.705,20,0,0,0,0,0,0,0,0,98.71,4,0,0,0,0,0,0,0,0
350,2017-04-19,09:18:55,100,TF1706,CCFX,98.71,98.63,98.72,669,660137250,19466,19400,99.775,97.415,98.595,98.57,0.0,98.63,0.0,0,0,2017-04-19,33535100,98.705,20,0,0,0,0,0,0,0,0,98.71,1,0,0,0,0,0,0,0,0
351,2017-04-19,09:18:55,600,TF1706,CCFX,98.71,98.63,98.72,670,661124350,19466,19400,99.775,97.415,98.595,98.57,0.0,98.63,0.0,0,0,2017-04-19,33535600,98.71,2,0,0,0,0,0,0,0,0,98.715,6,0,0,0,0,0,0,0,0
352,2017-04-19,09:18:56,100,TF1706,CCFX,98.71,98.63,98.72,670,661124350,19466,19400,99.775,97.415,98.595,98.57,0.0,98.63,0.0,0,0,2017-04-19,33536100,98.705,20,0,0,0,0,0,0,0,0,98.715,6,0,0,0,0,0,0,0,0
353,2017-04-19,09:18:56,600,TF1706,CCFX,98.71,98.63,98.72,670,661124350,19466,19400,99.775,97.415,98.595,98.57,0.0,98.63,0.0,0,0,2017-04-19,33536600,98.705,20,0,0,0,0,0,0,0,0,98.715,6,0,0,0,0,0,0,0,0
354,2017-04-19,09:18:58,100,TF1706,CCFX,98.71,98.63,98.72,670,661124350,19466,19400,99.775,97.415,98.595,98.57,0.0,98.63,0.0,0,0,2017-04-19,33538100,98.71,3,0,0,0,0,0,0,0,0,98.715,6,0,0,0,0,0,0,0,0
355,2017-04-19,09:18:58,600,TF1706,CCFX,98.71,98.63,98.72,670,661124350,19466,19400,99.775,97.415,98.595,98.57,0.0,98.63,0.0,0,0,2017-04-19,33538600,98.71,4,0,0,0,0,0,0,0,0,98.715,5,0,0,0,0,0,0,0,0
356,2017-04-19,09:19:00,100,TF1706,CCFX,98.71,98.63,98.72,670,661124350,19466,19400,99.775,97.415,98.595,98.57,0.0,98.63,0.0,0,0,2017-04-19,33540100,98.71,2,0,0,0,0,0,0,0,0,98.715,5,0,0,0,0,0,0,0,0
357,2017-04-19,09:19:00,600,TF1706,CCFX,98.71,98.63,98.72,670,661124350,19466,19400,99.775,97.415,98.595,98.57,0.0,98.63,0.0,0,0,2017-04-19,33540600,98.705,20,0,0,0,0,0,0,0,0,98.715,5,0,0,0,0,0,0,0,0
358,2017-04-19,09:19:01,100,TF1706,CCFX,98.71,98.63,98.72,670,661124350,19466,19400,99.775,97.415,98.595,98.57,0.0,98.63,0.0,0,0,2017-04-19,33541100,98.705,20,0,0,0,0,0,0,0,0,98.715,5,0,0,0,0,0,0,0,0
359,2017-04-19,09:19:01,600,TF1706,CCFX,98.71,98.63,98.72,670,661124350,19466,19400,99.775,97.415,98.595,98.57,0.0,98.63,0.0,0,0,2017-04-19,33541600,98.71,2,0,0,0,0,0,0,0,0,98.715,5,0,0,0,0,0,0,0,0
360,2017-04-19,09:19:02,100,TF1706,CCFX,98.71,98.63,98.72,670,661124350,19466,19400,99.775,97.415,98.595,98.57,0.0,98.63,0.0,0,0,2017-04-19,33542100,98.705,20,0,0,0,0,0,0,0,0,98.715,5,0,0,0,0,0,0,0,0
361,2017-04-19,09:19:02,600,TF1706,CCFX,98.715,98.63,98.72,672,663098650,19466,19400,99.775,97.415,98.595,98.57,0.0,98.63,0.0,0,0,2017-04-19,33542600,98.71,21,0,0,0,0,0,0,0,0,98.715,3,0,0,0,0,0,0,0,0
362,2017-04-19,09:19:03,100,TF1706,CCFX,98.715,98.63,98.72,672,663098650,19466,19400,99.775,97.415,98.595,98.57,0.0,98.63,0.0,0,0,2017-04-19,33543100,98.71,20,0,0,0,0,0,0,0,0,98.715,3,0,0,0,0,0,0,0,0
363,2017-04-19,09:19:03,600,TF1706,CCFX,98.715,98.63,98.72,672,663098650,19466,19400,99.775,97.415,98.595,98.57,0.0,98.63,0.0,0,0,2017-04-19,33543600,98.71,20,0,0,0,0,0,0,0,0,98.715,4,0,0,0,0,0,0,0,0
364,2017-04-19,09:19:05,100,TF1706,CCFX,98.715,98.63,98.72,672,663098650,19466,19400,99.775,97.415,98.595,98.57,0.0,98.63,0.0,0,0,2017-04-19,33545100,98.71,20,0,0,0,0,0,0,0,0,98.715,4,0,0,0,0,0,0,0,0
365,2017-04-19,09:19:05,600,TF1706,CCFX,98.715,98.63,98.72,676,667047250,19469,19400,99.775,97.415,98.595,98.57,0.0,98.63,0.0,0,0,2017-04-19,33545600,98.715,1,0,0,0,0,0,0,0,0,98.72,1,0,0,0,0,0,0,0,0
366,2017-04-19,09:19:06,100,TF1706,CCFX,98.715,98.63,98.72,676,667047250,19469,19400,99.775,97.415,98.595,98.57,0.0,98.63,0.0,0,0,2017-04-19,33546100,98.715,2,0,0,0,0,0,0,0,0,98.72,1,0,0,0,0,0,0,0,0
367,2017-04-19,09:19:07,100,TF1706,CCFX,98.715,98.63,98.72,676,667047250,19469,19400,99.775,97.415,98.595,98.57,0.0,98.63,0.0,0,0,2017-04-19,33547100,98.715,2,0,0,0,0,0,0,0,0,98.72,1,0,0,0,0,0,0,0,0
368,2017-04-19,09:19:08,600,TF1706,CCFX,98.72,98.63,98.72,677,668034450,19468,19400,99.775,97.415,98.595,98.57,0.0,98.63,0.0,0,0,2017-04-19,33548600,98.715,2,0,0,0,0,0,0,0,0,98.725,1,0,0,0,0,0,0,0,0
369,2017-04-19,09:19:09,100,TF1706,CCFX,98.72,98.63,98.72,677,668034450,19468,19400,99.775,97.415,98.595,98.57,0.0,98.63,0.0,0,0,2017-04-19,33549100,98.715,4,0,0,0,0,0,0,0,0,98.725,1,0,0,0,0,0,0,0,0
370,2017-04-19,09:19:09,600,TF1706,CCFX,98.72,98.63,98.72,677,668034450,19468,19400,99.775,97.415,98.595,98.57,0.0,98.63,0.0,0,0,2017-04-19,33549600,98.715,3,0,0,0,0,0,0,0,0,98.725,1,0,0,0,0,0,0,0,0
371,2017-04-19,09:19:10,600,TF1706,CCFX,98.72,98.63,98.72,677,668034450,19468,19400,99.775,97.415,98.595,98.57,0.0,98.63,0.0,0,0,2017-04-19,33550600,98.715,3,0,0,0,0,0,0,0,0,98.725,1,0,0,0,0,0,0,0,0
372,2017-04-19,09:19:11,100,TF1706,CCFX,98.72,98.63,98.72,677,668034450,19468,19400,99.775,97.415,98.595,98.57,0.0,98.63,0.0,0,0,2017-04-19,33551100,98.715,3,0,0,0,0,0,0,0,0,98.725,1,0,0,0,0,0,0,0,0
373,2017-04-19,09:19:11,600,TF1706,CCFX,98.72,98.63,98.72,677,668034450,19468,19400,99.775,97.415,98.595,98.57,0.0,98.63,0.0,0,0,2017-04-19,33551600,98.715,5,0,0,0,0,0,0,0,0,98.725,5,0,0,0,0,0,0,0,0
374,2017-04-19,09:19:12,600,TF1706,CCFX,98.725,98.63,98.725,682,672970700,19463,19400,99.775,97.415,98.595,98.57,0.0,98.63,0.0,0,0,2017-04-19,33552600,98.725,7,0,0,0,0,0,0,0,0,98.73,1,0,0,0,0,0,0,0,0
375,2017-04-19,09:19:13,100,TF1706,CCFX,98.725,98.63,98.725,689,679881450,19460,19400,99.775,97.415,98.595,98.57,0.0,98.63,0.0,0,0,2017-04-19,33553100,98.715,5,0,0,0,0,0,0,0,0,98.725,2,0,0,0,0,0,0,0,0
376,2017-04-19,09:19:13,600,TF1706,CCFX,98.725,98.63,98.725,689,679881450,19460,19400,99.775,97.415,98.595,98.57,0.0,98.63,0.0,0,0,2017-04-19,33553600,98.715,5,0,0,0,0,0,0,0,0,98.725,4,0,0,0,0,0,0,0,0
377,2017-04-19,09:19:14,100,TF1706,CCFX,98.725,98.63,98.725,689,679881450,19460,19400,99.775,97.415,98.595,98.57,0.0,98.63,0.0,0,0,2017-04-19,33554100,98.715,5,0,0,0,0,0,0,0,0,98.73,3,0,0,0,0,0,0,0,0
378,2017-04-19,09:19:15,100,TF1706,CCFX,98.725,98.63,98.725,689,679881450,19460,19400,99.775,97.415,98.595,98.57,0.0,98.63,0.0,0,0,2017-04-19,33555100,98.715,5,0,0,0,0,0,0,0,0,98.73,7,0,0,0,0,0,0,0,0
379,2017-04-19,09:19:15,600,TF1706,CCFX,98.725,98.63,98.725,689,679881450,19460,19400,99.775,97.415,98.595,98.57,0.0,98.63,0.0,0,0,2017-04-19,33555600,98.715,5,0,0,0,0,0,0,0,0,98.725,1,0,0,0,0,0,0,0,0
380,2017-04-19,09:19:16,100,TF1706,CCFX,98.725,98.63,98.725,690,680868700,19461,19400,99.775,97.415,98.595,98.57,0.0,98.63,0.0,0,0,2017-04-19,33556100,98.715,5,0,0,0,0,0,0,0,0,98.72,3,0,0,0,0,0,0,0,0
381,2017-04-19,09:19:16,600,TF1706,CCFX,98.72,98.63,98.725,693,683830300,19463,19400,99.775,97.415,98.595,98.57,0.0,98.63,0.0,0,0,2017-04-19,33556600,98.72,1,0,0,0,0,0,0,0,0,98.725,8,0,0,0,0,0,0,0,0
382,2017-04-19,09:19:17,100,TF1706,CCFX,98.72,98.63,98.725,694,684817500,19463,19400,99.775,97.415,98.595,98.57,0.0,98.63,0.0,0,0,2017-04-19,33557100,98.715,5,0,0,0,0,0,0,0,0,98.725,9,0,0,0,0,0,0,0,0
383,2017-04-19,09:19:17,600,TF1706,CCFX,98.72,98.63,98.725,694,684817500,19463,19400,99.775,97.415,98.595,98.57,0.0,98.63,0.0,0,0,2017-04-19,33557600,98.715,6,0,0,0,0,0,0,0,0,98.725,9,0,0,0,0,0,0,0,0
384,2017-04-19,09:19:18,600,TF1706,CCFX,98.72,98.63,98.725,695,685804700,19463,19400,99.775,97.415,98.595,98.57,0.0,98.63,0.0,0,0,2017-04-19,33558600,98.715,6,0,0,0,0,0,0,0,0,98.725,9,0,0,0,0,0,0,0,0
385,2017-04-19,09:19:19,100,TF1706,CCFX,98.72,98.63,98.725,695,685804700,19463,19400,99.775,97.415,98.595,98.57,0.0,98.63,0.0,0,0,2017-04-19,33559100,98.715,10,0,0,0,0,0,0,0,0,98.725,9,0,0,0,0,0,0,0,0
386,2017-04-19,09:19:19,600,TF1706,CCFX,98.72,98.63,98.725,695,685804700,19463,19400,99.775,97.415,98.595,98.57,0.0,98.63,0.0,0,0,2017-04-19,33559600,98.715,10,0,0,0,0,0,0,0,0,98.725,9,0,0,0,0,0,0,0,0
387,2017-04-19,09:19:20,100,TF1706,CCFX,98.72,98.63,98.725,695,685804700,19463,19400,99.775,97.415,98.595,98.57,0.0,98.63,0.0,0,0,2017-04-19,33560100,98.715,10,0,0,0,0,0,0,0,0,98.725,13,0,0,0,0,0,0,0,0
388,2017-04-19,09:19:21,100,TF1706,CCFX,98.72,98.63,98.725,695,685804700,19463,19400,99.775,97.415,98.595,98.57,0.0,98.63,0.0,0,0,2017-04-19,33561100,98.715,10,0,0,0,0,0,0,0,0,98.725,9,0,0,0,0,0,0,0,0
389,2017-04-19,09:19:22,100,TF1706,CCFX,98.72,98.63,98.725,695,685804700,19463,19400,99.775,97.415,98.595,98.57,0.0,98.63,0.0,0,0,2017-04-19,33562100,98.715,10,0,0,0,0,0,0,0,0,98.725,9,0,0,0,0,0,0,0,0
390,2017-04-19,09:19:22,600,TF1706,CCFX,98.72,98.63,98.725,695,685804700,19463,19400,99.775,97.415,98.595,98.57,0.0,98.63,0.0,0,0,2017-04-19,33562600,98.715,10,0,0,0,0,0,0,0,0,98.72,1,0,0,0,0,0,0,0,0
391,2017-04-19,09:19:23,100,TF1706,CCFX,98.72,98.63,98.725,695,685804700,19463,19400,99.775,97.415,98.595,98.57,0.0,98.63,0.0,0,0,2017-04-19,33563100,98.715,10,0,0,0,0,0,0,0,0,98.72,2,0,0,0,0,0,0,0,0
392,2017-04-19,09:19:24,600,TF1706,CCFX,98.72,98.63,98.725,697,687779100,19462,19400,99.775,97.415,98.595,98.57,0.0,98.63,0.0,0,0,2017-04-19,33564600,98.72,2,0,0,0,0,0,0,0,0,98.725,14,0,0,0,0,0,0,0,0
393,2017-04-19,09:19:25,100,TF1706,CCFX,98.72,98.63,98.725,699,689753500,19460,19400,99.775,97.415,98.595,98.57,0.0,98.63,0.0,0,0,2017-04-19,33565100,98.715,10,0,0,0,0,0,0,0,0,98.72,2,0,0,0,0,0,0,0,0
394,2017-04-19,09:19:25,600,TF1706,CCFX,98.72,98.63,98.725,700,690740700,19460,19400,99.775,97.415,98.595,98.57,0.0,98.63,0.0,0,0,2017-04-19,33565600,98.715,11,0,0,0,0,0,0,0,0,98.72,1,0,0,0,0,0,0,0,0
395,2017-04-19,09:19:26,100,TF1706,CCFX,98.72,98.63,98.725,700,690740700,19460,19400,99.775,97.415,98.595,98.57,0.0,98.63,0.0,0,0,2017-04-19,33566100,98.715,11,0,0,0,0,0,0,0,0,98.72,2,0,0,0,0,0,0,0,0
396,2017-04-19,09:19:28,600,TF1706,CCFX,98.72,98.63,98.725,700,690740700,19460,19400,99.775,97.415,98.595,98.57,0.0,98.63,0.0,0,0,2017-04-19,33568600,98.715,11,0,0,0,0,0,0,0,0,98.72,2,0,0,0,0,0,0,0,0
397,2017-04-19,09:19:29,100,TF1706,CCFX,98.72,98.63,98.725,700,690740700,19460,19400,99.775,97.415,98.595,98.57,0.0,98.63,0.0,0,0,2017-04-19,33569100,98.715,11,0,0,0,0,0,0,0,0,98.72,1,0,0,0,0,0,0,0,0
398,2017-04-19,09:19:30,100,TF1706,CCFX,98.72,98.63,98.725,701,691727900,19461,19400,99.775,97.415,98.595,98.57,0.0,98.63,0.0,0,0,2017-04-19,33570100,98.715,11,0,0,0,0,0,0,0,0,98.725,12,0,0,0,0,0,0,0,0
399,2017-04-19,09:19:30,600,TF1706,CCFX,98.715,98.63,98.725,706,696663650,19464,19400,99.775,97.415,98.595,98.57,0.0,98.63,0.0,0,0,2017-04-19,33570600,98.715,6,0,0,0,0,0,0,0,0,98.725,12,0,0,0,0,0,0,0,0
400,2017-04-19,09:19:31,600,TF1706,CCFX,98.725,98.63,98.725,718,708510650,19462,19400,99.775,97.415,98.595,98.57,0.0,98.63,0.0,0,0,2017-04-19,33571600,98.725,3,0,0,0,0,0,0,0,0,98.73,2,0,0,0,0,0,0,0,0
401,2017-04-19,09:19:32,100,TF1706,CCFX,98.73,98.63,98.73,736,726281400,19464,19400,99.775,97.415,98.595,98.57,0.0,98.63,0.0,0,0,2017-04-19,33572100,98.715,6,0,0,0,0,0,0,0,0,98.73,2,0,0,0,0,0,0,0,0
402,2017-04-19,09:19:32,600,TF1706,CCFX,98.73,98.63,98.73,736,726281400,19464,19400,99.775,97.415,98.595,98.57,0.0,98.63,0.0,0,0,2017-04-19,33572600,98.72,2,0,0,0,0,0,0,0,0,98.725,1,0,0,0,0,0,0,0,0
403,2017-04-19,09:19:33,100,TF1706,CCFX,98.73,98.63,98.73,736,726281400,19464,19400,99.775,97.415,98.595,98.57,0.0,98.63,0.0,0,0,2017-04-19,33573100,98.72,1,0,0,0,0,0,0,0,0,98.725,1,0,0,0,0,0,0,0,0
404,2017-04-19,09:19:33,600,TF1706,CCFX,98.73,98.63,98.73,736,726281400,19464,19400,99.775,97.415,98.595,98.57,0.0,98.63,0.0,0,0,2017-04-19,33573600,98.72,2,0,0,0,0,0,0,0,0,98.725,2,0,0,0,0,0,0,0,0
405,2017-04-19,09:19:34,100,TF1706,CCFX,98.725,98.63,98.73,738,728255900,19462,19400,99.775,97.415,98.595,98.57,0.0,98.63,0.0,0,0,2017-04-19,33574100,98.72,2,0,0,0,0,0,0,0,0,98.725,4,0,0,0,0,0,0,0,0
406,2017-04-19,09:19:34,600,TF1706,CCFX,98.725,98.63,98.73,738,728255900,19462,19400,99.775,97.415,98.595,98.57,0.0,98.63,0.0,0,0,2017-04-19,33574600,98.73,1,0,0,0,0,0,0,0,0,98.735,1,0,0,0,0,0,0,0,0
407,2017-04-19,09:19:35,100,TF1706,CCFX,98.73,98.63,98.73,739,729243200,19463,19400,99.775,97.415,98.595,98.57,0.0,98.63,0.0,0,0,2017-04-19,33575100,98.725,5,0,0,0,0,0,0,0,0,98.73,9,0,0,0,0,0,0,0,0
408,2017-04-19,09:19:35,600,TF1706,CCFX,98.725,98.63,98.73,740,730230450,19463,19400,99.775,97.415,98.595,98.57,0.0,98.63,0.0,0,0,2017-04-19,33575600,98.725,4,0,0,0,0,0,0,0,0,98.73,7,0,0,0,0,0,0,0,0
409,2017-04-19,09:19:36,100,TF1706,CCFX,98.725,98.63,98.73,740,730230450,19463,19400,99.775,97.415,98.595,98.57,0.0,98.63,0.0,0,0,2017-04-19,33576100,98.725,4,0,0,0,0,0,0,0,0,98.73,7,0,0,0,0,0,0,0,0
410,2017-04-19,09:19:36,600,TF1706,CCFX,98.725,98.63,98.73,743,733192200,19465,19400,99.775,97.415,98.595,98.57,0.0,98.63,0.0,0,0,2017-04-19,33576600,98.725,1,0,0,0,0,0,0,0,0,98.73,5,0,0,0,0,0,0,0,0
411,2017-04-19,09:19:37,100,TF1706,CCFX,98.725,98.63,98.73,743,733192200,19465,19400,99.775,97.415,98.595,98.57,0.0,98.63,0.0,0,0,2017-04-19,33577100,98.725,1,0,0,0,0,0,0,0,0,98.73,3,0,0,0,0,0,0,0,0
412,2017-04-19,09:19:37,600,TF1706,CCFX,98.73,98.63,98.73,745,735166750,19465,19400,99.775,97.415,98.595,98.57,0.0,98.63,0.0,0,0,2017-04-19,33577600,98.72,2,0,0,0,0,0,0,0,0,98.73,6,0,0,0,0,0,0,0,0
413,2017-04-19,09:19:38,100,TF1706,CCFX,98.73,98.63,98.73,745,735166750,19465,19400,99.775,97.415,98.595,98.57,0.0,98.63,0.0,0,0,2017-04-19,33578100,98.72,2,0,0,0,0,0,0,0,0,98.73,6,0,0,0,0,0,0,0,0
414,2017-04-19,09:19:38,600,TF1706,CCFX,98.72,98.63,98.73,746,736153950,19464,19400,99.775,97.415,98.595,98.57,0.0,98.63,0.0,0,0,2017-04-19,33578600,98.72,1,0,0,0,0,0,0,0,0,98.73,2,0,0,0,0,0,0,0,0
415,2017-04-19,09:19:39,100,TF1706,CCFX,98.72,98.63,98.73,746,736153950,19464,19400,99.775,97.415,98.595,98.57,0.0,98.63,0.0,0,0,2017-04-19,33579100,98.72,1,0,0,0,0,0,0,0,0,98.73,2,0,0,0,0,0,0,0,0
416,2017-04-19,09:19:39,600,TF1706,CCFX,98.72,98.63,98.73,746,736153950,19464,19400,99.775,97.415,98.595,98.57,0.0,98.63,0.0,0,0,2017-04-19,33579600,98.72,1,0,0,0,0,0,0,0,0,98.725,3,0,0,0,0,0,0,0,0
417,2017-04-19,09:19:40,100,TF1706,CCFX,98.72,98.63,98.73,746,736153950,19464,19400,99.775,97.415,98.595,98.57,0.0,98.63,0.0,0,0,2017-04-19,33580100,98.72,1,0,0,0,0,0,0,0,0,98.725,3,0,0,0,0,0,0,0,0
418,2017-04-19,09:19:40,600,TF1706,CCFX,98.72,98.63,98.73,746,736153950,19464,19400,99.775,97.415,98.595,98.57,0.0,98.63,0.0,0,0,2017-04-19,33580600,98.72,1,0,0,0,0,0,0,0,0,98.725,7,0,0,0,0,0,0,0,0
419,2017-04-19,09:19:42,100,TF1706,CCFX,98.72,98.63,98.73,746,736153950,19464,19400,99.775,97.415,98.595,98.57,0.0,98.63,0.0,0,0,2017-04-19,33582100,98.72,2,0,0,0,0,0,0,0,0,98.725,11,0,0,0,0,0,0,0,0
420,2017-04-19,09:19:42,600,TF1706,CCFX,98.725,98.63,98.73,747,737141200,19463,19400,99.775,97.415,98.595,98.57,0.0,98.63,0.0,0,0,2017-04-19,33582600,98.72,2,0,0,0,0,0,0,0,0,98.725,6,0,0,0,0,0,0,0,0
421,2017-04-19,09:19:43,600,TF1706,CCFX,98.725,98.63,98.73,747,737141200,19463,19400,99.775,97.415,98.595,98.57,0.0,98.63,0.0,0,0,2017-04-19,33583600,98.72,2,0,0,0,0,0,0,0,0,98.725,6,0,0,0,0,0,0,0,0
422,2017-04-19,09:19:44,100,TF1706,CCFX,98.725,98.63,98.73,751,741090200,19467,19400,99.775,97.415,98.595,98.57,0.0,98.63,0.0,0,0,2017-04-19,33584100,98.72,2,0,0,0,0,0,0,0,0,98.725,2,0,0,0,0,0,0,0,0
423,2017-04-19,09:19:44,600,TF1706,CCFX,98.725,98.63,98.73,753,743064700,19469,19400,99.775,97.415,98.595,98.57,0.0,98.63,0.0,0,0,2017-04-19,33584600,98.725,1,0,0,0,0,0,0,0,0,98.735,5,0,0,0,0,0,0,0,0
424,2017-04-19,09:19:45,100,TF1706,CCFX,98.725,98.63,98.73,753,743064700,19469,19400,99.775,97.415,98.595,98.57,0.0,98.63,0.0,0,0,2017-04-19,33585100,98.725,1,0,0,0,0,0,0,0,0,98.735,5,0,0,0,0,0,0,0,0
425,2017-04-19,09:19:47,600,TF1706,CCFX,98.725,98.63,98.73,753,743064700,19469,19400,99.775,97.415,98.595,98.57,0.0,98.63,0.0,0,0,2017-04-19,33587600,98.725,1,0,0,0,0,0,0,0,0,98.735,1,0,0,0,0,0,0,0,0
426,2017-04-19,09:19:48,100,TF1706,CCFX,98.725,98.63,98.73,753,743064700,19469,19400,99.775,97.415,98.595,98.57,0.0,98.63,0.0,0,0,2017-04-19,33588100,98.73,1,0,0,0,0,0,0,0,0,98.735,2,0,0,0,0,0,0,0,0
427,2017-04-19,09:19:48,600,TF1706,CCFX,98.735,98.63,98.735,754,744052050,19469,19400,99.775,97.415,98.595,98.57,0.0,98.63,0.0,0,0,2017-04-19,33588600,98.73,1,0,0,0,0,0,0,0,0,98.735,1,0,0,0,0,0,0,0,0
428,2017-04-19,09:19:49,600,TF1706,CCFX,98.735,98.63,98.735,754,744052050,19469,19400,99.775,97.415,98.595,98.57,0.0,98.63,0.0,0,0,2017-04-19,33589600,98.725,1,0,0,0,0,0,0,0,0,98.735,5,0,0,0,0,0,0,0,0
429,2017-04-19,09:19:50,100,TF1706,CCFX,98.735,98.63,98.735,754,744052050,19469,19400,99.775,97.415,98.595,98.57,0.0,98.63,0.0,0,0,2017-04-19,33590100,98.725,1,0,0,0,0,0,0,0,0,98.735,5,0,0,0,0,0,0,0,0
430,2017-04-19,09:19:51,600,TF1706,CCFX,98.735,98.63,98.735,754,744052050,19469,19400,99.775,97.415,98.595,98.57,0.0,98.63,0.0,0,0,2017-04-19,33591600,98.725,1,0,0,0,0,0,0,0,0,98.73,2,0,0,0,0,0,0,0,0
431,2017-04-19,09:19:52,100,TF1706,CCFX,98.735,98.63,98.735,754,744052050,19469,19400,99.775,97.415,98.595,98.57,0.0,98.63,0.0,0,0,2017-04-19,33592100,98.725,1,0,0,0,0,0,0,0,0,98.73,1,0,0,0,0,0,0,0,0
432,2017-04-19,09:19:52,600,TF1706,CCFX,98.735,98.63,98.735,754,744052050,19469,19400,99.775,97.415,98.595,98.57,0.0,98.63,0.0,0,0,2017-04-19,33592600,98.725,1,0,0,0,0,0,0,0,0,98.73,1,0,0,0,0,0,0,0,0
433,2017-04-19,09:19:54,100,TF1706,CCFX,98.735,98.63,98.735,754,744052050,19469,19400,99.775,97.415,98.595,98.57,0.0,98.63,0.0,0,0,2017-04-19,33594100,98.72,2,0,0,0,0,0,0,0,0,98.73,1,0,0,0,0,0,0,0,0
434,2017-04-19,09:19:54,600,TF1706,CCFX,98.735,98.63,98.735,754,744052050,19469,19400,99.775,97.415,98.595,98.57,0.0,98.63,0.0,0,0,2017-04-19,33594600,98.72,2,0,0,0,0,0,0,0,0,98.73,5,0,0,0,0,0,0,0,0
435,2017-04-19,09:19:56,100,TF1706,CCFX,98.735,98.63,98.735,754,744052050,19469,19400,99.775,97.415,98.595,98.57,0.0,98.63,0.0,0,0,2017-04-19,33596100,98.72,2,0,0,0,0,0,0,0,0,98.73,5,0,0,0,0,0,0,0,0
436,2017-04-19,09:19:56,600,TF1706,CCFX,98.735,98.63,98.735,754,744052050,19469,19400,99.775,97.415,98.595,98.57,0.0,98.63,0.0,0,0,2017-04-19,33596600,98.72,2,0,0,0,0,0,0,0,0,98.725,1,0,0,0,0,0,0,0,0
437,2017-04-19,09:19:57,100,TF1706,CCFX,98.735,98.63,98.735,754,744052050,19469,19400,99.775,97.415,98.595,98.57,0.0,98.63,0.0,0,0,2017-04-19,33597100,98.72,1,0,0,0,0,0,0,0,0,98.725,2,0,0,0,0,0,0,0,0
438,2017-04-19,09:19:57,600,TF1706,CCFX,98.735,98.63,98.735,754,744052050,19469,19400,99.775,97.415,98.595,98.57,0.0,98.63,0.0,0,0,2017-04-19,33597600,98.72,1,0,0,0,0,0,0,0,0,98.725,2,0,0,0,0,0,0,0,0
439,2017-04-19,09:19:58,100,TF1706,CCFX,98.735,98.63,98.735,754,744052050,19469,19400,99.775,97.415,98.595,98.57,0.0,98.63,0.0,0,0,2017-04-19,33598100,98.72,1,0,0,0,0,0,0,0,0,98.725,2,0,0,0,0,0,0,0,0
440,2017-04-19,09:19:59,100,TF1706,CCFX,98.735,98.63,98.735,754,744052050,19469,19400,99.775,97.415,98.595,98.57,0.0,98.63,0.0,0,0,2017-04-19,33599100,98.72,1,0,0,0,0,0,0,0,0,98.725,6,0,0,0,0,0,0,0,0
441,2017-04-19,09:20:01,600,TF1706,CCFX,98.735,98.63,98.735,758,748001450,19470,19400,99.775,97.415,98.595,98.57,0.0,98.63,0.0,0,0,2017-04-19,33601600,98.72,1,0,0,0,0,0,0,0,0,98.725,2,0,0,0,0,0,0,0,0
442,2017-04-19,09:20:02,100,TF1706,CCFX,98.74,98.63,98.74,770,759849300,19465,19400,99.775,97.415,98.595,98.57,0.0,98.63,0.0,0,0,2017-04-19,33602100,98.74,11,0,0,0,0,0,0,0,0,98.745,4,0,0,0,0,0,0,0,0
443,2017-04-19,09:20:02,600,TF1706,CCFX,98.725,98.63,98.74,791,780584550,19465,19400,99.775,97.415,98.595,98.57,0.0,98.63,0.0,0,0,2017-04-19,33602600,98.72,2,0,0,0,0,0,0,0,0,98.725,3,0,0,0,0,0,0,0,0
444,2017-04-19,09:20:03,100,TF1706,CCFX,98.73,98.63,98.74,795,784533600,19462,19400,99.775,97.415,98.595,98.57,0.0,98.63,0.0,0,0,2017-04-19,33603100,98.73,2,0,0,0,0,0,0,0,0,98.735,2,0,0,0,0,0,0,0,0
445,2017-04-19,09:20:03,600,TF1706,CCFX,98.725,98.63,98.74,798,787495450,19460,19400,99.775,97.415,98.595,98.57,0.0,98.63,0.0,0,0,2017-04-19,33603600,98.725,2,0,0,0,0,0,0,0,0,98.73,4,0,0,0,0,0,0,0,0
446,2017-04-19,09:20:04,100,TF1706,CCFX,98.725,98.63,98.74,800,789470000,19459,19400,99.775,97.415,98.595,98.57,0.0,98.63,0.0,0,0,2017-04-19,33604100,98.725,1,0,0,0,0,0,0,0,0,98.73,4,0,0,0,0,0,0,0,0
447,2017-04-19,09:20:04,600,TF1706,CCFX,98.725,98.63,98.74,800,789470000,19459,19400,99.775,97.415,98.595,98.57,0.0,98.63,0.0,0,0,2017-04-19,33604600,98.725,1,0,0,0,0,0,0,0,0,98.73,4,0,0,0,0,0,0,0,0
448,2017-04-19,09:20:05,600,TF1706,CCFX,98.725,98.63,98.74,801,790457250,19460,19400,99.775,97.415,98.595,98.57,0.0,98.63,0.0,0,0,2017-04-19,33605600,98.72,2,0,0,0,0,0,0,0,0,98.73,13,0,0,0,0,0,0,0,0
449,2017-04-19,09:20:06,100,TF1706,CCFX,98.725,98.63,98.74,801,790457250,19460,19400,99.775,97.415,98.595,98.57,0.0,98.63,0.0,0,0,2017-04-19,33606100,98.725,2,0,0,0,0,0,0,0,0,98.73,9,0,0,0,0,0,0,0,0
450,2017-04-19,09:20:06,600,TF1706,CCFX,98.725,98.63,98.74,803,792431750,19458,19400,99.775,97.415,98.595,98.57,0.0,98.63,0.0,0,0,2017-04-19,33606600,98.72,2,0,0,0,0,0,0,0,0,98.725,5,0,0,0,0,0,0,0,0
451,2017-04-19,09:20:07,100,TF1706,CCFX,98.725,98.63,98.74,805,794406250,19456,19400,99.775,97.415,98.595,98.57,0.0,98.63,0.0,0,0,2017-04-19,33607100,98.72,2,0,0,0,0,0,0,0,0,98.725,6,0,0,0,0,0,0,0,0
452,2017-04-19,09:20:07,600,TF1706,CCFX,98.72,98.63,98.74,806,795393450,19456,19400,99.775,97.415,98.595,98.57,0.0,98.63,0.0,0,0,2017-04-19,33607600,98.72,1,0,0,0,0,0,0,0,0,98.725,6,0,0,0,0,0,0,0,0
453,2017-04-19,09:20:08,100,TF1706,CCFX,98.715,98.63,98.74,808,797367750,19458,19400,99.775,97.415,98.595,98.57,0.0,98.63,0.0,0,0,2017-04-19,33608100,98.715,4,0,0,0,0,0,0,0,0,98.72,1,0,0,0,0,0,0,0,0
454,2017-04-19,09:20:08,600,TF1706,CCFX,98.72,98.63,98.74,809,798354950,19458,19400,99.775,97.415,98.595,98.57,0.0,98.63,0.0,0,0,2017-04-19,33608600,98.72,3,0,0,0,0,0,0,0,0,98.725,6,0,0,0,0,0,0,0,0
455,2017-04-19,09:20:09,100,TF1706,CCFX,98.72,98.63,98.74,809,798354950,19458,19400,99.775,97.415,98.595,98.57,0.0,98.63,0.0,0,0,2017-04-19,33609100,98.72,3,0,0,0,0,0,0,0,0,98.725,6,0,0,0,0,0,0,0,0
456,2017-04-19,09:20:09,600,TF1706,CCFX,98.72,98.63,98.74,809,798354950,19458,19400,99.775,97.415,98.595,98.57,0.0,98.63,0.0,0,0,2017-04-19,33609600,98.72,3,0,0,0,0,0,0,0,0,98.725,2,0,0,0,0,0,0,0,0
457,2017-04-19,09:20:10,100,TF1706,CCFX,98.72,98.63,98.74,810,799342150,19458,19400,99.775,97.415,98.595,98.57,0.0,98.63,0.0,0,0,2017-04-19,33610100,98.72,2,0,0,0,0,0,0,0,0,98.725,2,0,0,0,0,0,0,0,0
458,2017-04-19,09:20:12,100,TF1706,CCFX,98.72,98.63,98.74,812,801316550,19460,19400,99.775,97.415,98.595,98.57,0.0,98.63,0.0,0,0,2017-04-19,33612100,98.715,4,0,0,0,0,0,0,0,0,98.72,3,0,0,0,0,0,0,0,0
459,2017-04-19,09:20:12,600,TF1706,CCFX,98.72,98.63,98.74,817,806252550,19460,19400,99.775,97.415,98.595,98.57,0.0,98.63,0.0,0,0,2017-04-19,33612600,98.715,4,0,0,0,0,0,0,0,0,98.725,2,0,0,0,0,0,0,0,0
460,2017-04-19,09:20:13,600,TF1706,CCFX,98.72,98.63,98.74,817,806252550,19460,19400,99.775,97.415,98.595,98.57,0.0,98.63,0.0,0,0,2017-04-19,33613600,98.715,4,0,0,0,0,0,0,0,0,98.725,2,0,0,0,0,0,0,0,0
461,2017-04-19,09:20:14,100,TF1706,CCFX,98.72,98.63,98.74,817,806252550,19460,19400,99.775,97.415,98.595,98.57,0.0,98.63,0.0,0,0,2017-04-19,33614100,98.715,5,0,0,0,0,0,0,0,0,98.725,2,0,0,0,0,0,0,0,0
462,2017-04-19,09:20:14,600,TF1706,CCFX,98.725,98.63,98.74,818,807239800,19459,19400,99.775,97.415,98.595,98.57,0.0,98.63,0.0,0,0,2017-04-19,33614600,98.715,5,0,0,0,0,0,0,0,0,98.725,1,0,0,0,0,0,0,0,0
463,2017-04-19,09:20:15,100,TF1706,CCFX,98.725,98.63,98.74,818,807239800,19459,19400,99.775,97.415,98.595,98.57,0.0,98.63,0.0,0,0,2017-04-19,33615100,98.72,1,0,0,0,0,0,0,0,0,98.725,2,0,0,0,0,0,0,0,0
464,2017-04-19,09:20:15,600,TF1706,CCFX,98.725,98.63,98.74,818,807239800,19459,19400,99.775,97.415,98.595,98.57,0.0,98.63,0.0,0,0,2017-04-19,33615600,98.72,2,0,0,0,0,0,0,0,0,98.725,2,0,0,0,0,0,0,0,0
465,2017-04-19,09:20:16,100,TF1706,CCFX,98.725,98.63,98.74,818,807239800,19459,19400,99.775,97.415,98.595,98.57,0.0,98.63,0.0,0,0,2017-04-19,33616100,98.72,2,0,0,0,0,0,0,0,0,98.725,6,0,0,0,0,0,0,0,0
466,2017-04-19,09:20:16,600,TF1706,CCFX,98.72,98.63,98.74,820,809214250,19458,19400,99.775,97.415,98.595,98.57,0.0,98.63,0.0,0,0,2017-04-19,33616600,98.72,1,0,0,0,0,0,0,0,0,98.725,1,0,0,0,0,0,0,0,0
467,2017-04-19,09:20:17,600,TF1706,CCFX,98.72,98.63,98.74,820,809214250,19458,19400,99.775,97.415,98.595,98.57,0.0,98.63,0.0,0,0,2017-04-19,33617600,98.72,1,0,0,0,0,0,0,0,0,98.725,1,0,0,0,0,0,0,0,0
468,2017-04-19,09:20:18,100,TF1706,CCFX,98.72,98.63,98.74,820,809214250,19458,19400,99.775,97.415,98.595,98.57,0.0,98.63,0.0,0,0,2017-04-19,33618100,98.72,1,0,0,0,0,0,0,0,0,98.725,1,0,0,0,0,0,0,0,0
469,2017-04-19,09:20:19,600,TF1706,CCFX,98.72,98.63,98.74,820,809214250,19458,19400,99.775,97.415,98.595,98.57,0.0,98.63,0.0,0,0,2017-04-19,33619600,98.72,1,0,0,0,0,0,0,0,0,98.725,1,0,0,0,0,0,0,0,0
470,2017-04-19,09:20:20,600,TF1706,CCFX,98.72,98.63,98.74,820,809214250,19458,19400,99.775,97.415,98.595,98.57,0.0,98.63,0.0,0,0,2017-04-19,33620600,98.72,2,0,0,0,0,0,0,0,0,98.725,1,0,0,0,0,0,0,0,0
471,2017-04-19,09:20:21,100,TF1706,CCFX,98.725,98.63,98.74,821,810201500,19458,19400,99.775,97.415,98.595,98.57,0.0,98.63,0.0,0,0,2017-04-19,33621100,98.72,2,0,0,0,0,0,0,0,0,98.73,9,0,0,0,0,0,0,0,0
472,2017-04-19,09:20:21,600,TF1706,CCFX,98.725,98.63,98.74,821,810201500,19458,19400,99.775,97.415,98.595,98.57,0.0,98.63,0.0,0,0,2017-04-19,33621600,98.72,2,0,0,0,0,0,0,0,0,98.73,9,0,0,0,0,0,0,0,0
473,2017-04-19,09:20:22,100,TF1706,CCFX,98.725,98.63,98.74,821,810201500,19458,19400,99.775,97.415,98.595,98.57,0.0,98.63,0.0,0,0,2017-04-19,33622100,98.725,1,0,0,0,0,0,0,0,0,98.73,9,0,0,0,0,0,0,0,0
474,2017-04-19,09:20:22,600,TF1706,CCFX,98.725,98.63,98.74,822,811188750,19459,19400,99.775,97.415,98.595,98.57,0.0,98.63,0.0,0,0,2017-04-19,33622600,98.72,2,0,0,0,0,0,0,0,0,98.725,6,0,0,0,0,0,0,0,0
475,2017-04-19,09:20:23,100,TF1706,CCFX,98.725,98.63,98.74,822,811188750,19459,19400,99.775,97.415,98.595,98.57,0.0,98.63,0.0,0,0,2017-04-19,33623100,98.72,2,0,0,0,0,0,0,0,0,98.725,6,0,0,0,0,0,0,0,0
476,2017-04-19,09:20:23,600,TF1706,CCFX,98.725,98.63,98.74,822,811188750,19459,19400,99.775,97.415,98.595,98.57,0.0,98.63,0.0,0,0,2017-04-19,33623600,98.72,1,0,0,0,0,0,0,0,0,98.725,4,0,0,0,0,0,0,0,0
477,2017-04-19,09:20:24,100,TF1706,CCFX,98.725,98.63,98.74,823,812176000,19459,19400,99.775,97.415,98.595,98.57,0.0,98.63,0.0,0,0,2017-04-19,33624100,98.72,1,0,0,0,0,0,0,0,0,98.725,3,0,0,0,0,0,0,0,0
478,2017-04-19,09:20:24,600,TF1706,CCFX,98.725,98.63,98.74,823,812176000,19459,19400,99.775,97.415,98.595,98.57,0.0,98.63,0.0,0,0,2017-04-19,33624600,98.72,1,0,0,0,0,0,0,0,0,98.725,3,0,0,0,0,0,0,0,0
479,2017-04-19,09:20:25,100,TF1706,CCFX,98.725,98.63,98.74,823,812176000,19459,19400,99.775,97.415,98.595,98.57,0.0,98.63,0.0,0,0,2017-04-19,33625100,98.72,1,0,0,0,0,0,0,0,0,98.725,3,0,0,0,0,0,0,0,0
480,2017-04-19,09:20:26,100,TF1706,CCFX,98.725,98.63,98.74,823,812176000,19459,19400,99.775,97.415,98.595,98.57,0.0,98.63,0.0,0,0,2017-04-19,33626100,98.72,1,0,0,0,0,0,0,0,0,98.725,3,0,0,0,0,0,0,0,0
481,2017-04-19,09:20:26,600,TF1706,CCFX,98.725,98.63,98.74,823,812176000,19459,19400,99.775,97.415,98.595,98.57,0.0,98.63,0.0,0,0,2017-04-19,33626600,98.72,1,0,0,0,0,0,0,0,0,98.725,3,0,0,0,0,0,0,0,0
482,2017-04-19,09:20:27,600,TF1706,CCFX,98.725,98.63,98.74,823,812176000,19459,19400,99.775,97.415,98.595,98.57,0.0,98.63,0.0,0,0,2017-04-19,33627600,98.72,1,0,0,0,0,0,0,0,0,98.725,3,0,0,0,0,0,0,0,0
483,2017-04-19,09:20:29,600,TF1706,CCFX,98.725,98.63,98.74,823,812176000,19459,19400,99.775,97.415,98.595,98.57,0.0,98.63,0.0,0,0,2017-04-19,33629600,98.72,1,0,0,0,0,0,0,0,0,98.725,3,0,0,0,0,0,0,0,0
484,2017-04-19,09:20:30,600,TF1706,CCFX,98.72,98.63,98.74,824,813163200,19459,19400,99.775,97.415,98.595,98.57,0.0,98.63,0.0,0,0,2017-04-19,33630600,98.715,6,0,0,0,0,0,0,0,0,98.725,5,0,0,0,0,0,0,0,0
485,2017-04-19,09:20:31,100,TF1706,CCFX,98.72,98.63,98.74,824,813163200,19459,19400,99.775,97.415,98.595,98.57,0.0,98.63,0.0,0,0,2017-04-19,33631100,98.715,6,0,0,0,0,0,0,0,0,98.725,5,0,0,0,0,0,0,0,0
486,2017-04-19,09:20:31,600,TF1706,CCFX,98.72,98.63,98.74,824,813163200,19459,19400,99.775,97.415,98.595,98.57,0.0,98.63,0.0,0,0,2017-04-19,33631600,98.715,6,0,0,0,0,0,0,0,0,98.725,6,0,0,0,0,0,0,0,0
487,2017-04-19,09:20:32,100,TF1706,CCFX,98.72,98.63,98.74,824,813163200,19459,19400,99.775,97.415,98.595,98.57,0.0,98.63,0.0,0,0,2017-04-19,33632100,98.715,6,0,0,0,0,0,0,0,0,98.725,7,0,0,0,0,0,0,0,0
488,2017-04-19,09:20:32,600,TF1706,CCFX,98.72,98.63,98.74,824,813163200,19459,19400,99.775,97.415,98.595,98.57,0.0,98.63,0.0,0,0,2017-04-19,33632600,98.715,6,0,0,0,0,0,0,0,0,98.725,2,0,0,0,0,0,0,0,0
489,2017-04-19,09:20:33,100,TF1706,CCFX,98.715,98.63,98.74,825,814150350,19459,19400,99.775,97.415,98.595,98.57,0.0,98.63,0.0,0,0,2017-04-19,33633100,98.715,5,0,0,0,0,0,0,0,0,98.725,2,0,0,0,0,0,0,0,0
490,2017-04-19,09:20:35,100,TF1706,CCFX,98.715,98.63,98.74,825,814150350,19459,19400,99.775,97.415,98.595,98.57,0.0,98.63,0.0,0,0,2017-04-19,33635100,98.72,1,0,0,0,0,0,0,0,0,98.725,2,0,0,0,0,0,0,0,0
491,2017-04-19,09:20:35,600,TF1706,CCFX,98.715,98.63,98.74,825,814150350,19459,19400,99.775,97.415,98.595,98.57,0.0,98.63,0.0,0,0,2017-04-19,33635600,98.72,1,0,0,0,0,0,0,0,0,98.725,2,0,0,0,0,0,0,0,0
492,2017-04-19,09:20:36,100,TF1706,CCFX,98.725,98.63,98.74,827,816124850,19457,19400,99.775,97.415,98.595,98.57,0.0,98.63,0.0,0,0,2017-04-19,33636100,98.725,10,0,0,0,0,0,0,0,0,98.73,9,0,0,0,0,0,0,0,0
493,2017-04-19,09:20:36,600,TF1706,CCFX,98.725,98.63,98.74,827,816124850,19457,19400,99.775,97.415,98.595,98.57,0.0,98.63,0.0,0,0,2017-04-19,33636600,98.725,2,0,0,0,0,0,0,0,0,98.73,9,0,0,0,0,0,0,0,0
494,2017-04-19,09:20:37,600,TF1706,CCFX,98.725,98.63,98.74,827,816124850,19457,19400,99.775,97.415,98.595,98.57,0.0,98.63,0.0,0,0,2017-04-19,33637600,98.725,2,0,0,0,0,0,0,0,0,98.73,9,0,0,0,0,0,0,0,0
495,2017-04-19,09:20:38,100,TF1706,CCFX,98.725,98.63,98.74,827,816124850,19457,19400,99.775,97.415,98.595,98.57,0.0,98.63,0.0,0,0,2017-04-19,33638100,98.725,2,0,0,0,0,0,0,0,0,98.73,9,0,0,0,0,0,0,0,0
496,2017-04-19,09:20:38,600,TF1706,CCFX,98.725,98.63,98.74,827,816124850,19457,19400,99.775,97.415,98.595,98.57,0.0,98.63,0.0,0,0,2017-04-19,33638600,98.72,1,0,0,0,0,0,0,0,0,98.73,9,0,0,0,0,0,0,0,0
497,2017-04-19,09:20:39,100,TF1706,CCFX,98.725,98.63,98.74,827,816124850,19457,19400,99.775,97.415,98.595,98.57,0.0,98.63,0.0,0,0,2017-04-19,33639100,98.725,2,0,0,0,0,0,0,0,0,98.73,9,0,0,0,0,0,0,0,0
498,2017-04-19,09:20:39,600,TF1706,CCFX,98.725,98.63,98.74,827,816124850,19457,19400,99.775,97.415,98.595,98.57,0.0,98.63,0.0,0,0,2017-04-19,33639600,98.725,4,0,0,0,0,0,0,0,0,98.73,9,0,0,0,0,0,0,0,0
499,2017-04-19,09:20:40,600,TF1706,CCFX,98.725,98.63,98.74,827,816124850,19457,19400,99.775,97.415,98.595,98.57,0.0,98.63,0.0,0,0,2017-04-19,33640600,98.725,9,0,0,0,0,0,0,0,0,98.73,9,0,0,0,0,0,0,0,0
500,2017-04-19,09:20:41,600,TF1706,CCFX,98.725,98.63,98.74,827,816124850,19457,19400,99.775,97.415,98.595,98.57,0.0,98.63,0.0,0,0,2017-04-19,33641600,98.725,9,0,0,0,0,0,0,0,0,98.73,1,0,0,0,0,0,0,0,0
