,dataDate,dataTime,dataMillisec,instrumentID,exchangeCD,lastPrice,lowPrice,highPrice,volume,value,openInterest,preOpenInterest,upperLimitPrice,lowerLimitPrice,preSettlementPrice,prevClosePrice,settlementPrice,openPrice,closePrice,preDelta,currDelta,clearingDay,milliSecOffset,bidPrice1,bidVolume1,bidPrice2,bidVolume2,bidPrice3,bidVolume3,bidPrice4,bidVolume4,bidPrice5,bidVolume5,askPrice1,askVolume1,askPrice2,askVolume2,askPrice3,askVolume3,askPrice4,askVolume4,askPrice5,askVolume5
0,2017-04-19,08:59:00,311,v1709,XDCE,5520,5520,5520,360,9936000,164166,163968,5860,5310,5585,5540,0,5520,0,0,0,2017-04-19,32340311,5520,1,0,0,0,0,0,0,0,0,5525,111,0,0,0,0,0,0,0,0
1,2017-04-19,09:00:00,575,v1709,XDCE,5520,5510,5520,602,16611150,164260,163968,5860,5310,5585,5540,0,5520,0,0,0,2017-04-19,32400575,5510,68,0,0,0,0,0,0,0,0,5520,76,0,0,0,0,0,0,0,0
2,2017-04-19,09:00:01,78,v1709,XDCE,5520,5510,5520,874,24111200,164422,163968,5860,5310,5585,5540,0,5520,0,0,0,2017-04-19,32401078,5510,44,0,0,0,0,0,0,0,0,5520,92,0,0,0,0,0,0,0,0
3,2017-04-19,09:00:01,575,v1709,XDCE,5510,5505,5520,1118,30831450,164422,163968,5860,5310,5585,5540,0,5520,0,0,0,2017-04-19,32401575,5505,199,0,0,0,0,0,0,0,0,5510,29,0,0,0,0,0,0,0,0
4,2017-04-19,09:00:02,75,v1709,XDCE,5505,5505,5520,1234,34025950,164450,163968,5860,5310,5585,5540,0,5520,0,0,0,2017-04-19,32402075,5505,176,0,0,0,0,0,0,0,0,5510,12,0,0,0,0,0,0,0,0
5,2017-04-19,09:00:02,578,v1709,XDCE,5510,5505,5520,1346,37111150,164448,163968,5860,5310,5585,5540,0,5520,0,0,0,2017-04-19,32402578,5510,16,0,0,0,0,0,0,0,0,5515,11,0,0,0,0,0,0,0,0
6,2017-04-19,09:00:03,62,v1709,XDCE,5505,5505,5520,1422,39205000,164430,163968,5860,5310,5585,5540,0,5520,0,0,0,2017-04-19,32403062,5505,164,0,0,0,0,0,0,0,0,5510,68,0,0,0,0,0,0,0,0
7,2017-04-19,09:00:03,524,v1709,XDCE,5510,5505,5520,1562,43062000,164432,163968,5860,5310,5585,5540,0,5520,0,0,0,2017-04-19,32403524,5505,167,0,0,0,0,0,0,0,0,5510,32,0,0,0,0,0,0,0,0
8,2017-04-19,09:00:04,68,v1709,XDCE,5515,5505,5520,1686,46479550,164456,163968,5860,5310,5585,5540,0,5520,0,0,0,2017-04-19,32404068,5505,179,0,0,0,0,0,0,0,0,5515,4,0,0,0,0,0,0,0,0
9,2017-04-19,09:00:04,572,v1709,XDCE,5510,5505,5520,1718,47361350,164470,163968,5860,5310,5585,5540,0,5520,0,0,0,2017-04-19,32404572,5505,179,0,0,0,0,0,0,0,0,5510,149,0,0,0,0,0,0,0,0
10,2017-04-19,09:00:05,69,v1709,XDCE,5510,5505,5520,2018,55626350,164472,163968,5860,5310,5585,5540,0,5520,0,0,0,2017-04-19,32405069,5510,36,0,0,0,0,0,0,0,0,5515,15,0,0,0,0,0,0,0,0
11,2017-04-19,09:00:05,566,v1709,XDCE,5515,5505,5520,2076,57225700,164442,163968,5860,5310,5585,5540,0,5520,0,0,0,2017-04-19,32405566,5510,45,0,0,0,0,0,0,0,0,5515,2,0,0,0,0,0,0,0,0
12,2017-04-19,09:00:06,24,v1709,XDCE,5515,5505,5520,2158,59485050,164468,163968,5860,5310,5585,5540,0,5520,0,0,0,2017-04-19,32406024,5510,40,0,0,0,0,0,0,0,0,5515,10,0,0,0,0,0,0,0,0
13,2017-04-19,09:00:06,561,v1709,XDCE,5515,5505,5520,2158,59485050,164468,163968,5860,5310,5585,5540,0,5520,0,0,0,2017-04-19,32406561,5510,59,0,0,0,0,0,0,0,0,5515,29,0,0,0,0,0,0,0,0
14,2017-04-19,09:00:07,77,v1709,XDCE,5515,5505,5520,2238,61690500,164480,163968,5860,5310,5585,5540,0,5520,0,0,0,2017-04-19,32407077,5510,50,0,0,0,0,0,0,0,0,5520,142,0,0,0,0,0,0,0,0
15,2017-04-19,09:00:07,574,v1709,XDCE,5515,5505,5520,2276,62738100,164480,163968,5860,5310,5585,5540,0,5520,0,0,0,2017-04-19,32407574,5510,47,0,0,0,0,0,0,0,0,5520,137,0,0,0,0,0,0,0,0
16,2017-04-19,09:00:08,20,v1709,XDCE,5515,5505,5520,2280,62848350,164482,163968,5860,5310,5585,5540,0,5520,0,0,0,2017-04-19,32408020,5510,40,0,0,0,0,0,0,0,0,5520,140,0,0,0,0,0,0,0,0
17,2017-04-19,09:00:08,563,v1709,XDCE,5510,5505,5520,2282,62903450,164482,163968,5860,5310,5585,5540,0,5520,0,0,0,2017-04-19,32408563,5510,41,0,0,0,0,0,0,0,0,5520,140,0,0,0,0,0,0,0,0
18,2017-04-19,09:00:09,69,v1709,XDCE,5520,5505,5520,2286,63013850,164486,163968,5860,5310,5585,5540,0,5520,0,0,0,2017-04-19,32409069,5515,1,0,0,0,0,0,0,0,0,5520,124,0,0,0,0,0,0,0,0
19,2017-04-19,09:00:09,569,v1709,XDCE,5510,5505,5520,2528,69686550,164468,163968,5860,5310,5585,5540,0,5520,0,0,0,2017-04-19,32409569,5505,197,0,0,0,0,0,0,0,0,5510,25,0,0,0,0,0,0,0,0
20,2017-04-19,09:00:10,34,v1709,XDCE,5515,5505,5520,2596,71560050,164508,163968,5860,5310,5585,5540,0,5520,0,0,0,2017-04-19,32410034,5510,11,0,0,0,0,0,0,0,0,5515,17,0,0,0,0,0,0,0,0
21,2017-04-19,09:00:10,553,v1709,XDCE,5515,5505,5520,2670,73600600,164498,163968,5860,5310,5585,5540,0,5520,0,0,0,2017-04-19,32410553,5515,24,0,0,0,0,0,0,0,0,5520,108,0,0,0,0,0,0,0,0
22,2017-04-19,09:00:10,996,v1709,XDCE,5515,5505,5520,2738,75475400,164466,163968,5860,5310,5585,5540,0,5520,0,0,0,2017-04-19,32410996,5510,57,0,0,0,0,0,0,0,0,5520,106,0,0,0,0,0,0,0,0
23,2017-04-19,09:00:11,570,v1709,XDCE,5510,5505,5520,2740,75530500,164468,163968,5860,5310,5585,5540,0,5520,0,0,0,2017-04-19,32411570,5515,2,0,0,0,0,0,0,0,0,5520,86,0,0,0,0,0,0,0,0
24,2017-04-19,09:00:12,66,v1709,XDCE,5510,5505,5520,2740,75530500,164468,163968,5860,5310,5585,5540,0,5520,0,0,0,2017-04-19,32412066,5515,17,0,0,0,0,0,0,0,0,5520,109,0,0,0,0,0,0,0,0
25,2017-04-19,09:00:12,572,v1709,XDCE,5515,5505,5520,2742,75585650,164466,163968,5860,5310,5585,5540,0,5520,0,0,0,2017-04-19,32412572,5515,16,0,0,0,0,0,0,0,0,5520,109,0,0,0,0,0,0,0,0
26,2017-04-19,09:00:13,2,v1709,XDCE,5515,5505,5520,2744,75640800,164464,163968,5860,5310,5585,5540,0,5520,0,0,0,2017-04-19,32413002,5515,14,0,0,0,0,0,0,0,0,5520,108,0,0,0,0,0,0,0,0
27,2017-04-19,09:00:13,577,v1709,XDCE,5520,5505,5520,2746,75696000,164462,163968,5860,5310,5585,5540,0,5520,0,0,0,2017-04-19,32413577,5515,14,0,0,0,0,0,0,0,0,5520,109,0,0,0,0,0,0,0,0
28,2017-04-19,09:00:14,29,v1709,XDCE,5520,5505,5520,2758,76026950,164468,163968,5860,5310,5585,5540,0,5520,0,0,0,2017-04-19,32414029,5515,9,0,0,0,0,0,0,0,0,5520,110,0,0,0,0,0,0,0,0
29,2017-04-19,09:00:14,543,v1709,XDCE,5515,5505,5520,2776,76523300,164486,163968,5860,5310,5585,5540,0,5520,0,0,0,2017-04-19,32414543,5510,68,0,0,0,0,0,0,0,0,5520,96,0,0,0,0,0,0,0,0
30,2017-04-19,09:00:15,36,v1709,XDCE,5515,5505,5520,2782,76688750,164492,163968,5860,5310,5585,5540,0,5520,0,0,0,2017-04-19,32415036,5515,1,0,0,0,0,0,0,0,0,5520,108,0,0,0,0,0,0,0,0
31,2017-04-19,09:00:15,572,v1709,XDCE,5515,5505,5520,2828,77958200,164480,163968,5860,5310,5585,5540,0,5520,0,0,0,2017-04-19,32415572,5510,67,0,0,0,0,0,0,0,0,5520,89,0,0,0,0,0,0,0,0
32,2017-04-19,09:00:16,48,v1709,XDCE,5515,5505,5520,2830,78013350,164482,163968,5860,5310,5585,5540,0,5520,0,0,0,2017-04-19,32416048,5510,69,0,0,0,0,0,0,0,0,5515,20,0,0,0,0,0,0,0,0
33,2017-04-19,09:00:16,545,v1709,XDCE,5515,5505,5520,2844,78399400,164468,163968,5860,5310,5585,5540,0,5520,0,0,0,2017-04-19,32416545,5510,69,0,0,0,0,0,0,0,0,5515,22,0,0,0,0,0,0,0,0
34,2017-04-19,09:00:17,40,v1709,XDCE,5515,5505,5520,2850,78564850,164464,163968,5860,5310,5585,5540,0,5520,0,0,0,2017-04-19,32417040,5510,69,0,0,0,0,0,0,0,0,5515,27,0,0,0,0,0,0,0,0
35,2017-04-19,09:00:17,575,v1709,XDCE,5515,5505,5520,2868,79061100,164468,163968,5860,5310,5585,5540,0,5520,0,0,0,2017-04-19,32417575,5510,68,0,0,0,0,0,0,0,0,5515,21,0,0,0,0,0,0,0,0
36,2017-04-19,09:00:18,63,v1709,XDCE,5515,5505,5520,2874,79226550,164472,163968,5860,5310,5585,5540,0,5520,0,0,0,2017-04-19,32418063,5510,68,0,0,0,0,0,0,0,0,5515,21,0,0,0,0,0,0,0,0
37,2017-04-19,09:00:18,578,v1709,XDCE,5510,5505,5520,2924,80604050,164508,163968,5860,5310,5585,5540,0,5520,0,0,0,2017-04-19,32418578,5510,43,0,0,0,0,0,0,0,0,5515,37,0,0,0,0,0,0,0,0
38,2017-04-19,09:00:19,64,v1709,XDCE,5515,5505,5520,2926,80659200,164508,163968,5860,5310,5585,5540,0,5520,0,0,0,2017-04-19,32419064,5510,46,0,0,0,0,0,0,0,0,5515,59,0,0,0,0,0,0,0,0
39,2017-04-19,09:00:19,571,v1709,XDCE,5515,5505,5520,2928,80714350,164506,163968,5860,5310,5585,5540,0,5520,0,0,0,2017-04-19,32419571,5510,52,0,0,0,0,0,0,0,0,5515,60,0,0,0,0,0,0,0,0
40,2017-04-19,09:00:20,65,v1709,XDCE,5515,5505,5520,2940,81045000,164516,163968,5860,5310,5585,5540,0,5520,0,0,0,2017-04-19,32420065,5510,54,0,0,0,0,0,0,0,0,5515,78,0,0,0,0,0,0,0,0
41,2017-04-19,09:00:20,494,v1709,XDCE,5515,5505,5520,2974,81982550,164540,163968,5860,5310,5585,5540,0,5520,0,0,0,2017-04-19,32420494,5510,60,0,0,0,0,0,0,0,0,5515,61,0,0,0,0,0,0,0,0
42,2017-04-19,09:00:21,76,v1709,XDCE,5510,5505,5520,2982,82202950,164548,163968,5860,5310,5585,5540,0,5520,0,0,0,2017-04-19,32421076,5510,58,0,0,0,0,0,0,0,0,5515,61,0,0,0,0,0,0,0,0
43,2017-04-19,09:00:21,573,v1709,XDCE,5515,5505,5520,2986,82313200,164548,163968,5860,5310,5585,5540,0,5520,0,0,0,2017-04-19,32421573,5510,66,0,0,0,0,0,0,0,0,5515,63,0,0,0,0,0,0,0,0
44,2017-04-19,09:00:22,16,v1709,XDCE,5515,5505,5520,2992,82478600,164550,163968,5860,5310,5585,5540,0,5520,0,0,0,2017-04-19,32422016,5510,78,0,0,0,0,0,0,0,0,5515,61,0,0,0,0,0,0,0,0
45,2017-04-19,09:00:22,537,v1709,XDCE,5510,5505,5520,2996,82588850,164552,163968,5860,5310,5585,5540,0,5520,0,0,0,2017-04-19,32422537,5510,76,0,0,0,0,0,0,0,0,5515,58,0,0,0,0,0,0,0,0
46,2017-04-19,09:00:23,39,v1709,XDCE,5510,5505,5520,2996,82588850,164552,163968,5860,5310,5585,5540,0,5520,0,0,0,2017-04-19,32423039,5510,77,0,0,0,0,0,0,0,0,5515,58,0,0,0,0,0,0,0,0
47,2017-04-19,09:00:23,570,v1709,XDCE,5510,5505,5520,3064,84462450,164546,163968,5860,5310,5585,5540,0,5520,0,0,0,2017-04-19,32423570,5510,49,0,0,0,0,0,0,0,0,5515,54,0,0,0,0,0,0,0,0
48,2017-04-19,09:00:24,60,v1709,XDCE,5510,5505,5520,3068,84572650,164550,163968,5860,5310,5585,5540,0,5520,0,0,0,2017-04-19,32424060,5510,66,0,0,0,0,0,0,0,0,5515,54,0,0,0,0,0,0,0,0
49,2017-04-19,09:00:24,561,v1709,XDCE,5515,5505,5520,3072,84682900,164552,163968,5860,5310,5585,5540,0,5520,0,0,0,2017-04-19,32424561,5510,65,0,0,0,0,0,0,0,0,5515,54,0,0,0,0,0,0,0,0
50,2017-04-19,09:00:25,78,v1709,XDCE,5515,5505,5520,3226,88929450,164422,163968,5860,5310,5585,5540,0,5520,0,0,0,2017-04-19,32425078,5515,28,0,0,0,0,0,0,0,0,5520,95,0,0,0,0,0,0,0,0
51,2017-04-19,09:00:25,548,v1709,XDCE,5515,5505,5520,3290,90694250,164368,163968,5860,5310,5585,5540,0,5520,0,0,0,2017-04-19,32425548,5515,13,0,0,0,0,0,0,0,0,5520,98,0,0,0,0,0,0,0,0
52,2017-04-19,09:00:26,77,v1709,XDCE,5515,5505,5520,3330,91797250,164378,163968,5860,5310,5585,5540,0,5520,0,0,0,2017-04-19,32426077,5510,78,0,0,0,0,0,0,0,0,5515,16,0,0,0,0,0,0,0,0
53,2017-04-19,09:00:26,469,v1709,XDCE,5515,5505,5520,3348,92293450,164382,163968,5860,5310,5585,5540,0,5520,0,0,0,2017-04-19,32426469,5510,75,0,0,0,0,0,0,0,0,5515,16,0,0,0,0,0,0,0,0
54,2017-04-19,09:00:27,38,v1709,XDCE,5515,5505,5520,3418,94223600,164326,163968,5860,5310,5585,5540,0,5520,0,0,0,2017-04-19,32427038,5515,69,0,0,0,0,0,0,0,0,5520,118,0,0,0,0,0,0,0,0
55,2017-04-19,09:00:27,567,v1709,XDCE,5515,5505,5520,3426,94444200,164326,163968,5860,5310,5585,5540,0,5520,0,0,0,2017-04-19,32427567,5515,94,0,0,0,0,0,0,0,0,5520,118,0,0,0,0,0,0,0,0
56,2017-04-19,09:00:28,28,v1709,XDCE,5515,5505,5520,3616,99683450,164196,163968,5860,5310,5585,5540,0,5520,0,0,0,2017-04-19,32428028,5510,103,0,0,0,0,0,0,0,0,5515,15,0,0,0,0,0,0,0,0
57,2017-04-19,09:00:28,572,v1709,XDCE,5515,5505,5520,3618,99738600,164196,163968,5860,5310,5585,5540,0,5520,0,0,0,2017-04-19,32428572,5510,103,0,0,0,0,0,0,0,0,5515,24,0,0,0,0,0,0,0,0
58,2017-04-19,09:00:28,974,v1709,XDCE,5510,5505,5520,3620,99793700,164198,163968,5860,5310,5585,5540,0,5520,0,0,0,2017-04-19,32428974,5510,97,0,0,0,0,0,0,0,0,5515,21,0,0,0,0,0,0,0,0
59,2017-04-19,09:00:29,574,v1709,XDCE,5515,5505,5520,3622,99848850,164196,163968,5860,5310,5585,5540,0,5520,0,0,0,2017-04-19,32429574,5510,103,0,0,0,0,0,0,0,0,5515,21,0,0,0,0,0,0,0,0
60,2017-04-19,09:00:30,79,v1709,XDCE,5515,5505,5520,3626,99959150,164196,163968,5860,5310,5585,5540,0,5520,0,0,0,2017-04-19,32430079,5510,96,0,0,0,0,0,0,0,0,5515,21,0,0,0,0,0,0,0,0
61,2017-04-19,09:00:30,559,v1709,XDCE,5510,5505,5520,3632,100124550,164198,163968,5860,5310,5585,5540,0,5520,0,0,0,2017-04-19,32430559,5510,95,0,0,0,0,0,0,0,0,5515,19,0,0,0,0,0,0,0,0
62,2017-04-19,09:00:30,995,v1709,XDCE,5515,5505,5520,3636,100234850,164202,163968,5860,5310,5585,5540,0,5520,0,0,0,2017-04-19,32430995,5510,95,0,0,0,0,0,0,0,0,5515,17,0,0,0,0,0,0,0,0
63,2017-04-19,09:00:31,558,v1709,XDCE,5515,5505,5520,3676,101337850,164234,163968,5860,5310,5585,5540,0,5520,0,0,0,2017-04-19,32431558,5515,31,0,0,0,0,0,0,0,0,5520,121,0,0,0,0,0,0,0,0
64,2017-04-19,09:00:31,999,v1709,XDCE,5515,5505,5520,3682,101503300,164234,163968,5860,5310,5585,5540,0,5520,0,0,0,2017-04-19,32431999,5515,104,0,0,0,0,0,0,0,0,5520,117,0,0,0,0,0,0,0,0
65,2017-04-19,09:00:32,573,v1709,XDCE,5515,5505,5520,3686,101613650,164234,163968,5860,5310,5585,5540,0,5520,0,0,0,2017-04-19,32432573,5515,119,0,0,0,0,0,0,0,0,5520,116,0,0,0,0,0,0,0,0
66,2017-04-19,09:00:33,77,v1709,XDCE,5515,5505,5520,3840,105860200,164234,163968,5860,5310,5585,5540,0,5520,0,0,0,2017-04-19,32433077,5515,51,0,0,0,0,0,0,0,0,5520,120,0,0,0,0,0,0,0,0
67,2017-04-19,09:00:33,564,v1709,XDCE,5510,5505,5520,3964,109279450,164270,163968,5860,5310,5585,5540,0,5520,0,0,0,2017-04-19,32433564,5510,74,0,0,0,0,0,0,0,0,5515,62,0,0,0,0,0,0,0,0
68,2017-04-19,09:00:34,77,v1709,XDCE,5515,5505,5520,3986,109886100,164260,163968,5860,5310,5585,5540,0,5520,0,0,0,2017-04-19,32434077,5510,74,0,0,0,0,0,0,0,0,5515,64,0,0,0,0,0,0,0,0
69,2017-04-19,09:00:34,521,v1709,XDCE,5515,5505,5520,3988,109941250,164260,163968,5860,5310,5585,5540,0,5520,0,0,0,2017-04-19,32434521,5510,74,0,0,0,0,0,0,0,0,5515,138,0,0,0,0,0,0,0,0
70,2017-04-19,09:00:35,79,v1709,XDCE,5510,5505,5520,3990,109996350,164262,163968,5860,5310,5585,5540,0,5520,0,0,0,2017-04-19,32435079,5510,77,0,0,0,0,0,0,0,0,5515,121,0,0,0,0,0,0,0,0
71,2017-04-19,09:00:35,560,v1709,XDCE,5510,5505,5520,4004,110382050,164276,163968,5860,5310,5585,5540,0,5520,0,0,0,2017-04-19,32435560,5510,70,0,0,0,0,0,0,0,0,5515,117,0,0,0,0,0,0,0,0
72,2017-04-19,09:00:36,67,v1709,XDCE,5510,5505,5520,4006,110437150,164278,163968,5860,5310,5585,5540,0,5520,0,0,0,2017-04-19,32436067,5510,69,0,0,0,0,0,0,0,0,5515,121,0,0,0,0,0,0,0,0
73,2017-04-19,09:00:36,529,v1709,XDCE,5515,5505,5520,4012,110602600,164272,163968,5860,5310,5585,5540,0,5520,0,0,0,2017-04-19,32436529,5510,60,0,0,0,0,0,0,0,0,5515,131,0,0,0,0,0,0,0,0
74,2017-04-19,09:00:37,75,v1709,XDCE,5510,5505,5520,4132,113908600,164262,163968,5860,5310,5585,5540,0,5520,0,0,0,2017-04-19,32437075,5505,223,0,0,0,0,0,0,0,0,5510,22,0,0,0,0,0,0,0,0
75,2017-04-19,09:00:37,499,v1709,XDCE,5510,5505,5520,4142,114184100,164258,163968,5860,5310,5585,5540,0,5520,0,0,0,2017-04-19,32437499,5505,242,0,0,0,0,0,0,0,0,5510,19,0,0,0,0,0,0,0,0
76,2017-04-19,09:00:38,74,v1709,XDCE,5510,5505,5520,4224,116443200,164278,163968,5860,5310,5585,5540,0,5520,0,0,0,2017-04-19,32438074,5505,216,0,0,0,0,0,0,0,0,5510,37,0,0,0,0,0,0,0,0
77,2017-04-19,09:00:38,549,v1709,XDCE,5505,5505,5520,4226,116498250,164280,163968,5860,5310,5585,5540,0,5520,0,0,0,2017-04-19,32438549,5505,215,0,0,0,0,0,0,0,0,5510,40,0,0,0,0,0,0,0,0
78,2017-04-19,09:00:39,63,v1709,XDCE,5505,5505,5520,4226,116498250,164280,163968,5860,5310,5585,5540,0,5520,0,0,0,2017-04-19,32439063,5505,165,0,0,0,0,0,0,0,0,5510,58,0,0,0,0,0,0,0,0
79,2017-04-19,09:00:39,545,v1709,XDCE,5510,5505,5520,4228,116553350,164280,163968,5860,5310,5585,5540,0,5520,0,0,0,2017-04-19,32439545,5505,165,0,0,0,0,0,0,0,0,5510,157,0,0,0,0,0,0,0,0
80,2017-04-19,09:00:40,15,v1709,XDCE,5505,5505,5520,4298,118480100,164300,163968,5860,5310,5585,5540,0,5520,0,0,0,2017-04-19,32440015,5505,120,0,0,0,0,0,0,0,0,5510,176,0,0,0,0,0,0,0,0
81,2017-04-19,09:00:40,570,v1709,XDCE,5505,5505,5520,4538,125086150,164250,163968,5860,5310,5585,5540,0,5520,0,0,0,2017-04-19,32440570,5500,249,0,0,0,0,0,0,0,0,5510,173,0,0,0,0,0,0,0,0
82,2017-04-19,09:00:41,4,v1709,XDCE,5505,5500,5520,4562,125746500,164266,163968,5860,5310,5585,5540,0,5520,0,0,0,2017-04-19,32441004,5500,250,0,0,0,0,0,0,0,0,5505,119,0,0,0,0,0,0,0,0
83,2017-04-19,09:00:41,516,v1709,XDCE,5505,5500,5520,4594,126626650,164274,163968,5860,5310,5585,5540,0,5520,0,0,0,2017-04-19,32441516,5500,225,0,0,0,0,0,0,0,0,5505,119,0,0,0,0,0,0,0,0
84,2017-04-19,09:00:42,78,v1709,XDCE,5500,5500,5520,4654,128276950,164308,163968,5860,5310,5585,5540,0,5520,0,0,0,2017-04-19,32442078,5500,196,0,0,0,0,0,0,0,0,5505,116,0,0,0,0,0,0,0,0
85,2017-04-19,09:00:42,550,v1709,XDCE,5500,5500,5520,4808,132512300,164326,163968,5860,5310,5585,5540,0,5520,0,0,0,2017-04-19,32442550,5500,128,0,0,0,0,0,0,0,0,5505,108,0,0,0,0,0,0,0,0
86,2017-04-19,09:00:43,62,v1709,XDCE,5500,5500,5520,5068,139662300,164412,163968,5860,5310,5585,5540,0,5520,0,0,0,2017-04-19,32443062,5495,72,0,0,0,0,0,0,0,0,5500,67,0,0,0,0,0,0,0,0
87,2017-04-19,09:00:43,570,v1709,XDCE,5500,5495,5520,5114,140926200,164438,163968,5860,5310,5585,5540,0,5520,0,0,0,2017-04-19,32443570,5495,48,0,0,0,0,0,0,0,0,5500,101,0,0,0,0,0,0,0,0
88,2017-04-19,09:00:44,61,v1709,XDCE,5495,5495,5520,5118,141036100,164434,163968,5860,5310,5585,5540,0,5520,0,0,0,2017-04-19,32444061,5495,86,0,0,0,0,0,0,0,0,5500,105,0,0,0,0,0,0,0,0
89,2017-04-19,09:00:44,567,v1709,XDCE,5500,5495,5520,5136,141530950,164434,163968,5860,5310,5585,5540,0,5520,0,0,0,2017-04-19,32444567,5495,85,0,0,0,0,0,0,0,0,5500,92,0,0,0,0,0,0,0,0
90,2017-04-19,09:00:45,61,v1709,XDCE,5495,5495,5520,5144,141750750,164426,163968,5860,5310,5585,5540,0,5520,0,0,0,2017-04-19,32445061,5495,81,0,0,0,0,0,0,0,0,5500,128,0,0,0,0,0,0,0,0
91,2017-04-19,09:00:45,541,v1709,XDCE,5495,5495,5520,5144,141750750,164426,163968,5860,5310,5585,5540,0,5520,0,0,0,2017-04-19,32445541,5495,96,0,0,0,0,0,0,0,0,5500,130,0,0,0,0,0,0,0,0
92,2017-04-19,09:00:46,33,v1709,XDCE,5495,5495,5520,5148,141860650,164426,163968,5860,5310,5585,5540,0,5520,0,0,0,2017-04-19,32446033,5495,95,0,0,0,0,0,0,0,0,5500,131,0,0,0,0,0,0,0,0
93,2017-04-19,09:00:46,572,v1709,XDCE,5495,5495,5520,5184,142849800,164448,163968,5860,5310,5585,5540,0,5520,0,0,0,2017-04-19,32446572,5495,79,0,0,0,0,0,0,0,0,5500,130,0,0,0,0,0,0,0,0
94,2017-04-19,09:00:47,55,v1709,XDCE,5495,5495,5520,5218,143784750,164448,163968,5860,5310,5585,5540,0,5520,0,0,0,2017-04-19,32447055,5495,79,0,0,0,0,0,0,0,0,5500,114,0,0,0,0,0,0,0,0
95,2017-04-19,09:00:47,575,v1709,XDCE,5500,5495,5520,5230,144114500,164452,163968,5860,5310,5585,5540,0,5520,0,0,0,2017-04-19,32447575,5495,75,0,0,0,0,0,0,0,0,5500,113,0,0,0,0,0,0,0,0
96,2017-04-19,09:00:48,63,v1709,XDCE,5500,5495,5520,5246,144554450,164452,163968,5860,5310,5585,5540,0,5520,0,0,0,2017-04-19,32448063,5495,74,0,0,0,0,0,0,0,0,5500,106,0,0,0,0,0,0,0,0
97,2017-04-19,09:00:48,528,v1709,XDCE,5500,5495,5520,5246,144554450,164452,163968,5860,5310,5585,5540,0,5520,0,0,0,2017-04-19,32448528,5495,75,0,0,0,0,0,0,0,0,5500,109,0,0,0,0,0,0,0,0
98,2017-04-19,09:00:49,77,v1709,XDCE,5500,5495,5520,5246,144554450,164452,163968,5860,5310,5585,5540,0,5520,0,0,0,2017-04-19,32449077,5495,76,0,0,0,0,0,0,0,0,5500,109,0,0,0,0,0,0,0,0
99,2017-04-19,09:00:49,558,v1709,XDCE,5500,5495,5520,5252,144719350,164448,163968,5860,5310,5585,5540,0,5520,0,0,0,2017-04-19,32449558,5495,74,0,0,0,0,0,0,0,0,5500,120,0,0,0,0,0,0,0,0
100,2017-04-19,09:00:50,74,v1709,XDCE,5495,5495,5520,5322,146642850,164380,163968,5860,5310,5585,5540,0,5520,0,0,0,2017-04-19,32450074,5495,41,0,0,0,0,0,0,0,0,5500,115,0,0,0,0,0,0,0,0
101,2017-04-19,09:00:50,565,v1709,XDCE,5495,5495,5520,5408,149005700,164366,163968,5860,5310,5585,5540,0,5520,0,0,0,2017-04-19,32450565,5490,84,0,0,0,0,0,0,0,0,5495,22,0,0,0,0,0,0,0,0
102,2017-04-19,09:00:51,44,v1709,XDCE,5495,5495,5520,5462,150489350,164408,163968,5860,5310,5585,5540,0,5520,0,0,0,2017-04-19,32451044,5495,17,0,0,0,0,0,0,0,0,5500,120,0,0,0,0,0,0,0,0
103,2017-04-19,09:00:51,550,v1709,XDCE,5495,5490,5520,5544,152741800,164448,163968,5860,5310,5585,5540,0,5520,0,0,0,2017-04-19,32451550,5490,103,0,0,0,0,0,0,0,0,5495,62,0,0,0,0,0,0,0,0
104,2017-04-19,09:00:52,59,v1709,XDCE,5495,5490,5520,5544,152741800,164448,163968,5860,5310,5585,5540,0,5520,0,0,0,2017-04-19,32452059,5490,108,0,0,0,0,0,0,0,0,5495,76,0,0,0,0,0,0,0,0
105,2017-04-19,09:00:52,529,v1709,XDCE,5495,5490,5520,5546,152796750,164448,163968,5860,5310,5585,5540,0,5520,0,0,0,2017-04-19,32452529,5490,108,0,0,0,0,0,0,0,0,5495,85,0,0,0,0,0,0,0,0
106,2017-04-19,09:00:53,76,v1709,XDCE,5495,5490,5520,5546,152796750,164448,163968,5860,5310,5585,5540,0,5520,0,0,0,2017-04-19,32453076,5490,79,0,0,0,0,0,0,0,0,5495,98,0,0,0,0,0,0,0,0
107,2017-04-19,09:00:53,564,v1709,XDCE,5495,5490,5520,5576,153620450,164460,163968,5860,5310,5585,5540,0,5520,0,0,0,2017-04-19,32453564,5490,70,0,0,0,0,0,0,0,0,5495,96,0,0,0,0,0,0,0,0
108,2017-04-19,09:00:54,69,v1709,XDCE,5495,5490,5520,5590,154004850,164474,163968,5860,5310,5585,5540,0,5520,0,0,0,2017-04-19,32454069,5490,49,0,0,0,0,0,0,0,0,5495,95,0,0,0,0,0,0,0,0
109,2017-04-19,09:00:54,507,v1709,XDCE,5490,5490,5520,5686,156640300,164512,163968,5860,5310,5585,5540,0,5520,0,0,0,2017-04-19,32454507,5490,20,0,0,0,0,0,0,0,0,5495,90,0,0,0,0,0,0,0,0
110,2017-04-19,09:00:55,30,v1709,XDCE,5490,5485,5520,5844,160974700,164458,163968,5860,5310,5585,5540,0,5520,0,0,0,2017-04-19,32455030,5485,93,0,0,0,0,0,0,0,0,5490,1,0,0,0,0,0,0,0,0
111,2017-04-19,09:00:55,562,v1709,XDCE,5485,5485,5520,5880,161962300,164464,163968,5860,5310,5585,5540,0,5520,0,0,0,2017-04-19,32455562,5485,80,0,0,0,0,0,0,0,0,5490,4,0,0,0,0,0,0,0,0
112,2017-04-19,09:00:56,72,v1709,XDCE,5490,5485,5520,5908,162731050,164450,163968,5860,5310,5585,5540,0,5520,0,0,0,2017-04-19,32456072,5490,19,0,0,0,0,0,0,0,0,5495,89,0,0,0,0,0,0,0,0
113,2017-04-19,09:00:56,562,v1709,XDCE,5490,5485,5520,5928,163280250,164442,163968,5860,5310,5585,5540,0,5520,0,0,0,2017-04-19,32456562,5490,49,0,0,0,0,0,0,0,0,5495,83,0,0,0,0,0,0,0,0
114,2017-04-19,09:00:57,78,v1709,XDCE,5495,5485,5520,5930,163335200,164444,163968,5860,5310,5585,5540,0,5520,0,0,0,2017-04-19,32457078,5490,60,0,0,0,0,0,0,0,0,5495,92,0,0,0,0,0,0,0,0
115,2017-04-19,09:00:57,543,v1709,XDCE,5495,5485,5520,5936,163500050,164450,163968,5860,5310,5585,5540,0,5520,0,0,0,2017-04-19,32457543,5490,66,0,0,0,0,0,0,0,0,5495,90,0,0,0,0,0,0,0,0
116,2017-04-19,09:00:58,71,v1709,XDCE,5490,5485,5520,5938,163554950,164450,163968,5860,5310,5585,5540,0,5520,0,0,0,2017-04-19,32458071,5490,79,0,0,0,0,0,0,0,0,5495,80,0,0,0,0,0,0,0,0
117,2017-04-19,09:00:58,568,v1709,XDCE,5495,5485,5520,5952,163939600,164458,163968,5860,5310,5585,5540,0,5520,0,0,0,2017-04-19,32458568,5490,77,0,0,0,0,0,0,0,0,5495,73,0,0,0,0,0,0,0,0
118,2017-04-19,09:00:59,76,v1709,XDCE,5495,5485,5520,6102,168060850,164512,163968,5860,5310,5585,5540,0,5520,0,0,0,2017-04-19,32459076,5495,61,0,0,0,0,0,0,0,0,5500,151,0,0,0,0,0,0,0,0
119,2017-04-19,09:00:59,566,v1709,XDCE,5495,5485,5520,6114,168390550,164506,163968,5860,5310,5585,5540,0,5520,0,0,0,2017-04-19,32459566,5495,57,0,0,0,0,0,0,0,0,5500,150,0,0,0,0,0,0,0,0
120,2017-04-19,09:01:00,52,v1709,XDCE,5495,5485,5520,6118,168500450,164504,163968,5860,5310,5585,5540,0,5520,0,0,0,2017-04-19,32460052,5495,62,0,0,0,0,0,0,0,0,5500,149,0,0,0,0,0,0,0,0
121,2017-04-19,09:01:00,566,v1709,XDCE,5495,5485,5520,6160,169654400,164534,163968,5860,5310,5585,5540,0,5520,0,0,0,2017-04-19,32460566,5495,53,0,0,0,0,0,0,0,0,5500,148,0,0,0,0,0,0,0,0
122,2017-04-19,09:01:01,49,v1709,XDCE,5495,5485,5520,6162,169709350,164532,163968,5860,5310,5585,5540,0,5520,0,0,0,2017-04-19,32461049,5495,52,0,0,0,0,0,0,0,0,5500,148,0,0,0,0,0,0,0,0
123,2017-04-19,09:01:02,39,v1709,XDCE,5495,5485,5520,6162,169709350,164532,163968,5860,5310,5585,5540,0,5520,0,0,0,2017-04-19,32462039,5495,52,0,0,0,0,0,0,0,0,5500,149,0,0,0,0,0,0,0,0
124,2017-04-19,09:01:02,558,v1709,XDCE,5500,5485,5520,6248,172074100,164534,163968,5860,5310,5585,5540,0,5520,0,0,0,2017-04-19,32462558,5495,49,0,0,0,0,0,0,0,0,5500,113,0,0,0,0,0,0,0,0
125,2017-04-19,09:01:03,80,v1709,XDCE,5495,5485,5520,6278,172898750,164526,163968,5860,5310,5585,5540,0,5520,0,0,0,2017-04-19,32463080,5495,41,0,0,0,0,0,0,0,0,5500,106,0,0,0,0,0,0,0,0
126,2017-04-19,09:01:03,568,v1709,XDCE,5500,5485,5520,6280,172953750,164526,163968,5860,5310,5585,5540,0,5520,0,0,0,2017-04-19,32463568,5495,51,0,0,0,0,0,0,0,0,5500,89,0,0,0,0,0,0,0,0
127,2017-04-19,09:01:04,53,v1709,XDCE,5495,5485,5520,6288,173173550,164528,163968,5860,5310,5585,5540,0,5520,0,0,0,2017-04-19,32464053,5495,47,0,0,0,0,0,0,0,0,5500,99,0,0,0,0,0,0,0,0
128,2017-04-19,09:01:04,567,v1709,XDCE,5500,5485,5520,6318,173998550,164502,163968,5860,5310,5585,5540,0,5520,0,0,0,2017-04-19,32464567,5495,82,0,0,0,0,0,0,0,0,5500,93,0,0,0,0,0,0,0,0
129,2017-04-19,09:01:05,49,v1709,XDCE,5500,5485,5520,6340,174603500,164488,163968,5860,5310,5585,5540,0,5520,0,0,0,2017-04-19,32465049,5495,82,0,0,0,0,0,0,0,0,5500,93,0,0,0,0,0,0,0,0
130,2017-04-19,09:01:05,579,v1709,XDCE,5495,5485,5520,6342,174658450,164488,163968,5860,5310,5585,5540,0,5520,0,0,0,2017-04-19,32465579,5495,81,0,0,0,0,0,0,0,0,5500,94,0,0,0,0,0,0,0,0
131,2017-04-19,09:01:06,5,v1709,XDCE,5495,5485,5520,6350,174878250,164492,163968,5860,5310,5585,5540,0,5520,0,0,0,2017-04-19,32466005,5495,78,0,0,0,0,0,0,0,0,5500,95,0,0,0,0,0,0,0,0
132,2017-04-19,09:01:06,539,v1709,XDCE,5500,5485,5520,6354,174988250,164490,163968,5860,5310,5585,5540,0,5520,0,0,0,2017-04-19,32466539,5495,90,0,0,0,0,0,0,0,0,5500,91,0,0,0,0,0,0,0,0
133,2017-04-19,09:01:07,40,v1709,XDCE,5500,5485,5520,6368,175373250,164494,163968,5860,5310,5585,5540,0,5520,0,0,0,2017-04-19,32467040,5495,90,0,0,0,0,0,0,0,0,5500,85,0,0,0,0,0,0,0,0
134,2017-04-19,09:01:07,562,v1709,XDCE,5500,5485,5520,6376,175593250,164492,163968,5860,5310,5585,5540,0,5520,0,0,0,2017-04-19,32467562,5495,91,0,0,0,0,0,0,0,0,5500,79,0,0,0,0,0,0,0,0
135,2017-04-19,09:01:08,68,v1709,XDCE,5500,5485,5520,6376,175593250,164492,163968,5860,5310,5585,5540,0,5520,0,0,0,2017-04-19,32468068,5495,93,0,0,0,0,0,0,0,0,5500,80,0,0,0,0,0,0,0,0
136,2017-04-19,09:01:09,40,v1709,XDCE,5500,5485,5520,6386,175868250,164500,163968,5860,5310,5585,5540,0,5520,0,0,0,2017-04-19,32469040,5495,93,0,0,0,0,0,0,0,0,5500,85,0,0,0,0,0,0,0,0
137,2017-04-19,09:01:09,580,v1709,XDCE,5500,5485,5520,6388,175923250,164502,163968,5860,5310,5585,5540,0,5520,0,0,0,2017-04-19,32469580,5495,93,0,0,0,0,0,0,0,0,5500,89,0,0,0,0,0,0,0,0
138,2017-04-19,09:01:10,60,v1709,XDCE,5495,5485,5520,6394,176088100,164508,163968,5860,5310,5585,5540,0,5520,0,0,0,2017-04-19,32470060,5495,95,0,0,0,0,0,0,0,0,5500,89,0,0,0,0,0,0,0,0
139,2017-04-19,09:01:10,454,v1709,XDCE,5500,5485,5520,6396,176143100,164510,163968,5860,5310,5585,5540,0,5520,0,0,0,2017-04-19,32470454,5495,96,0,0,0,0,0,0,0,0,5500,89,0,0,0,0,0,0,0,0
140,2017-04-19,09:01:10,862,v1709,XDCE,5500,5485,5520,6398,176198100,164512,163968,5860,5310,5585,5540,0,5520,0,0,0,2017-04-19,32470862,5495,169,0,0,0,0,0,0,0,0,5500,88,0,0,0,0,0,0,0,0
141,2017-04-19,09:01:11,552,v1709,XDCE,5500,5485,5520,6494,178838100,164516,163968,5860,5310,5585,5540,0,5520,0,0,0,2017-04-19,32471552,5495,169,0,0,0,0,0,0,0,0,5500,40,0,0,0,0,0,0,0,0
142,2017-04-19,09:01:11,868,v1709,XDCE,5500,5485,5520,6578,181148100,164554,163968,5860,5310,5585,5540,0,5520,0,0,0,2017-04-19,32471868,5500,92,0,0,0,0,0,0,0,0,5505,129,0,0,0,0,0,0,0,0
143,2017-04-19,09:01:12,469,v1709,XDCE,5505,5485,5520,6580,181203150,164554,163968,5860,5310,5585,5540,0,5520,0,0,0,2017-04-19,32472469,5500,197,0,0,0,0,0,0,0,0,5505,127,0,0,0,0,0,0,0,0
144,2017-04-19,09:01:13,79,v1709,XDCE,5500,5485,5520,6610,182028850,164576,163968,5860,5310,5585,5540,0,5520,0,0,0,2017-04-19,32473079,5500,274,0,0,0,0,0,0,0,0,5505,113,0,0,0,0,0,0,0,0
145,2017-04-19,09:01:13,567,v1709,XDCE,5505,5485,5520,6820,187809100,164666,163968,5860,5310,5585,5540,0,5520,0,0,0,2017-04-19,32473567,5500,258,0,0,0,0,0,0,0,0,5505,3,0,0,0,0,0,0,0,0
146,2017-04-19,09:01:14,18,v1709,XDCE,5510,5485,5520,6846,188525250,164664,163968,5860,5310,5585,5540,0,5520,0,0,0,2017-04-19,32474018,5505,62,0,0,0,0,0,0,0,0,5510,252,0,0,0,0,0,0,0,0
147,2017-04-19,09:01:14,526,v1709,XDCE,5510,5485,5520,6870,189186450,164664,163968,5860,5310,5585,5540,0,5520,0,0,0,2017-04-19,32474526,5505,72,0,0,0,0,0,0,0,0,5510,226,0,0,0,0,0,0,0,0
148,2017-04-19,09:01:15,75,v1709,XDCE,5510,5485,5520,6870,189186450,164664,163968,5860,5310,5585,5540,0,5520,0,0,0,2017-04-19,32475075,5505,80,0,0,0,0,0,0,0,0,5510,227,0,0,0,0,0,0,0,0
149,2017-04-19,09:01:15,524,v1709,XDCE,5510,5485,5520,6870,189186450,164664,163968,5860,5310,5585,5540,0,5520,0,0,0,2017-04-19,32475524,5505,90,0,0,0,0,0,0,0,0,5510,212,0,0,0,0,0,0,0,0
150,2017-04-19,09:01:16,53,v1709,XDCE,5510,5485,5520,6870,189186450,164664,163968,5860,5310,5585,5540,0,5520,0,0,0,2017-04-19,32476053,5505,102,0,0,0,0,0,0,0,0,5510,202,0,0,0,0,0,0,0,0
151,2017-04-19,09:01:16,513,v1709,XDCE,5510,5485,5520,6882,189516800,164676,163968,5860,5310,5585,5540,0,5520,0,0,0,2017-04-19,32476513,5505,97,0,0,0,0,0,0,0,0,5510,202,0,0,0,0,0,0,0,0
152,2017-04-19,09:01:17,79,v1709,XDCE,5510,5485,5520,6884,189571900,164678,163968,5860,5310,5585,5540,0,5520,0,0,0,2017-04-19,32477079,5505,65,0,0,0,0,0,0,0,0,5510,230,0,0,0,0,0,0,0,0
153,2017-04-19,09:01:17,405,v1709,XDCE,5505,5485,5520,6886,189626950,164680,163968,5860,5310,5585,5540,0,5520,0,0,0,2017-04-19,32477405,5505,64,0,0,0,0,0,0,0,0,5510,236,0,0,0,0,0,0,0,0
154,2017-04-19,09:01:18,80,v1709,XDCE,5510,5485,5520,6892,189792250,164682,163968,5860,5310,5585,5540,0,5520,0,0,0,2017-04-19,32478080,5505,64,0,0,0,0,0,0,0,0,5510,161,0,0,0,0,0,0,0,0
155,2017-04-19,09:01:18,575,v1709,XDCE,5505,5485,5520,6904,190122550,164682,163968,5860,5310,5585,5540,0,5520,0,0,0,2017-04-19,32478575,5505,63,0,0,0,0,0,0,0,0,5510,161,0,0,0,0,0,0,0,0
156,2017-04-19,09:01:19,66,v1709,XDCE,5510,5485,5520,6906,190177650,164684,163968,5860,5310,5585,5540,0,5520,0,0,0,2017-04-19,32479066,5505,63,0,0,0,0,0,0,0,0,5510,236,0,0,0,0,0,0,0,0
157,2017-04-19,09:01:19,560,v1709,XDCE,5510,5485,5520,7158,197120250,164744,163968,5860,5310,5585,5540,0,5520,0,0,0,2017-04-19,32479560,5505,61,0,0,0,0,0,0,0,0,5510,108,0,0,0,0,0,0,0,0
158,2017-04-19,09:01:20,24,v1709,XDCE,5505,5485,5520,7162,197230350,164744,163968,5860,5310,5585,5540,0,5520,0,0,0,2017-04-19,32480024,5505,62,0,0,0,0,0,0,0,0,5510,108,0,0,0,0,0,0,0,0
159,2017-04-19,09:01:20,559,v1709,XDCE,5505,5485,5520,7162,197230350,164744,163968,5860,5310,5585,5540,0,5520,0,0,0,2017-04-19,32480559,5505,71,0,0,0,0,0,0,0,0,5510,134,0,0,0,0,0,0,0,0
160,2017-04-19,09:01:21,24,v1709,XDCE,5505,5485,5520,7162,197230350,164744,163968,5860,5310,5585,5540,0,5520,0,0,0,2017-04-19,32481024,5505,64,0,0,0,0,0,0,0,0,5510,136,0,0,0,0,0,0,0,0
161,2017-04-19,09:01:21,578,v1709,XDCE,5510,5485,5520,7276,200371050,164698,163968,5860,5310,5585,5540,0,5520,0,0,0,2017-04-19,32481578,5505,64,0,0,0,0,0,0,0,0,5510,80,0,0,0,0,0,0,0,0
162,2017-04-19,09:01:22,49,v1709,XDCE,5510,5485,5520,7280,200481200,164702,163968,5860,5310,5585,5540,0,5520,0,0,0,2017-04-19,32482049,5505,76,0,0,0,0,0,0,0,0,5510,77,0,0,0,0,0,0,0,0
163,2017-04-19,09:01:23,75,v1709,XDCE,5510,5485,5520,7280,200481200,164702,163968,5860,5310,5585,5540,0,5520,0,0,0,2017-04-19,32483075,5505,87,0,0,0,0,0,0,0,0,5510,40,0,0,0,0,0,0,0,0
164,2017-04-19,09:01:23,525,v1709,XDCE,5510,5485,5520,7360,202685200,164706,163968,5860,5310,5585,5540,0,5520,0,0,0,2017-04-19,32483525,5510,22,0,0,0,0,0,0,0,0,5515,166,0,0,0,0,0,0,0,0
165,2017-04-19,09:01:24,80,v1709,XDCE,5510,5485,5520,7440,204889200,164778,163968,5860,5310,5585,5540,0,5520,0,0,0,2017-04-19,32484080,5510,3,0,0,0,0,0,0,0,0,5515,140,0,0,0,0,0,0,0,0
166,2017-04-19,09:01:24,543,v1709,XDCE,5510,5485,5520,7446,205054500,164778,163968,5860,5310,5585,5540,0,5520,0,0,0,2017-04-19,32484543,5505,135,0,0,0,0,0,0,0,0,5510,20,0,0,0,0,0,0,0,0
167,2017-04-19,09:01:25,27,v1709,XDCE,5505,5485,5520,7456,205329750,164788,163968,5860,5310,5585,5540,0,5520,0,0,0,2017-04-19,32485027,5505,130,0,0,0,0,0,0,0,0,5510,111,0,0,0,0,0,0,0,0
168,2017-04-19,09:01:25,553,v1709,XDCE,5505,5485,5520,7456,205329750,164788,163968,5860,5310,5585,5540,0,5520,0,0,0,2017-04-19,32485553,5505,124,0,0,0,0,0,0,0,0,5510,121,0,0,0,0,0,0,0,0
169,2017-04-19,09:01:26,79,v1709,XDCE,5510,5485,5520,7458,205384850,164790,163968,5860,5310,5585,5540,0,5520,0,0,0,2017-04-19,32486079,5505,124,0,0,0,0,0,0,0,0,5510,132,0,0,0,0,0,0,0,0
170,2017-04-19,09:01:26,563,v1709,XDCE,5510,5485,5520,7460,205439950,164792,163968,5860,5310,5585,5540,0,5520,0,0,0,2017-04-19,32486563,5505,124,0,0,0,0,0,0,0,0,5510,131,0,0,0,0,0,0,0,0
171,2017-04-19,09:01:26,987,v1709,XDCE,5510,5485,5520,7460,205439950,164792,163968,5860,5310,5585,5540,0,5520,0,0,0,2017-04-19,32486987,5505,126,0,0,0,0,0,0,0,0,5510,131,0,0,0,0,0,0,0,0
172,2017-04-19,09:01:27,549,v1709,XDCE,5510,5485,5520,7476,205880750,164808,163968,5860,5310,5585,5540,0,5520,0,0,0,2017-04-19,32487549,5505,126,0,0,0,0,0,0,0,0,5510,123,0,0,0,0,0,0,0,0
173,2017-04-19,09:01:28,32,v1709,XDCE,5510,5485,5520,7476,205880750,164808,163968,5860,5310,5585,5540,0,5520,0,0,0,2017-04-19,32488032,5505,156,0,0,0,0,0,0,0,0,5510,116,0,0,0,0,0,0,0,0
174,2017-04-19,09:01:28,553,v1709,XDCE,5510,5485,5520,7478,205935850,164810,163968,5860,5310,5585,5540,0,5520,0,0,0,2017-04-19,32488553,5505,156,0,0,0,0,0,0,0,0,5510,116,0,0,0,0,0,0,0,0
175,2017-04-19,09:01:29,551,v1709,XDCE,5510,5485,5520,7480,205990950,164812,163968,5860,5310,5585,5540,0,5520,0,0,0,2017-04-19,32489551,5505,157,0,0,0,0,0,0,0,0,5510,114,0,0,0,0,0,0,0,0
176,2017-04-19,09:01:30,44,v1709,XDCE,5510,5485,5520,7480,205990950,164812,163968,5860,5310,5585,5540,0,5520,0,0,0,2017-04-19,32490044,5505,157,0,0,0,0,0,0,0,0,5510,126,0,0,0,0,0,0,0,0
177,2017-04-19,09:01:30,540,v1709,XDCE,5510,5485,5520,7580,208745950,164842,163968,5860,5310,5585,5540,0,5520,0,0,0,2017-04-19,32490540,5505,157,0,0,0,0,0,0,0,0,5510,76,0,0,0,0,0,0,0,0
178,2017-04-19,09:01:31,546,v1709,XDCE,5510,5485,5520,7680,211500950,164844,163968,5860,5310,5585,5540,0,5520,0,0,0,2017-04-19,32491546,5505,158,0,0,0,0,0,0,0,0,5510,27,0,0,0,0,0,0,0,0
179,2017-04-19,09:01:31,952,v1709,XDCE,5510,5485,5520,7742,213209050,164808,163968,5860,5310,5585,5540,0,5520,0,0,0,2017-04-19,32491952,5510,81,0,0,0,0,0,0,0,0,5515,142,0,0,0,0,0,0,0,0
180,2017-04-19,09:01:32,540,v1709,XDCE,5510,5485,5520,7750,213429450,164802,163968,5860,5310,5585,5540,0,5520,0,0,0,2017-04-19,32492540,5510,82,0,0,0,0,0,0,0,0,5515,140,0,0,0,0,0,0,0,0
181,2017-04-19,09:01:33,6,v1709,XDCE,5515,5485,5520,7754,213539700,164800,163968,5860,5310,5585,5540,0,5520,0,0,0,2017-04-19,32493006,5510,90,0,0,0,0,0,0,0,0,5515,139,0,0,0,0,0,0,0,0
182,2017-04-19,09:01:33,450,v1709,XDCE,5515,5485,5520,7754,213539700,164800,163968,5860,5310,5585,5540,0,5520,0,0,0,2017-04-19,32493450,5510,91,0,0,0,0,0,0,0,0,5515,145,0,0,0,0,0,0,0,0
183,2017-04-19,09:01:34,64,v1709,XDCE,5515,5485,5520,7754,213539700,164800,163968,5860,5310,5585,5540,0,5520,0,0,0,2017-04-19,32494064,5510,93,0,0,0,0,0,0,0,0,5515,145,0,0,0,0,0,0,0,0
184,2017-04-19,09:01:34,503,v1709,XDCE,5515,5485,5520,7754,213539700,164800,163968,5860,5310,5585,5540,0,5520,0,0,0,2017-04-19,32494503,5510,94,0,0,0,0,0,0,0,0,5515,125,0,0,0,0,0,0,0,0
185,2017-04-19,09:01:35,34,v1709,XDCE,5510,5485,5520,7760,213705000,164794,163968,5860,5310,5585,5540,0,5520,0,0,0,2017-04-19,32495034,5510,91,0,0,0,0,0,0,0,0,5515,125,0,0,0,0,0,0,0,0
186,2017-04-19,09:01:35,574,v1709,XDCE,5510,5485,5520,7884,217121200,164872,163968,5860,5310,5585,5540,0,5520,0,0,0,2017-04-19,32495574,5510,32,0,0,0,0,0,0,0,0,5515,119,0,0,0,0,0,0,0,0
187,2017-04-19,09:01:36,51,v1709,XDCE,5510,5485,5520,7954,219049700,164910,163968,5860,5310,5585,5540,0,5520,0,0,0,2017-04-19,32496051,5505,162,0,0,0,0,0,0,0,0,5510,110,0,0,0,0,0,0,0,0
188,2017-04-19,09:01:36,375,v1709,XDCE,5510,5485,5520,7956,219104800,164912,163968,5860,5310,5585,5540,0,5520,0,0,0,2017-04-19,32496375,5505,162,0,0,0,0,0,0,0,0,5510,112,0,0,0,0,0,0,0,0
189,2017-04-19,09:01:37,9,v1709,XDCE,5510,5485,5520,8042,221473150,164960,163968,5860,5310,5585,5540,0,5520,0,0,0,2017-04-19,32497009,5505,143,0,0,0,0,0,0,0,0,5510,138,0,0,0,0,0,0,0,0
190,2017-04-19,09:01:37,478,v1709,XDCE,5510,5485,5520,8086,222685150,164950,163968,5860,5310,5585,5540,0,5520,0,0,0,2017-04-19,32497478,5505,131,0,0,0,0,0,0,0,0,5510,120,0,0,0,0,0,0,0,0
191,2017-04-19,09:01:38,50,v1709,XDCE,5510,5485,5520,8092,222850450,164952,163968,5860,5310,5585,5540,0,5520,0,0,0,2017-04-19,32498050,5505,131,0,0,0,0,0,0,0,0,5510,117,0,0,0,0,0,0,0,0
192,2017-04-19,09:01:38,551,v1709,XDCE,5510,5485,5520,8136,224062650,164924,163968,5860,5310,5585,5540,0,5520,0,0,0,2017-04-19,32498551,5505,130,0,0,0,0,0,0,0,0,5510,95,0,0,0,0,0,0,0,0
193,2017-04-19,09:01:39,22,v1709,XDCE,5510,5485,5520,8136,224062650,164924,163968,5860,5310,5585,5540,0,5520,0,0,0,2017-04-19,32499022,5505,131,0,0,0,0,0,0,0,0,5510,95,0,0,0,0,0,0,0,0
194,2017-04-19,09:01:39,492,v1709,XDCE,5510,5485,5520,8136,224062650,164924,163968,5860,5310,5585,5540,0,5520,0,0,0,2017-04-19,32499492,5505,132,0,0,0,0,0,0,0,0,5510,95,0,0,0,0,0,0,0,0
195,2017-04-19,09:01:40,66,v1709,XDCE,5510,5485,5520,8136,224062650,164924,163968,5860,5310,5585,5540,0,5520,0,0,0,2017-04-19,32500066,5505,133,0,0,0,0,0,0,0,0,5510,100,0,0,0,0,0,0,0,0
196,2017-04-19,09:01:40,571,v1709,XDCE,5510,5485,5520,8136,224062650,164924,163968,5860,5310,5585,5540,0,5520,0,0,0,2017-04-19,32500571,5505,133,0,0,0,0,0,0,0,0,5510,125,0,0,0,0,0,0,0,0
197,2017-04-19,09:01:41,558,v1709,XDCE,5505,5485,5520,8140,224172750,164928,163968,5860,5310,5585,5540,0,5520,0,0,0,2017-04-19,32501558,5505,132,0,0,0,0,0,0,0,0,5510,133,0,0,0,0,0,0,0,0
198,2017-04-19,09:01:42,55,v1709,XDCE,5510,5485,5520,8148,224393150,164920,163968,5860,5310,5585,5540,0,5520,0,0,0,2017-04-19,32502055,5505,114,0,0,0,0,0,0,0,0,5510,130,0,0,0,0,0,0,0,0
199,2017-04-19,09:01:42,558,v1709,XDCE,5510,5485,5520,8154,224558450,164922,163968,5860,5310,5585,5540,0,5520,0,0,0,2017-04-19,32502558,5505,114,0,0,0,0,0,0,0,0,5510,128,0,0,0,0,0,0,0,0
200,2017-04-19,09:01:43,63,v1709,XDCE,5505,5485,5520,8158,224668600,164924,163968,5860,5310,5585,5540,0,5520,0,0,0,2017-04-19,32503063,5505,112,0,0,0,0,0,0,0,0,5510,128,0,0,0,0,0,0,0,0
201,2017-04-19,09:01:43,576,v1709,XDCE,5505,5485,5520,8158,224668600,164924,163968,5860,5310,5585,5540,0,5520,0,0,0,2017-04-19,32503576,5505,111,0,0,0,0,0,0,0,0,5510,129,0,0,0,0,0,0,0,0
202,2017-04-19,09:01:44,36,v1709,XDCE,5510,5485,5520,8160,224723700,164926,163968,5860,5310,5585,5540,0,5520,0,0,0,2017-04-19,32504036,5505,111,0,0,0,0,0,0,0,0,5510,128,0,0,0,0,0,0,0,0
203,2017-04-19,09:01:44,361,v1709,XDCE,5510,5485,5520,8160,224723700,164926,163968,5860,5310,5585,5540,0,5520,0,0,0,2017-04-19,32504361,5505,110,0,0,0,0,0,0,0,0,5510,128,0,0,0,0,0,0,0,0
204,2017-04-19,09:01:45,64,v1709,XDCE,5510,5485,5520,8196,225714750,164940,163968,5860,5310,5585,5540,0,5520,0,0,0,2017-04-19,32505064,5505,94,0,0,0,0,0,0,0,0,5510,126,0,0,0,0,0,0,0,0
205,2017-04-19,09:01:45,531,v1709,XDCE,5505,5485,5520,8206,225990000,164932,163968,5860,5310,5585,5540,0,5520,0,0,0,2017-04-19,32505531,5505,89,0,0,0,0,0,0,0,0,5510,122,0,0,0,0,0,0,0,0
206,2017-04-19,09:01:46,73,v1709,XDCE,5505,5485,5520,8208,226045050,164932,163968,5860,5310,5585,5540,0,5520,0,0,0,2017-04-19,32506073,5505,88,0,0,0,0,0,0,0,0,5510,114,0,0,0,0,0,0,0,0
207,2017-04-19,09:01:46,531,v1709,XDCE,5505,5485,5520,8208,226045050,164932,163968,5860,5310,5585,5540,0,5520,0,0,0,2017-04-19,32506531,5505,89,0,0,0,0,0,0,0,0,5510,119,0,0,0,0,0,0,0,0
208,2017-04-19,09:01:47,26,v1709,XDCE,5505,5485,5520,8210,226100100,164932,163968,5860,5310,5585,5540,0,5520,0,0,0,2017-04-19,32507026,5505,88,0,0,0,0,0,0,0,0,5510,119,0,0,0,0,0,0,0,0
209,2017-04-19,09:01:48,78,v1709,XDCE,5510,5485,5520,8212,226155200,164932,163968,5860,5310,5585,5540,0,5520,0,0,0,2017-04-19,32508078,5505,89,0,0,0,0,0,0,0,0,5510,118,0,0,0,0,0,0,0,0
210,2017-04-19,09:01:48,517,v1709,XDCE,5510,5485,5520,8212,226155200,164932,163968,5860,5310,5585,5540,0,5520,0,0,0,2017-04-19,32508517,5505,99,0,0,0,0,0,0,0,0,5510,118,0,0,0,0,0,0,0,0
211,2017-04-19,09:01:49,71,v1709,XDCE,5510,5485,5520,8336,229571150,164914,163968,5860,5310,5585,5540,0,5520,0,0,0,2017-04-19,32509071,5505,104,0,0,0,0,0,0,0,0,5510,57,0,0,0,0,0,0,0,0
212,2017-04-19,09:01:49,543,v1709,XDCE,5510,5485,5520,8338,229626250,164914,163968,5860,5310,5585,5540,0,5520,0,0,0,2017-04-19,32509543,5505,105,0,0,0,0,0,0,0,0,5510,56,0,0,0,0,0,0,0,0
213,2017-04-19,09:01:50,72,v1709,XDCE,5505,5485,5520,8348,229901500,164924,163968,5860,5310,5585,5540,0,5520,0,0,0,2017-04-19,32510072,5505,100,0,0,0,0,0,0,0,0,5510,56,0,0,0,0,0,0,0,0
214,2017-04-19,09:01:50,491,v1709,XDCE,5510,5485,5520,8350,229956600,164926,163968,5860,5310,5585,5540,0,5520,0,0,0,2017-04-19,32510491,5505,103,0,0,0,0,0,0,0,0,5510,55,0,0,0,0,0,0,0,0
215,2017-04-19,09:01:51,567,v1709,XDCE,5510,5485,5520,8352,230011700,164926,163968,5860,5310,5585,5540,0,5520,0,0,0,2017-04-19,32511567,5505,103,0,0,0,0,0,0,0,0,5510,54,0,0,0,0,0,0,0,0
216,2017-04-19,09:01:52,9,v1709,XDCE,5510,5485,5520,8356,230121850,164928,163968,5860,5310,5585,5540,0,5520,0,0,0,2017-04-19,32512009,5505,107,0,0,0,0,0,0,0,0,5510,54,0,0,0,0,0,0,0,0
217,2017-04-19,09:01:52,529,v1709,XDCE,5510,5485,5520,8360,230232050,164928,163968,5860,5310,5585,5540,0,5520,0,0,0,2017-04-19,32512529,5505,107,0,0,0,0,0,0,0,0,5510,64,0,0,0,0,0,0,0,0
218,2017-04-19,09:01:53,45,v1709,XDCE,5505,5485,5520,8380,230782550,164948,163968,5860,5310,5585,5540,0,5520,0,0,0,2017-04-19,32513045,5505,98,0,0,0,0,0,0,0,0,5510,64,0,0,0,0,0,0,0,0
219,2017-04-19,09:01:53,479,v1709,XDCE,5505,5485,5520,8380,230782550,164948,163968,5860,5310,5585,5540,0,5520,0,0,0,2017-04-19,32513479,5505,108,0,0,0,0,0,0,0,0,5510,64,0,0,0,0,0,0,0,0
220,2017-04-19,09:01:54,40,v1709,XDCE,5505,5485,5520,8382,230837600,164948,163968,5860,5310,5585,5540,0,5520,0,0,0,2017-04-19,32514040,5505,108,0,0,0,0,0,0,0,0,5510,64,0,0,0,0,0,0,0,0
221,2017-04-19,09:01:54,527,v1709,XDCE,5510,5485,5520,8388,231002900,164954,163968,5860,5310,5585,5540,0,5520,0,0,0,2017-04-19,32514527,5505,108,0,0,0,0,0,0,0,0,5510,61,0,0,0,0,0,0,0,0
222,2017-04-19,09:01:55,80,v1709,XDCE,5510,5485,5520,8388,231002900,164954,163968,5860,5310,5585,5540,0,5520,0,0,0,2017-04-19,32515080,5505,112,0,0,0,0,0,0,0,0,5510,61,0,0,0,0,0,0,0,0
223,2017-04-19,09:01:55,573,v1709,XDCE,5510,5485,5520,8388,231002900,164954,163968,5860,5310,5585,5540,0,5520,0,0,0,2017-04-19,32515573,5505,112,0,0,0,0,0,0,0,0,5510,66,0,0,0,0,0,0,0,0
224,2017-04-19,09:01:57,48,v1709,XDCE,5510,5485,5520,8388,231002900,164954,163968,5860,5310,5585,5540,0,5520,0,0,0,2017-04-19,32517048,5505,111,0,0,0,0,0,0,0,0,5510,66,0,0,0,0,0,0,0,0
225,2017-04-19,09:01:57,499,v1709,XDCE,5510,5485,5520,8396,231223300,164958,163968,5860,5310,5585,5540,0,5520,0,0,0,2017-04-19,32517499,5505,113,0,0,0,0,0,0,0,0,5510,62,0,0,0,0,0,0,0,0
226,2017-04-19,09:01:58,9,v1709,XDCE,5510,5485,5520,8396,231223300,164958,163968,5860,5310,5585,5540,0,5520,0,0,0,2017-04-19,32518009,5505,113,0,0,0,0,0,0,0,0,5510,71,0,0,0,0,0,0,0,0
227,2017-04-19,09:01:58,558,v1709,XDCE,5510,5485,5520,8396,231223300,164958,163968,5860,5310,5585,5540,0,5520,0,0,0,2017-04-19,32518558,5505,123,0,0,0,0,0,0,0,0,5510,71,0,0,0,0,0,0,0,0
228,2017-04-19,09:01:58,881,v1709,XDCE,5505,5485,5520,8398,231278350,164960,163968,5860,5310,5585,5540,0,5520,0,0,0,2017-04-19,32518881,5505,124,0,0,0,0,0,0,0,0,5510,72,0,0,0,0,0,0,0,0
229,2017-04-19,09:01:59,539,v1709,XDCE,5505,5485,5520,8398,231278350,164960,163968,5860,5310,5585,5540,0,5520,0,0,0,2017-04-19,32519539,5505,124,0,0,0,0,0,0,0,0,5510,73,0,0,0,0,0,0,0,0
230,2017-04-19,09:02:00,57,v1709,XDCE,5510,5485,5520,8400,231333450,164962,163968,5860,5310,5585,5540,0,5520,0,0,0,2017-04-19,32520057,5505,124,0,0,0,0,0,0,0,0,5510,72,0,0,0,0,0,0,0,0
231,2017-04-19,09:02:00,577,v1709,XDCE,5510,5485,5520,8546,235355700,165014,163968,5860,5310,5585,5540,0,5520,0,0,0,2017-04-19,32520577,5510,129,0,0,0,0,0,0,0,0,5515,131,0,0,0,0,0,0,0,0
232,2017-04-19,09:02:01,13,v1709,XDCE,5515,5485,5520,8554,235576150,165022,163968,5860,5310,5585,5540,0,5520,0,0,0,2017-04-19,32521013,5510,139,0,0,0,0,0,0,0,0,5515,115,0,0,0,0,0,0,0,0
233,2017-04-19,09:02:01,495,v1709,XDCE,5515,5485,5520,8556,235631300,165020,163968,5860,5310,5585,5540,0,5520,0,0,0,2017-04-19,32521495,5510,139,0,0,0,0,0,0,0,0,5515,113,0,0,0,0,0,0,0,0
234,2017-04-19,09:02:02,32,v1709,XDCE,5515,5485,5520,8556,235631300,165020,163968,5860,5310,5585,5540,0,5520,0,0,0,2017-04-19,32522032,5510,141,0,0,0,0,0,0,0,0,5515,113,0,0,0,0,0,0,0,0
235,2017-04-19,09:02:02,541,v1709,XDCE,5515,5485,5520,8556,235631300,165020,163968,5860,5310,5585,5540,0,5520,0,0,0,2017-04-19,32522541,5510,141,0,0,0,0,0,0,0,0,5515,111,0,0,0,0,0,0,0,0
236,2017-04-19,09:02:03,489,v1709,XDCE,5515,5485,5520,8574,236127650,165038,163968,5860,5310,5585,5540,0,5520,0,0,0,2017-04-19,32523489,5510,15,0,0,0,0,0,0,0,0,5515,120,0,0,0,0,0,0,0,0
237,2017-04-19,09:02:04,79,v1709,XDCE,5515,5485,5520,8592,236624000,165056,163968,5860,5310,5585,5540,0,5520,0,0,0,2017-04-19,32524079,5510,17,0,0,0,0,0,0,0,0,5515,111,0,0,0,0,0,0,0,0
238,2017-04-19,09:02:04,567,v1709,XDCE,5510,5485,5520,8594,236679100,165056,163968,5860,5310,5585,5540,0,5520,0,0,0,2017-04-19,32524567,5510,32,0,0,0,0,0,0,0,0,5515,111,0,0,0,0,0,0,0,0
239,2017-04-19,09:02:05,68,v1709,XDCE,5510,5485,5520,8596,236734200,165056,163968,5860,5310,5585,5540,0,5520,0,0,0,2017-04-19,32525068,5510,61,0,0,0,0,0,0,0,0,5515,93,0,0,0,0,0,0,0,0
240,2017-04-19,09:02:05,577,v1709,XDCE,5510,5485,5520,8608,237064950,165062,163968,5860,5310,5585,5540,0,5520,0,0,0,2017-04-19,32525577,5510,116,0,0,0,0,0,0,0,0,5515,90,0,0,0,0,0,0,0,0
241,2017-04-19,09:02:05,978,v1709,XDCE,5510,5485,5520,8714,239985300,165012,163968,5860,5310,5585,5540,0,5520,0,0,0,2017-04-19,32525978,5510,65,0,0,0,0,0,0,0,0,5515,89,0,0,0,0,0,0,0,0
242,2017-04-19,09:02:06,541,v1709,XDCE,5510,5485,5520,8724,240260850,165020,163968,5860,5310,5585,5540,0,5520,0,0,0,2017-04-19,32526541,5510,64,0,0,0,0,0,0,0,0,5515,98,0,0,0,0,0,0,0,0
243,2017-04-19,09:02:07,44,v1709,XDCE,5510,5485,5520,8740,240701650,165024,163968,5860,5310,5585,5540,0,5520,0,0,0,2017-04-19,32527044,5510,64,0,0,0,0,0,0,0,0,5515,98,0,0,0,0,0,0,0,0
244,2017-04-19,09:02:07,551,v1709,XDCE,5510,5485,5520,8740,240701650,165024,163968,5860,5310,5585,5540,0,5520,0,0,0,2017-04-19,32527551,5510,66,0,0,0,0,0,0,0,0,5515,98,0,0,0,0,0,0,0,0
245,2017-04-19,09:02:08,56,v1709,XDCE,5510,5485,5520,8740,240701650,165024,163968,5860,5310,5585,5540,0,5520,0,0,0,2017-04-19,32528056,5510,69,0,0,0,0,0,0,0,0,5515,102,0,0,0,0,0,0,0,0
246,2017-04-19,09:02:08,530,v1709,XDCE,5510,5485,5520,8750,240977150,165034,163968,5860,5310,5585,5540,0,5520,0,0,0,2017-04-19,32528530,5510,84,0,0,0,0,0,0,0,0,5515,123,0,0,0,0,0,0,0,0
247,2017-04-19,09:02:09,57,v1709,XDCE,5510,5485,5520,8750,240977150,165034,163968,5860,5310,5585,5540,0,5520,0,0,0,2017-04-19,32529057,5510,85,0,0,0,0,0,0,0,0,5515,128,0,0,0,0,0,0,0,0
248,2017-04-19,09:02:09,576,v1709,XDCE,5510,5485,5520,8756,241142450,165040,163968,5860,5310,5585,5540,0,5520,0,0,0,2017-04-19,32529576,5510,82,0,0,0,0,0,0,0,0,5515,128,0,0,0,0,0,0,0,0
249,2017-04-19,09:02:10,9,v1709,XDCE,5510,5485,5520,8760,241252700,165040,163968,5860,5310,5585,5540,0,5520,0,0,0,2017-04-19,32530009,5510,38,0,0,0,0,0,0,0,0,5515,137,0,0,0,0,0,0,0,0
250,2017-04-19,09:02:10,489,v1709,XDCE,5510,5485,5520,8764,241362900,165040,163968,5860,5310,5585,5540,0,5520,0,0,0,2017-04-19,32530489,5510,36,0,0,0,0,0,0,0,0,5515,143,0,0,0,0,0,0,0,0
251,2017-04-19,09:02:11,46,v1709,XDCE,5510,5485,5520,8764,241362900,165040,163968,5860,5310,5585,5540,0,5520,0,0,0,2017-04-19,32531046,5510,37,0,0,0,0,0,0,0,0,5515,143,0,0,0,0,0,0,0,0
252,2017-04-19,09:02:11,435,v1709,XDCE,5510,5485,5520,8764,241362900,165040,163968,5860,5310,5585,5540,0,5520,0,0,0,2017-04-19,32531435,5510,40,0,0,0,0,0,0,0,0,5515,143,0,0,0,0,0,0,0,0
253,2017-04-19,09:02:12,60,v1709,XDCE,5515,5485,5520,8766,241418050,165040,163968,5860,5310,5585,5540,0,5520,0,0,0,2017-04-19,32532060,5510,41,0,0,0,0,0,0,0,0,5515,144,0,0,0,0,0,0,0,0
254,2017-04-19,09:02:12,576,v1709,XDCE,5515,5485,5520,8766,241418050,165040,163968,5860,5310,5585,5540,0,5520,0,0,0,2017-04-19,32532576,5510,44,0,0,0,0,0,0,0,0,5515,194,0,0,0,0,0,0,0,0
255,2017-04-19,09:02:12,965,v1709,XDCE,5510,5485,5520,8856,243897550,165082,163968,5860,5310,5585,5540,0,5520,0,0,0,2017-04-19,32532965,5510,1,0,0,0,0,0,0,0,0,5515,188,0,0,0,0,0,0,0,0
256,2017-04-19,09:02:13,457,v1709,XDCE,5510,5485,5520,8858,243952650,165082,163968,5860,5310,5585,5540,0,5520,0,0,0,2017-04-19,32533457,5505,128,0,0,0,0,0,0,0,0,5510,66,0,0,0,0,0,0,0,0
257,2017-04-19,09:02:14,80,v1709,XDCE,5510,5485,5520,8866,244173050,165090,163968,5860,5310,5585,5540,0,5520,0,0,0,2017-04-19,32534080,5505,129,0,0,0,0,0,0,0,0,5510,92,0,0,0,0,0,0,0,0
258,2017-04-19,09:02:14,544,v1709,XDCE,5510,5485,5520,8866,244173050,165090,163968,5860,5310,5585,5540,0,5520,0,0,0,2017-04-19,32534544,5505,129,0,0,0,0,0,0,0,0,5510,102,0,0,0,0,0,0,0,0
259,2017-04-19,09:02:15,9,v1709,XDCE,5510,5485,5520,8866,244173050,165090,163968,5860,5310,5585,5540,0,5520,0,0,0,2017-04-19,32535009,5505,119,0,0,0,0,0,0,0,0,5510,113,0,0,0,0,0,0,0,0
260,2017-04-19,09:02:15,516,v1709,XDCE,5510,5485,5520,8866,244173050,165090,163968,5860,5310,5585,5540,0,5520,0,0,0,2017-04-19,32535516,5505,120,0,0,0,0,0,0,0,0,5510,122,0,0,0,0,0,0,0,0
261,2017-04-19,09:02:16,553,v1709,XDCE,5510,5485,5520,8866,244173050,165090,163968,5860,5310,5585,5540,0,5520,0,0,0,2017-04-19,32536553,5505,120,0,0,0,0,0,0,0,0,5510,127,0,0,0,0,0,0,0,0
262,2017-04-19,09:02:17,397,v1709,XDCE,5510,5485,5520,8868,244228150,165090,163968,5860,5310,5585,5540,0,5520,0,0,0,2017-04-19,32537397,5505,120,0,0,0,0,0,0,0,0,5510,126,0,0,0,0,0,0,0,0
263,2017-04-19,09:02:17,958,v1709,XDCE,5510,5485,5520,8872,244338350,165090,163968,5860,5310,5585,5540,0,5520,0,0,0,2017-04-19,32537958,5505,120,0,0,0,0,0,0,0,0,5510,124,0,0,0,0,0,0,0,0
264,2017-04-19,09:02:18,539,v1709,XDCE,5510,5485,5520,8872,244338350,165090,163968,5860,5310,5585,5540,0,5520,0,0,0,2017-04-19,32538539,5505,121,0,0,0,0,0,0,0,0,5510,127,0,0,0,0,0,0,0,0
265,2017-04-19,09:02:18,981,v1709,XDCE,5510,5485,5520,8874,244393450,165090,163968,5860,5310,5585,5540,0,5520,0,0,0,2017-04-19,32538981,5505,118,0,0,0,0,0,0,0,0,5510,126,0,0,0,0,0,0,0,0
266,2017-04-19,09:02:19,555,v1709,XDCE,5505,5485,5520,9104,250724200,165298,163968,5860,5310,5585,5540,0,5520,0,0,0,2017-04-19,32539555,5500,134,0,0,0,0,0,0,0,0,5505,85,0,0,0,0,0,0,0,0
267,2017-04-19,09:02:19,970,v1709,XDCE,5505,5485,5520,9148,251934300,165300,163968,5860,5310,5585,5540,0,5520,0,0,0,2017-04-19,32539970,5500,114,0,0,0,0,0,0,0,0,5505,124,0,0,0,0,0,0,0,0
268,2017-04-19,09:02:20,570,v1709,XDCE,5505,5485,5520,9148,251934300,165300,163968,5860,5310,5585,5540,0,5520,0,0,0,2017-04-19,32540570,5500,114,0,0,0,0,0,0,0,0,5505,143,0,0,0,0,0,0,0,0
269,2017-04-19,09:02:21,78,v1709,XDCE,5500,5485,5520,9152,252044300,165304,163968,5860,5310,5585,5540,0,5520,0,0,0,2017-04-19,32541078,5500,112,0,0,0,0,0,0,0,0,5505,144,0,0,0,0,0,0,0,0
270,2017-04-19,09:02:21,505,v1709,XDCE,5505,5485,5520,9154,252099350,165306,163968,5860,5310,5585,5540,0,5520,0,0,0,2017-04-19,32541505,5500,112,0,0,0,0,0,0,0,0,5505,163,0,0,0,0,0,0,0,0
271,2017-04-19,09:02:22,54,v1709,XDCE,5505,5485,5520,9156,252154400,165306,163968,5860,5310,5585,5540,0,5520,0,0,0,2017-04-19,32542054,5500,101,0,0,0,0,0,0,0,0,5505,172,0,0,0,0,0,0,0,0
272,2017-04-19,09:02:22,517,v1709,XDCE,5500,5485,5520,9182,252869400,165312,163968,5860,5310,5585,5540,0,5520,0,0,0,2017-04-19,32542517,5500,88,0,0,0,0,0,0,0,0,5505,171,0,0,0,0,0,0,0,0
273,2017-04-19,09:02:23,39,v1709,XDCE,5500,5485,5520,9238,254409400,165334,163968,5860,5310,5585,5540,0,5520,0,0,0,2017-04-19,32543039,5500,60,0,0,0,0,0,0,0,0,5505,160,0,0,0,0,0,0,0,0
274,2017-04-19,09:02:23,452,v1709,XDCE,5500,5485,5520,9360,257764400,165368,163968,5860,5310,5585,5540,0,5520,0,0,0,2017-04-19,32543452,5495,120,0,0,0,0,0,0,0,0,5505,140,0,0,0,0,0,0,0,0
275,2017-04-19,09:02:24,7,v1709,XDCE,5500,5485,5520,9436,259854650,165404,163968,5860,5310,5585,5540,0,5520,0,0,0,2017-04-19,32544007,5500,29,0,0,0,0,0,0,0,0,5505,135,0,0,0,0,0,0,0,0
276,2017-04-19,09:02:24,576,v1709,XDCE,5500,5485,5520,9442,260019650,165406,163968,5860,5310,5585,5540,0,5520,0,0,0,2017-04-19,32544576,5500,34,0,0,0,0,0,0,0,0,5505,141,0,0,0,0,0,0,0,0
277,2017-04-19,09:02:24,988,v1709,XDCE,5500,5485,5520,9454,260349650,165418,163968,5860,5310,5585,5540,0,5520,0,0,0,2017-04-19,32544988,5500,28,0,0,0,0,0,0,0,0,5505,141,0,0,0,0,0,0,0,0
278,2017-04-19,09:02:25,506,v1709,XDCE,5500,5485,5520,9454,260349650,165418,163968,5860,5310,5585,5540,0,5520,0,0,0,2017-04-19,32545506,5500,28,0,0,0,0,0,0,0,0,5505,142,0,0,0,0,0,0,0,0
279,2017-04-19,09:02:26,408,v1709,XDCE,5500,5485,5520,9456,260404650,165420,163968,5860,5310,5585,5540,0,5520,0,0,0,2017-04-19,32546408,5500,26,0,0,0,0,0,0,0,0,5505,141,0,0,0,0,0,0,0,0
280,2017-04-19,09:02:27,36,v1709,XDCE,5500,5485,5520,9456,260404650,165420,163968,5860,5310,5585,5540,0,5520,0,0,0,2017-04-19,32547036,5500,29,0,0,0,0,0,0,0,0,5505,142,0,0,0,0,0,0,0,0
281,2017-04-19,09:02:27,538,v1709,XDCE,5500,5485,5520,9456,260404650,165420,163968,5860,5310,5585,5540,0,5520,0,0,0,2017-04-19,32547538,5500,31,0,0,0,0,0,0,0,0,5505,152,0,0,0,0,0,0,0,0
282,2017-04-19,09:02:28,58,v1709,XDCE,5500,5485,5520,9458,260459650,165422,163968,5860,5310,5585,5540,0,5520,0,0,0,2017-04-19,32548058,5500,30,0,0,0,0,0,0,0,0,5505,76,0,0,0,0,0,0,0,0
283,2017-04-19,09:02:28,436,v1709,XDCE,5500,5485,5520,9458,260459650,165422,163968,5860,5310,5585,5540,0,5520,0,0,0,2017-04-19,32548436,5500,33,0,0,0,0,0,0,0,0,5505,76,0,0,0,0,0,0,0,0
284,2017-04-19,09:02:29,70,v1709,XDCE,5500,5485,5520,9458,260459650,165422,163968,5860,5310,5585,5540,0,5520,0,0,0,2017-04-19,32549070,5500,44,0,0,0,0,0,0,0,0,5505,76,0,0,0,0,0,0,0,0
285,2017-04-19,09:02:29,550,v1709,XDCE,5500,5485,5520,9460,260514650,165424,163968,5860,5310,5585,5540,0,5520,0,0,0,2017-04-19,32549550,5500,45,0,0,0,0,0,0,0,0,5505,76,0,0,0,0,0,0,0,0
286,2017-04-19,09:02:30,62,v1709,XDCE,5500,5485,5520,9470,260789650,165424,163968,5860,5310,5585,5540,0,5520,0,0,0,2017-04-19,32550062,5500,40,0,0,0,0,0,0,0,0,5505,76,0,0,0,0,0,0,0,0
287,2017-04-19,09:02:31,62,v1709,XDCE,5500,5485,5520,9470,260789650,165424,163968,5860,5310,5585,5540,0,5520,0,0,0,2017-04-19,32551062,5500,40,0,0,0,0,0,0,0,0,5505,77,0,0,0,0,0,0,0,0
288,2017-04-19,09:02:31,555,v1709,XDCE,5505,5485,5520,9480,261064900,165426,163968,5860,5310,5585,5540,0,5520,0,0,0,2017-04-19,32551555,5500,40,0,0,0,0,0,0,0,0,5505,73,0,0,0,0,0,0,0,0
289,2017-04-19,09:02:32,76,v1709,XDCE,5500,5485,5520,9520,262164900,165412,163968,5860,5310,5585,5540,0,5520,0,0,0,2017-04-19,32552076,5500,20,0,0,0,0,0,0,0,0,5505,75,0,0,0,0,0,0,0,0
290,2017-04-19,09:02:32,498,v1709,XDCE,5505,5485,5520,9522,262219950,165410,163968,5860,5310,5585,5540,0,5520,0,0,0,2017-04-19,32552498,5500,20,0,0,0,0,0,0,0,0,5505,77,0,0,0,0,0,0,0,0
291,2017-04-19,09:02:33,53,v1709,XDCE,5500,5485,5520,9524,262274950,165412,163968,5860,5310,5585,5540,0,5520,0,0,0,2017-04-19,32553053,5500,21,0,0,0,0,0,0,0,0,5505,88,0,0,0,0,0,0,0,0
292,2017-04-19,09:02:33,529,v1709,XDCE,5505,5485,5520,9534,262550200,165412,163968,5860,5310,5585,5540,0,5520,0,0,0,2017-04-19,32553529,5500,21,0,0,0,0,0,0,0,0,5505,84,0,0,0,0,0,0,0,0
293,2017-04-19,09:02:33,983,v1709,XDCE,5505,5485,5520,9534,262550200,165412,163968,5860,5310,5585,5540,0,5520,0,0,0,2017-04-19,32553983,5500,21,0,0,0,0,0,0,0,0,5505,94,0,0,0,0,0,0,0,0
294,2017-04-19,09:02:34,521,v1709,XDCE,5505,5485,5520,9534,262550200,165412,163968,5860,5310,5585,5540,0,5520,0,0,0,2017-04-19,32554521,5500,24,0,0,0,0,0,0,0,0,5505,94,0,0,0,0,0,0,0,0
295,2017-04-19,09:02:34,994,v1709,XDCE,5505,5485,5520,9536,262605250,165410,163968,5860,5310,5585,5540,0,5520,0,0,0,2017-04-19,32554994,5500,54,0,0,0,0,0,0,0,0,5505,83,0,0,0,0,0,0,0,0
296,2017-04-19,09:02:35,581,v1709,XDCE,5500,5485,5520,9540,262715250,165412,163968,5860,5310,5585,5540,0,5520,0,0,0,2017-04-19,32555581,5500,53,0,0,0,0,0,0,0,0,5505,83,0,0,0,0,0,0,0,0
297,2017-04-19,09:02:35,870,v1709,XDCE,5500,5485,5520,9542,262770250,165414,163968,5860,5310,5585,5540,0,5520,0,0,0,2017-04-19,32555870,5500,58,0,0,0,0,0,0,0,0,5505,83,0,0,0,0,0,0,0,0
298,2017-04-19,09:02:36,515,v1709,XDCE,5500,5485,5520,9544,262825250,165416,163968,5860,5310,5585,5540,0,5520,0,0,0,2017-04-19,32556515,5500,72,0,0,0,0,0,0,0,0,5505,83,0,0,0,0,0,0,0,0
299,2017-04-19,09:02:36,943,v1709,XDCE,5505,5485,5520,9546,262880300,165416,163968,5860,5310,5585,5540,0,5520,0,0,0,2017-04-19,32556943,5500,77,0,0,0,0,0,0,0,0,5505,82,0,0,0,0,0,0,0,0
300,2017-04-19,09:02:38,69,v1709,XDCE,5505,5485,5520,9546,262880300,165416,163968,5860,5310,5585,5540,0,5520,0,0,0,2017-04-19,32558069,5500,80,0,0,0,0,0,0,0,0,5505,82,0,0,0,0,0,0,0,0
301,2017-04-19,09:02:38,561,v1709,XDCE,5505,5485,5520,9548,262935350,165416,163968,5860,5310,5585,5540,0,5520,0,0,0,2017-04-19,32558561,5500,84,0,0,0,0,0,0,0,0,5505,81,0,0,0,0,0,0,0,0
302,2017-04-19,09:02:39,69,v1709,XDCE,5505,5485,5520,9548,262935350,165416,163968,5860,5310,5585,5540,0,5520,0,0,0,2017-04-19,32559069,5500,85,0,0,0,0,0,0,0,0,5505,81,0,0,0,0,0,0,0,0
303,2017-04-19,09:02:39,558,v1709,XDCE,5505,5485,5520,9710,267394400,165362,163968,5860,5310,5585,5540,0,5520,0,0,0,2017-04-19,32559558,5505,63,0,0,0,0,0,0,0,0,5510,102,0,0,0,0,0,0,0,0
304,2017-04-19,09:02:39,970,v1709,XDCE,5505,5485,5520,9710,267394400,165362,163968,5860,5310,5585,5540,0,5520,0,0,0,2017-04-19,32559970,5505,74,0,0,0,0,0,0,0,0,5510,102,0,0,0,0,0,0,0,0
305,2017-04-19,09:02:40,576,v1709,XDCE,5505,5485,5520,9720,267669650,165352,163968,5860,5310,5585,5540,0,5520,0,0,0,2017-04-19,32560576,5505,109,0,0,0,0,0,0,0,0,5510,103,0,0,0,0,0,0,0,0
306,2017-04-19,09:02:41,18,v1709,XDCE,5505,5485,5520,9720,267669650,165352,163968,5860,5310,5585,5540,0,5520,0,0,0,2017-04-19,32561018,5505,118,0,0,0,0,0,0,0,0,5510,93,0,0,0,0,0,0,0,0
307,2017-04-19,09:02:41,237,v1709,XDCE,5505,5485,5520,9720,267669650,165352,163968,5860,5310,5585,5540,0,5520,0,0,0,2017-04-19,32561237,5505,120,0,0,0,0,0,0,0,0,5510,93,0,0,0,0,0,0,0,0
308,2017-04-19,09:02:41,970,v1709,XDCE,5505,5485,5520,9720,267669650,165352,163968,5860,5310,5585,5540,0,5520,0,0,0,2017-04-19,32561970,5505,119,0,0,0,0,0,0,0,0,5510,93,0,0,0,0,0,0,0,0
309,2017-04-19,09:02:42,578,v1709,XDCE,5505,5485,5520,9796,269761550,165386,163968,5860,5310,5585,5540,0,5520,0,0,0,2017-04-19,32562578,5505,83,0,0,0,0,0,0,0,0,5510,92,0,0,0,0,0,0,0,0
310,2017-04-19,09:02:43,10,v1709,XDCE,5505,5485,5520,9796,269761550,165386,163968,5860,5310,5585,5540,0,5520,0,0,0,2017-04-19,32563010,5505,66,0,0,0,0,0,0,0,0,5510,103,0,0,0,0,0,0,0,0
311,2017-04-19,09:02:43,565,v1709,XDCE,5505,5485,5520,9818,270367100,165386,163968,5860,5310,5585,5540,0,5520,0,0,0,2017-04-19,32563565,5505,56,0,0,0,0,0,0,0,0,5510,103,0,0,0,0,0,0,0,0
312,2017-04-19,09:02:43,979,v1709,XDCE,5505,5485,5520,9818,270367100,165386,163968,5860,5310,5585,5540,0,5520,0,0,0,2017-04-19,32563979,5505,57,0,0,0,0,0,0,0,0,5510,103,0,0,0,0,0,0,0,0
313,2017-04-19,09:02:44,553,v1709,XDCE,5505,5485,5520,9922,273229700,165294,163968,5860,5310,5585,5540,0,5520,0,0,0,2017-04-19,32564553,5505,6,0,0,0,0,0,0,0,0,5510,105,0,0,0,0,0,0,0,0
314,2017-04-19,09:02:44,930,v1709,XDCE,5505,5485,5520,9936,273615050,165304,163968,5860,5310,5585,5540,0,5520,0,0,0,2017-04-19,32564930,5500,113,0,0,0,0,0,0,0,0,5505,26,0,0,0,0,0,0,0,0
315,2017-04-19,09:02:45,523,v1709,XDCE,5505,5485,5520,9936,273615050,165304,163968,5860,5310,5585,5540,0,5520,0,0,0,2017-04-19,32565523,5500,113,0,0,0,0,0,0,0,0,5505,32,0,0,0,0,0,0,0,0
316,2017-04-19,09:02:46,51,v1709,XDCE,5500,5485,5520,9938,273670050,165304,163968,5860,5310,5585,5540,0,5520,0,0,0,2017-04-19,32566051,5500,113,0,0,0,0,0,0,0,0,5505,37,0,0,0,0,0,0,0,0
317,2017-04-19,09:02:46,535,v1709,XDCE,5500,5485,5520,9938,273670050,165304,163968,5860,5310,5585,5540,0,5520,0,0,0,2017-04-19,32566535,5500,114,0,0,0,0,0,0,0,0,5505,37,0,0,0,0,0,0,0,0
318,2017-04-19,09:02:47,42,v1709,XDCE,5500,5485,5520,9938,273670050,165304,163968,5860,5310,5585,5540,0,5520,0,0,0,2017-04-19,32567042,5500,114,0,0,0,0,0,0,0,0,5505,40,0,0,0,0,0,0,0,0
319,2017-04-19,09:02:47,528,v1709,XDCE,5500,5485,5520,9938,273670050,165304,163968,5860,5310,5585,5540,0,5520,0,0,0,2017-04-19,32567528,5500,115,0,0,0,0,0,0,0,0,5505,40,0,0,0,0,0,0,0,0
320,2017-04-19,09:02:48,50,v1709,XDCE,5505,5485,5520,9942,273780100,165304,163968,5860,5310,5585,5540,0,5520,0,0,0,2017-04-19,32568050,5500,117,0,0,0,0,0,0,0,0,5505,39,0,0,0,0,0,0,0,0
321,2017-04-19,09:02:48,564,v1709,XDCE,5505,5485,5520,9986,274991200,165274,163968,5860,5310,5585,5540,0,5520,0,0,0,2017-04-19,32568564,5500,99,0,0,0,0,0,0,0,0,5505,50,0,0,0,0,0,0,0,0
322,2017-04-19,09:02:48,962,v1709,XDCE,5505,5485,5520,10018,275872000,165270,163968,5860,5310,5585,5540,0,5520,0,0,0,2017-04-19,32568962,5500,97,0,0,0,0,0,0,0,0,5505,34,0,0,0,0,0,0,0,0
323,2017-04-19,09:02:49,566,v1709,XDCE,5505,5485,5520,10038,276422500,165250,163968,5860,5310,5585,5540,0,5520,0,0,0,2017-04-19,32569566,5500,97,0,0,0,0,0,0,0,0,5505,24,0,0,0,0,0,0,0,0
324,2017-04-19,09:02:50,44,v1709,XDCE,5505,5485,5520,10102,278184100,165208,163968,5860,5310,5585,5540,0,5520,0,0,0,2017-04-19,32570044,5505,16,0,0,0,0,0,0,0,0,5510,150,0,0,0,0,0,0,0,0
325,2017-04-19,09:02:50,538,v1709,XDCE,5505,5485,5520,10108,278349250,165210,163968,5860,5310,5585,5540,0,5520,0,0,0,2017-04-19,32570538,5505,20,0,0,0,0,0,0,0,0,5510,149,0,0,0,0,0,0,0,0
326,2017-04-19,09:02:50,897,v1709,XDCE,5505,5485,5520,10120,278679550,165222,163968,5860,5310,5585,5540,0,5520,0,0,0,2017-04-19,32570897,5505,14,0,0,0,0,0,0,0,0,5510,148,0,0,0,0,0,0,0,0
327,2017-04-19,09:02:51,479,v1709,XDCE,5505,5485,5520,10150,279505300,165218,163968,5860,5310,5585,5540,0,5520,0,0,0,2017-04-19,32571479,5500,95,0,0,0,0,0,0,0,0,5505,14,0,0,0,0,0,0,0,0
328,2017-04-19,09:02:52,40,v1709,XDCE,5505,5485,5520,10152,279560350,165218,163968,5860,5310,5585,5540,0,5520,0,0,0,2017-04-19,32572040,5500,103,0,0,0,0,0,0,0,0,5505,23,0,0,0,0,0,0,0,0
329,2017-04-19,09:02:52,499,v1709,XDCE,5505,5485,5520,10160,279780450,165218,163968,5860,5310,5585,5540,0,5520,0,0,0,2017-04-19,32572499,5500,101,0,0,0,0,0,0,0,0,5505,31,0,0,0,0,0,0,0,0
330,2017-04-19,09:02:53,46,v1709,XDCE,5505,5485,5520,10160,279780450,165218,163968,5860,5310,5585,5540,0,5520,0,0,0,2017-04-19,32573046,5500,90,0,0,0,0,0,0,0,0,5505,43,0,0,0,0,0,0,0,0
331,2017-04-19,09:02:53,525,v1709,XDCE,5505,5485,5520,10180,280330950,165218,163968,5860,5310,5585,5540,0,5520,0,0,0,2017-04-19,32573525,5500,90,0,0,0,0,0,0,0,0,5505,33,0,0,0,0,0,0,0,0
332,2017-04-19,09:02:53,999,v1709,XDCE,5505,5485,5520,10180,280330950,165218,163968,5860,5310,5585,5540,0,5520,0,0,0,2017-04-19,32573999,5500,90,0,0,0,0,0,0,0,0,5505,34,0,0,0,0,0,0,0,0
333,2017-04-19,09:02:54,376,v1709,XDCE,5505,5485,5520,10180,280330950,165218,163968,5860,5310,5585,5540,0,5520,0,0,0,2017-04-19,32574376,5500,148,0,0,0,0,0,0,0,0,5505,24,0,0,0,0,0,0,0,0
334,2017-04-19,09:02:55,73,v1709,XDCE,5505,5485,5520,10206,281046250,165228,163968,5860,5310,5585,5540,0,5520,0,0,0,2017-04-19,32575073,5500,145,0,0,0,0,0,0,0,0,5505,14,0,0,0,0,0,0,0,0
335,2017-04-19,09:02:55,568,v1709,XDCE,5505,5485,5520,10214,281266450,165222,163968,5860,5310,5585,5540,0,5520,0,0,0,2017-04-19,32575568,5500,146,0,0,0,0,0,0,0,0,5505,18,0,0,0,0,0,0,0,0
336,2017-04-19,09:02:56,55,v1709,XDCE,5505,5485,5520,10216,281321500,165224,163968,5860,5310,5585,5540,0,5520,0,0,0,2017-04-19,32576055,5500,151,0,0,0,0,0,0,0,0,5505,16,0,0,0,0,0,0,0,0
337,2017-04-19,09:02:56,580,v1709,XDCE,5505,5485,5520,10250,282257350,165244,163968,5860,5310,5585,5540,0,5520,0,0,0,2017-04-19,32576580,5505,24,0,0,0,0,0,0,0,0,5510,160,0,0,0,0,0,0,0,0
338,2017-04-19,09:02:56,855,v1709,XDCE,5505,5485,5520,10274,282917950,165264,163968,5860,5310,5585,5540,0,5520,0,0,0,2017-04-19,32576855,5505,18,0,0,0,0,0,0,0,0,5510,159,0,0,0,0,0,0,0,0
339,2017-04-19,09:02:57,432,v1709,XDCE,5510,5485,5520,10290,283358750,165278,163968,5860,5310,5585,5540,0,5520,0,0,0,2017-04-19,32577432,5505,22,0,0,0,0,0,0,0,0,5510,154,0,0,0,0,0,0,0,0
340,2017-04-19,09:02:58,79,v1709,XDCE,5510,5485,5520,10290,283358750,165278,163968,5860,5310,5585,5540,0,5520,0,0,0,2017-04-19,32578079,5505,28,0,0,0,0,0,0,0,0,5510,154,0,0,0,0,0,0,0,0
341,2017-04-19,09:02:58,443,v1709,XDCE,5510,5485,5520,10298,283579150,165282,163968,5860,5310,5585,5540,0,5520,0,0,0,2017-04-19,32578443,5505,36,0,0,0,0,0,0,0,0,5510,150,0,0,0,0,0,0,0,0
342,2017-04-19,09:02:58,967,v1709,XDCE,5510,5485,5520,10298,283579150,165282,163968,5860,5310,5585,5540,0,5520,0,0,0,2017-04-19,32578967,5505,44,0,0,0,0,0,0,0,0,5510,149,0,0,0,0,0,0,0,0
343,2017-04-19,09:02:59,577,v1709,XDCE,5510,5485,5520,10298,283579150,165282,163968,5860,5310,5585,5540,0,5520,0,0,0,2017-04-19,32579577,5505,49,0,0,0,0,0,0,0,0,5510,169,0,0,0,0,0,0,0,0
344,2017-04-19,09:03:00,6,v1709,XDCE,5510,5485,5520,10298,283579150,165282,163968,5860,5310,5585,5540,0,5520,0,0,0,2017-04-19,32580006,5505,53,0,0,0,0,0,0,0,0,5510,169,0,0,0,0,0,0,0,0
345,2017-04-19,09:03:00,542,v1709,XDCE,5510,5485,5520,10298,283579150,165282,163968,5860,5310,5585,5540,0,5520,0,0,0,2017-04-19,32580542,5505,64,0,0,0,0,0,0,0,0,5510,174,0,0,0,0,0,0,0,0
346,2017-04-19,09:03:01,1,v1709,XDCE,5505,5485,5520,10302,283689250,165286,163968,5860,5310,5585,5540,0,5520,0,0,0,2017-04-19,32581001,5505,71,0,0,0,0,0,0,0,0,5510,174,0,0,0,0,0,0,0,0
347,2017-04-19,09:03:01,580,v1709,XDCE,5505,5485,5520,10304,283744300,165286,163968,5860,5310,5585,5540,0,5520,0,0,0,2017-04-19,32581580,5505,76,0,0,0,0,0,0,0,0,5510,174,0,0,0,0,0,0,0,0
348,2017-04-19,09:03:02,59,v1709,XDCE,5505,5485,5520,10308,283854400,165286,163968,5860,5310,5585,5540,0,5520,0,0,0,2017-04-19,32582059,5505,74,0,0,0,0,0,0,0,0,5510,179,0,0,0,0,0,0,0,0
349,2017-04-19,09:03:02,417,v1709,XDCE,5505,5485,5520,10308,283854400,165286,163968,5860,5310,5585,5540,0,5520,0,0,0,2017-04-19,32582417,5505,79,0,0,0,0,0,0,0,0,5510,176,0,0,0,0,0,0,0,0
350,2017-04-19,09:03:03,21,v1709,XDCE,5505,5485,5520,10308,283854400,165286,163968,5860,5310,5585,5540,0,5520,0,0,0,2017-04-19,32583021,5505,78,0,0,0,0,0,0,0,0,5510,177,0,0,0,0,0,0,0,0
351,2017-04-19,09:03:04,544,v1709,XDCE,5505,5485,5520,10308,283854400,165286,163968,5860,5310,5585,5540,0,5520,0,0,0,2017-04-19,32584544,5505,79,0,0,0,0,0,0,0,0,5510,177,0,0,0,0,0,0,0,0
352,2017-04-19,09:03:05,25,v1709,XDCE,5510,5485,5520,10326,284349900,165286,163968,5860,5310,5585,5540,0,5520,0,0,0,2017-04-19,32585025,5505,71,0,0,0,0,0,0,0,0,5510,135,0,0,0,0,0,0,0,0
353,2017-04-19,09:03:05,498,v1709,XDCE,5510,5485,5520,10326,284349900,165286,163968,5860,5310,5585,5540,0,5520,0,0,0,2017-04-19,32585498,5505,81,0,0,0,0,0,0,0,0,5510,124,0,0,0,0,0,0,0,0
354,2017-04-19,09:03:06,6,v1709,XDCE,5510,5485,5520,10328,284405000,165286,163968,5860,5310,5585,5540,0,5520,0,0,0,2017-04-19,32586006,5505,74,0,0,0,0,0,0,0,0,5510,133,0,0,0,0,0,0,0,0
355,2017-04-19,09:03:07,70,v1709,XDCE,5510,5485,5520,10328,284405000,165286,163968,5860,5310,5585,5540,0,5520,0,0,0,2017-04-19,32587070,5505,73,0,0,0,0,0,0,0,0,5510,133,0,0,0,0,0,0,0,0
356,2017-04-19,09:03:08,544,v1709,XDCE,5510,5485,5520,10328,284405000,165286,163968,5860,5310,5585,5540,0,5520,0,0,0,2017-04-19,32588544,5505,73,0,0,0,0,0,0,0,0,5510,134,0,0,0,0,0,0,0,0
357,2017-04-19,09:03:09,501,v1709,XDCE,5510,5485,5520,10406,286553900,165318,163968,5860,5310,5585,5540,0,5520,0,0,0,2017-04-19,32589501,5505,79,0,0,0,0,0,0,0,0,5510,95,0,0,0,0,0,0,0,0
358,2017-04-19,09:03:10,62,v1709,XDCE,5510,5485,5520,10406,286553900,165318,163968,5860,5310,5585,5540,0,5520,0,0,0,2017-04-19,32590062,5505,87,0,0,0,0,0,0,0,0,5510,84,0,0,0,0,0,0,0,0
359,2017-04-19,09:03:10,365,v1709,XDCE,5510,5485,5520,10502,289198700,165278,163968,5860,5310,5585,5540,0,5520,0,0,0,2017-04-19,32590365,5505,101,0,0,0,0,0,0,0,0,5510,36,0,0,0,0,0,0,0,0
360,2017-04-19,09:03:11,72,v1709,XDCE,5510,5485,5520,10590,291623100,165334,163968,5860,5310,5585,5540,0,5520,0,0,0,2017-04-19,32591072,5510,14,0,0,0,0,0,0,0,0,5515,130,0,0,0,0,0,0,0,0
361,2017-04-19,09:03:11,541,v1709,XDCE,5510,5485,5520,10658,293496500,165306,163968,5860,5310,5585,5540,0,5520,0,0,0,2017-04-19,32591541,5510,200,0,0,0,0,0,0,0,0,5515,130,0,0,0,0,0,0,0,0
362,2017-04-19,09:03:11,990,v1709,XDCE,5515,5485,5520,10680,294102650,165326,163968,5860,5310,5585,5540,0,5520,0,0,0,2017-04-19,32591990,5510,208,0,0,0,0,0,0,0,0,5515,131,0,0,0,0,0,0,0,0
363,2017-04-19,09:03:12,515,v1709,XDCE,5515,5485,5520,10946,301437600,165364,163968,5860,5310,5585,5540,0,5520,0,0,0,2017-04-19,32592515,5515,99,0,0,0,0,0,0,0,0,5520,152,0,0,0,0,0,0,0,0
364,2017-04-19,09:03:13,68,v1709,XDCE,5520,5485,5520,11034,303866400,165388,163968,5860,5310,5585,5540,0,5520,0,0,0,2017-04-19,32593068,5515,107,0,0,0,0,0,0,0,0,5520,109,0,0,0,0,0,0,0,0
365,2017-04-19,09:03:13,548,v1709,XDCE,5520,5485,5520,11250,309827900,165432,163968,5860,5310,5585,5540,0,5520,0,0,0,2017-04-19,32593548,5520,57,0,0,0,0,0,0,0,0,5525,90,0,0,0,0,0,0,0,0
366,2017-04-19,09:03:14,73,v1709,XDCE,5525,5485,5525,11272,310435150,165440,163968,5860,5310,5585,5540,0,5520,0,0,0,2017-04-19,32594073,5520,57,0,0,0,0,0,0,0,0,5525,88,0,0,0,0,0,0,0,0
367,2017-04-19,09:03:14,577,v1709,XDCE,5525,5485,5525,11292,310987400,165456,163968,5860,5310,5585,5540,0,5520,0,0,0,2017-04-19,32594577,5520,85,0,0,0,0,0,0,0,0,5525,96,0,0,0,0,0,0,0,0
368,2017-04-19,09:03:15,0,v1709,XDCE,5525,5485,5525,11304,311318750,165456,163968,5860,5310,5585,5540,0,5520,0,0,0,2017-04-19,32595000,5520,72,0,0,0,0,0,0,0,0,5525,94,0,0,0,0,0,0,0,0
369,2017-04-19,09:03:15,515,v1709,XDCE,5525,5485,5525,11304,311318750,165456,163968,5860,5310,5585,5540,0,5520,0,0,0,2017-04-19,32595515,5520,73,0,0,0,0,0,0,0,0,5525,107,0,0,0,0,0,0,0,0
370,2017-04-19,09:03:15,940,v1709,XDCE,5525,5485,5525,11304,311318750,165456,163968,5860,5310,5585,5540,0,5520,0,0,0,2017-04-19,32595940,5520,79,0,0,0,0,0,0,0,0,5525,107,0,0,0,0,0,0,0,0
371,2017-04-19,09:03:16,469,v1709,XDCE,5520,5485,5525,11316,311650000,165458,163968,5860,5310,5585,5540,0,5520,0,0,0,2017-04-19,32596469,5520,75,0,0,0,0,0,0,0,0,5525,106,0,0,0,0,0,0,0,0
372,2017-04-19,09:03:17,58,v1709,XDCE,5525,5485,5525,11318,311705250,165456,163968,5860,5310,5585,5540,0,5520,0,0,0,2017-04-19,32597058,5520,75,0,0,0,0,0,0,0,0,5525,104,0,0,0,0,0,0,0,0
373,2017-04-19,09:03:18,62,v1709,XDCE,5520,5485,5525,11338,312257250,165476,163968,5860,5310,5585,5540,0,5520,0,0,0,2017-04-19,32598062,5520,65,0,0,0,0,0,0,0,0,5525,93,0,0,0,0,0,0,0,0
374,2017-04-19,09:03:18,536,v1709,XDCE,5520,5485,5525,11346,312478050,165484,163968,5860,5310,5585,5540,0,5520,0,0,0,2017-04-19,32598536,5520,59,0,0,0,0,0,0,0,0,5525,95,0,0,0,0,0,0,0,0
375,2017-04-19,09:03:19,61,v1709,XDCE,5520,5485,5525,11486,316342050,165508,163968,5860,5310,5585,5540,0,5520,0,0,0,2017-04-19,32599061,5515,33,0,0,0,0,0,0,0,0,5520,38,0,0,0,0,0,0,0,0
376,2017-04-19,09:03:19,556,v1709,XDCE,5520,5485,5525,11548,318051950,165500,163968,5860,5310,5585,5540,0,5520,0,0,0,2017-04-19,32599556,5515,11,0,0,0,0,0,0,0,0,5520,92,0,0,0,0,0,0,0,0
377,2017-04-19,09:03:20,78,v1709,XDCE,5515,5485,5525,11562,318438000,165494,163968,5860,5310,5585,5540,0,5520,0,0,0,2017-04-19,32600078,5510,47,0,0,0,0,0,0,0,0,5520,92,0,0,0,0,0,0,0,0
378,2017-04-19,09:03:20,564,v1709,XDCE,5520,5485,5525,11574,318769050,165488,163968,5860,5310,5585,5540,0,5520,0,0,0,2017-04-19,32600564,5515,2,0,0,0,0,0,0,0,0,5520,126,0,0,0,0,0,0,0,0
379,2017-04-19,09:03:21,74,v1709,XDCE,5515,5485,5525,11586,319099950,165484,163968,5860,5310,5585,5540,0,5520,0,0,0,2017-04-19,32601074,5510,58,0,0,0,0,0,0,0,0,5515,1,0,0,0,0,0,0,0,0
380,2017-04-19,09:03:21,427,v1709,XDCE,5515,5485,5525,11606,319651450,165490,163968,5860,5310,5585,5540,0,5520,0,0,0,2017-04-19,32601427,5510,54,0,0,0,0,0,0,0,0,5515,1,0,0,0,0,0,0,0,0
381,2017-04-19,09:03:22,58,v1709,XDCE,5510,5485,5525,11634,320423900,165500,163968,5860,5310,5585,5540,0,5520,0,0,0,2017-04-19,32602058,5510,52,0,0,0,0,0,0,0,0,5515,3,0,0,0,0,0,0,0,0
382,2017-04-19,09:03:22,542,v1709,XDCE,5515,5485,5525,11640,320589350,165496,163968,5860,5310,5585,5540,0,5520,0,0,0,2017-04-19,32602542,5510,52,0,0,0,0,0,0,0,0,5520,109,0,0,0,0,0,0,0,0
383,2017-04-19,09:03:23,37,v1709,XDCE,5515,5485,5525,11640,320589350,165496,163968,5860,5310,5585,5540,0,5520,0,0,0,2017-04-19,32603037,5510,60,0,0,0,0,0,0,0,0,5515,1,0,0,0,0,0,0,0,0
384,2017-04-19,09:03:23,469,v1709,XDCE,5515,5485,5525,11640,320589350,165496,163968,5860,5310,5585,5540,0,5520,0,0,0,2017-04-19,32603469,5510,60,0,0,0,0,0,0,0,0,5515,5,0,0,0,0,0,0,0,0
385,2017-04-19,09:03:23,942,v1709,XDCE,5515,5485,5525,11640,320589350,165496,163968,5860,5310,5585,5540,0,5520,0,0,0,2017-04-19,32603942,5510,60,0,0,0,0,0,0,0,0,5515,7,0,0,0,0,0,0,0,0
386,2017-04-19,09:03:24,543,v1709,XDCE,5515,5485,5525,11648,320809950,165496,163968,5860,5310,5585,5540,0,5520,0,0,0,2017-04-19,32604543,5510,60,0,0,0,0,0,0,0,0,5515,4,0,0,0,0,0,0,0,0
387,2017-04-19,09:03:25,69,v1709,XDCE,5515,5485,5525,11648,320809950,165496,163968,5860,5310,5585,5540,0,5520,0,0,0,2017-04-19,32605069,5510,60,0,0,0,0,0,0,0,0,5515,6,0,0,0,0,0,0,0,0
388,2017-04-19,09:03:25,560,v1709,XDCE,5515,5485,5525,11648,320809950,165496,163968,5860,5310,5585,5540,0,5520,0,0,0,2017-04-19,32605560,5510,44,0,0,0,0,0,0,0,0,5515,12,0,0,0,0,0,0,0,0
389,2017-04-19,09:03:25,939,v1709,XDCE,5515,5485,5525,11650,320865100,165498,163968,5860,5310,5585,5540,0,5520,0,0,0,2017-04-19,32605939,5510,44,0,0,0,0,0,0,0,0,5515,17,0,0,0,0,0,0,0,0
390,2017-04-19,09:03:26,472,v1709,XDCE,5515,5485,5525,11680,321692350,165510,163968,5860,5310,5585,5540,0,5520,0,0,0,2017-04-19,32606472,5510,43,0,0,0,0,0,0,0,0,5515,3,0,0,0,0,0,0,0,0
391,2017-04-19,09:03:27,47,v1709,XDCE,5515,5485,5525,11680,321692350,165510,163968,5860,5310,5585,5540,0,5520,0,0,0,2017-04-19,32607047,5510,46,0,0,0,0,0,0,0,0,5515,52,0,0,0,0,0,0,0,0
392,2017-04-19,09:03:27,580,v1709,XDCE,5515,5485,5525,11682,321747500,165510,163968,5860,5310,5585,5540,0,5520,0,0,0,2017-04-19,32607580,5510,53,0,0,0,0,0,0,0,0,5515,51,0,0,0,0,0,0,0,0
393,2017-04-19,09:03:28,24,v1709,XDCE,5515,5485,5525,11686,321857800,165510,163968,5860,5310,5585,5540,0,5520,0,0,0,2017-04-19,32608024,5510,62,0,0,0,0,0,0,0,0,5515,50,0,0,0,0,0,0,0,0
394,2017-04-19,09:03:28,578,v1709,XDCE,5510,5485,5525,11688,321912900,165510,163968,5860,5310,5585,5540,0,5520,0,0,0,2017-04-19,32608578,5510,61,0,0,0,0,0,0,0,0,5515,50,0,0,0,0,0,0,0,0
395,2017-04-19,09:03:29,36,v1709,XDCE,5515,5485,5525,11770,324172050,165562,163968,5860,5310,5585,5540,0,5520,0,0,0,2017-04-19,32609036,5510,11,0,0,0,0,0,0,0,0,5515,83,0,0,0,0,0,0,0,0
396,2017-04-19,09:03:29,554,v1709,XDCE,5510,5485,5525,11792,324778150,165546,163968,5860,5310,5585,5540,0,5520,0,0,0,2017-04-19,32609554,5505,68,0,0,0,0,0,0,0,0,5515,83,0,0,0,0,0,0,0,0
397,2017-04-19,09:03:30,52,v1709,XDCE,5510,5485,5525,11816,325439350,165560,163968,5860,5310,5585,5540,0,5520,0,0,0,2017-04-19,32610052,5505,75,0,0,0,0,0,0,0,0,5510,4,0,0,0,0,0,0,0,0
398,2017-04-19,09:03:30,476,v1709,XDCE,5510,5485,5525,11846,326265850,165560,163968,5860,5310,5585,5540,0,5520,0,0,0,2017-04-19,32610476,5510,4,0,0,0,0,0,0,0,0,5515,87,0,0,0,0,0,0,0,0
399,2017-04-19,09:03:31,14,v1709,XDCE,5510,5485,5525,11868,326871950,165558,163968,5860,5310,5585,5540,0,5520,0,0,0,2017-04-19,32611014,5505,68,0,0,0,0,0,0,0,0,5510,12,0,0,0,0,0,0,0,0
400,2017-04-19,09:03:31,518,v1709,XDCE,5510,5485,5525,11868,326871950,165558,163968,5860,5310,5585,5540,0,5520,0,0,0,2017-04-19,32611518,5505,68,0,0,0,0,0,0,0,0,5510,15,0,0,0,0,0,0,0,0
401,2017-04-19,09:03:32,80,v1709,XDCE,5510,5485,5525,11868,326871950,165558,163968,5860,5310,5585,5540,0,5520,0,0,0,2017-04-19,32612080,5505,72,0,0,0,0,0,0,0,0,5510,41,0,0,0,0,0,0,0,0
402,2017-04-19,09:03:32,551,v1709,XDCE,5505,5485,5525,11876,327092150,165564,163968,5860,5310,5585,5540,0,5520,0,0,0,2017-04-19,32612551,5505,68,0,0,0,0,0,0,0,0,5510,46,0,0,0,0,0,0,0,0
403,2017-04-19,09:03:32,982,v1709,XDCE,5510,5485,5525,11886,327367650,165564,163968,5860,5310,5585,5540,0,5520,0,0,0,2017-04-19,32612982,5505,62,0,0,0,0,0,0,0,0,5510,41,0,0,0,0,0,0,0,0
404,2017-04-19,09:03:33,540,v1709,XDCE,5510,5485,5525,11890,327477850,165568,163968,5860,5310,5585,5540,0,5520,0,0,0,2017-04-19,32613540,5505,57,0,0,0,0,0,0,0,0,5510,45,0,0,0,0,0,0,0,0
405,2017-04-19,09:03:33,962,v1709,XDCE,5510,5485,5525,11890,327477850,165568,163968,5860,5310,5585,5540,0,5520,0,0,0,2017-04-19,32613962,5505,58,0,0,0,0,0,0,0,0,5510,46,0,0,0,0,0,0,0,0
406,2017-04-19,09:03:34,521,v1709,XDCE,5510,5485,5525,11902,327808450,165566,163968,5860,5310,5585,5540,0,5520,0,0,0,2017-04-19,32614521,5505,59,0,0,0,0,0,0,0,0,5510,40,0,0,0,0,0,0,0,0
407,2017-04-19,09:03:34,997,v1709,XDCE,5510,5485,5525,11902,327808450,165566,163968,5860,5310,5585,5540,0,5520,0,0,0,2017-04-19,32614997,5505,59,0,0,0,0,0,0,0,0,5510,41,0,0,0,0,0,0,0,0
408,2017-04-19,09:03:35,569,v1709,XDCE,5505,5485,5525,11942,328909450,165602,163968,5860,5310,5585,5540,0,5520,0,0,0,2017-04-19,32615569,5505,41,0,0,0,0,0,0,0,0,5510,42,0,0,0,0,0,0,0,0
409,2017-04-19,09:03:36,24,v1709,XDCE,5505,5485,5525,11942,328909450,165602,163968,5860,5310,5585,5540,0,5520,0,0,0,2017-04-19,32616024,5505,42,0,0,0,0,0,0,0,0,5510,42,0,0,0,0,0,0,0,0
410,2017-04-19,09:03:36,576,v1709,XDCE,5505,5485,5525,11942,328909450,165602,163968,5860,5310,5585,5540,0,5520,0,0,0,2017-04-19,32616576,5505,61,0,0,0,0,0,0,0,0,5510,42,0,0,0,0,0,0,0,0
411,2017-04-19,09:03:37,61,v1709,XDCE,5510,5485,5525,11948,329074750,165606,163968,5860,5310,5585,5540,0,5520,0,0,0,2017-04-19,32617061,5505,61,0,0,0,0,0,0,0,0,5510,39,0,0,0,0,0,0,0,0
412,2017-04-19,09:03:37,535,v1709,XDCE,5510,5485,5525,11948,329074750,165606,163968,5860,5310,5585,5540,0,5520,0,0,0,2017-04-19,32617535,5505,61,0,0,0,0,0,0,0,0,5510,40,0,0,0,0,0,0,0,0
413,2017-04-19,09:03:38,41,v1709,XDCE,5510,5485,5525,11950,329129850,165608,163968,5860,5310,5585,5540,0,5520,0,0,0,2017-04-19,32618041,5505,61,0,0,0,0,0,0,0,0,5510,39,0,0,0,0,0,0,0,0
414,2017-04-19,09:03:39,17,v1709,XDCE,5510,5485,5525,11954,329240050,165612,163968,5860,5310,5585,5540,0,5520,0,0,0,2017-04-19,32619017,5505,71,0,0,0,0,0,0,0,0,5510,38,0,0,0,0,0,0,0,0
415,2017-04-19,09:03:39,578,v1709,XDCE,5505,5485,5525,11960,329405200,165616,163968,5860,5310,5585,5540,0,5520,0,0,0,2017-04-19,32619578,5505,68,0,0,0,0,0,0,0,0,5510,38,0,0,0,0,0,0,0,0
416,2017-04-19,09:03:40,7,v1709,XDCE,5510,5485,5525,11962,329460300,165616,163968,5860,5310,5585,5540,0,5520,0,0,0,2017-04-19,32620007,5505,68,0,0,0,0,0,0,0,0,5510,38,0,0,0,0,0,0,0,0
417,2017-04-19,09:03:40,523,v1709,XDCE,5505,5485,5525,11964,329515350,165618,163968,5860,5310,5585,5540,0,5520,0,0,0,2017-04-19,32620523,5505,75,0,0,0,0,0,0,0,0,5510,39,0,0,0,0,0,0,0,0
418,2017-04-19,09:03:41,57,v1709,XDCE,5510,5485,5525,12000,330507150,165620,163968,5860,5310,5585,5540,0,5520,0,0,0,2017-04-19,32621057,5505,77,0,0,0,0,0,0,0,0,5510,21,0,0,0,0,0,0,0,0
419,2017-04-19,09:03:41,467,v1709,XDCE,5510,5485,5525,12044,331719350,165614,163968,5860,5310,5585,5540,0,5520,0,0,0,2017-04-19,32621467,5510,48,0,0,0,0,0,0,0,0,5515,73,0,0,0,0,0,0,0,0
420,2017-04-19,09:03:41,925,v1709,XDCE,5510,5485,5525,12044,331719350,165614,163968,5860,5310,5585,5540,0,5520,0,0,0,2017-04-19,32621925,5510,50,0,0,0,0,0,0,0,0,5515,74,0,0,0,0,0,0,0,0
421,2017-04-19,09:03:42,549,v1709,XDCE,5510,5485,5525,12044,331719350,165614,163968,5860,5310,5585,5540,0,5520,0,0,0,2017-04-19,32622549,5510,56,0,0,0,0,0,0,0,0,5515,73,0,0,0,0,0,0,0,0
422,2017-04-19,09:03:42,993,v1709,XDCE,5510,5485,5525,12044,331719350,165614,163968,5860,5310,5585,5540,0,5520,0,0,0,2017-04-19,32622993,5510,57,0,0,0,0,0,0,0,0,5515,72,0,0,0,0,0,0,0,0
423,2017-04-19,09:03:43,489,v1709,XDCE,5510,5485,5525,12044,331719350,165614,163968,5860,5310,5585,5540,0,5520,0,0,0,2017-04-19,32623489,5510,57,0,0,0,0,0,0,0,0,5515,31,0,0,0,0,0,0,0,0
424,2017-04-19,09:03:43,856,v1709,XDCE,5510,5485,5525,12044,331719350,165614,163968,5860,5310,5585,5540,0,5520,0,0,0,2017-04-19,32623856,5510,74,0,0,0,0,0,0,0,0,5515,32,0,0,0,0,0,0,0,0
425,2017-04-19,09:03:44,454,v1709,XDCE,5515,5485,5525,12046,331774500,165614,163968,5860,5310,5585,5540,0,5520,0,0,0,2017-04-19,32624454,5510,74,0,0,0,0,0,0,0,0,5515,31,0,0,0,0,0,0,0,0
426,2017-04-19,09:03:45,48,v1709,XDCE,5515,5485,5525,12046,331774500,165614,163968,5860,5310,5585,5540,0,5520,0,0,0,2017-04-19,32625048,5510,75,0,0,0,0,0,0,0,0,5515,31,0,0,0,0,0,0,0,0
427,2017-04-19,09:03:45,544,v1709,XDCE,5515,5485,5525,12046,331774500,165614,163968,5860,5310,5585,5540,0,5520,0,0,0,2017-04-19,32625544,5510,75,0,0,0,0,0,0,0,0,5515,41,0,0,0,0,0,0,0,0
428,2017-04-19,09:03:46,72,v1709,XDCE,5515,5485,5525,12048,331829650,165614,163968,5860,5310,5585,5540,0,5520,0,0,0,2017-04-19,32626072,5510,75,0,0,0,0,0,0,0,0,5515,40,0,0,0,0,0,0,0,0
429,2017-04-19,09:03:46,420,v1709,XDCE,5515,5485,5525,12048,331829650,165614,163968,5860,5310,5585,5540,0,5520,0,0,0,2017-04-19,32626420,5510,76,0,0,0,0,0,0,0,0,5515,40,0,0,0,0,0,0,0,0
430,2017-04-19,09:03:47,54,v1709,XDCE,5515,5485,5525,12050,331884800,165614,163968,5860,5310,5585,5540,0,5520,0,0,0,2017-04-19,32627054,5510,76,0,0,0,0,0,0,0,0,5515,39,0,0,0,0,0,0,0,0
431,2017-04-19,09:03:47,542,v1709,XDCE,5510,5485,5525,12052,331939900,165612,163968,5860,5310,5585,5540,0,5520,0,0,0,2017-04-19,32627542,5510,75,0,0,0,0,0,0,0,0,5515,40,0,0,0,0,0,0,0,0
432,2017-04-19,09:03:47,997,v1709,XDCE,5515,5485,5525,12082,332767150,165618,163968,5860,5310,5585,5540,0,5520,0,0,0,2017-04-19,32627997,5510,76,0,0,0,0,0,0,0,0,5515,24,0,0,0,0,0,0,0,0
433,2017-04-19,09:03:48,526,v1709,XDCE,5515,5485,5525,12084,332822300,165618,163968,5860,5310,5585,5540,0,5520,0,0,0,2017-04-19,32628526,5510,76,0,0,0,0,0,0,0,0,5515,24,0,0,0,0,0,0,0,0
434,2017-04-19,09:03:49,70,v1709,XDCE,5515,5485,5525,12086,332877450,165618,163968,5860,5310,5585,5540,0,5520,0,0,0,2017-04-19,32629070,5510,76,0,0,0,0,0,0,0,0,5515,24,0,0,0,0,0,0,0,0
435,2017-04-19,09:03:49,579,v1709,XDCE,5515,5485,5525,12086,332877450,165618,163968,5860,5310,5585,5540,0,5520,0,0,0,2017-04-19,32629579,5510,79,0,0,0,0,0,0,0,0,5515,25,0,0,0,0,0,0,0,0
436,2017-04-19,09:03:50,49,v1709,XDCE,5515,5485,5525,12088,332932600,165620,163968,5860,5310,5585,5540,0,5520,0,0,0,2017-04-19,32630049,5510,81,0,0,0,0,0,0,0,0,5515,24,0,0,0,0,0,0,0,0
437,2017-04-19,09:03:50,580,v1709,XDCE,5515,5485,5525,12090,332987750,165620,163968,5860,5310,5585,5540,0,5520,0,0,0,2017-04-19,32630580,5510,81,0,0,0,0,0,0,0,0,5515,22,0,0,0,0,0,0,0,0
438,2017-04-19,09:03:50,972,v1709,XDCE,5515,5485,5525,12090,332987750,165620,163968,5860,5310,5585,5540,0,5520,0,0,0,2017-04-19,32630972,5510,81,0,0,0,0,0,0,0,0,5515,32,0,0,0,0,0,0,0,0
439,2017-04-19,09:03:51,578,v1709,XDCE,5515,5485,5525,12092,333042900,165620,163968,5860,5310,5585,5540,0,5520,0,0,0,2017-04-19,32631578,5510,72,0,0,0,0,0,0,0,0,5515,32,0,0,0,0,0,0,0,0
440,2017-04-19,09:03:52,24,v1709,XDCE,5515,5485,5525,12112,333594400,165628,163968,5860,5310,5585,5540,0,5520,0,0,0,2017-04-19,32632024,5510,72,0,0,0,0,0,0,0,0,5515,26,0,0,0,0,0,0,0,0
441,2017-04-19,09:03:52,418,v1709,XDCE,5515,5485,5525,12112,333594400,165628,163968,5860,5310,5585,5540,0,5520,0,0,0,2017-04-19,32632418,5510,73,0,0,0,0,0,0,0,0,5515,26,0,0,0,0,0,0,0,0
442,2017-04-19,09:03:53,20,v1709,XDCE,5515,5485,5525,12164,335028300,165618,163968,5860,5310,5585,5540,0,5520,0,0,0,2017-04-19,32633020,5510,70,0,0,0,0,0,0,0,0,5520,116,0,0,0,0,0,0,0,0
443,2017-04-19,09:03:53,571,v1709,XDCE,5515,5485,5525,12180,335469500,165620,163968,5860,5310,5585,5540,0,5520,0,0,0,2017-04-19,32633571,5510,47,0,0,0,0,0,0,0,0,5515,10,0,0,0,0,0,0,0,0
444,2017-04-19,09:03:54,81,v1709,XDCE,5515,5485,5525,12182,335524650,165618,163968,5860,5310,5585,5540,0,5520,0,0,0,2017-04-19,32634081,5510,50,0,0,0,0,0,0,0,0,5515,12,0,0,0,0,0,0,0,0
445,2017-04-19,09:03:54,523,v1709,XDCE,5515,5485,5525,12184,335579800,165616,163968,5860,5310,5585,5540,0,5520,0,0,0,2017-04-19,32634523,5510,51,0,0,0,0,0,0,0,0,5515,23,0,0,0,0,0,0,0,0
446,2017-04-19,09:03:54,980,v1709,XDCE,5515,5485,5525,12184,335579800,165616,163968,5860,5310,5585,5540,0,5520,0,0,0,2017-04-19,32634980,5510,46,0,0,0,0,0,0,0,0,5515,22,0,0,0,0,0,0,0,0
447,2017-04-19,09:03:55,578,v1709,XDCE,5515,5485,5525,12184,335579800,165616,163968,5860,5310,5585,5540,0,5520,0,0,0,2017-04-19,32635578,5510,47,0,0,0,0,0,0,0,0,5515,22,0,0,0,0,0,0,0,0
448,2017-04-19,09:03:55,950,v1709,XDCE,5515,5485,5525,12184,335579800,165616,163968,5860,5310,5585,5540,0,5520,0,0,0,2017-04-19,32635950,5510,47,0,0,0,0,0,0,0,0,5515,23,0,0,0,0,0,0,0,0
449,2017-04-19,09:03:56,512,v1709,XDCE,5515,5485,5525,12184,335579800,165616,163968,5860,5310,5585,5540,0,5520,0,0,0,2017-04-19,32636512,5510,48,0,0,0,0,0,0,0,0,5515,25,0,0,0,0,0,0,0,0
450,2017-04-19,09:03:57,42,v1709,XDCE,5515,5485,5525,12188,335690100,165616,163968,5860,5310,5585,5540,0,5520,0,0,0,2017-04-19,32637042,5510,48,0,0,0,0,0,0,0,0,5515,19,0,0,0,0,0,0,0,0
451,2017-04-19,09:03:57,566,v1709,XDCE,5515,5485,5525,12188,335690100,165616,163968,5860,5310,5585,5540,0,5520,0,0,0,2017-04-19,32637566,5510,50,0,0,0,0,0,0,0,0,5515,21,0,0,0,0,0,0,0,0
452,2017-04-19,09:03:58,79,v1709,XDCE,5515,5485,5525,12196,335910700,165612,163968,5860,5310,5585,5540,0,5520,0,0,0,2017-04-19,32638079,5510,53,0,0,0,0,0,0,0,0,5515,17,0,0,0,0,0,0,0,0
453,2017-04-19,09:03:58,566,v1709,XDCE,5515,5485,5525,12196,335910700,165612,163968,5860,5310,5585,5540,0,5520,0,0,0,2017-04-19,32638566,5510,53,0,0,0,0,0,0,0,0,5515,18,0,0,0,0,0,0,0,0
454,2017-04-19,09:03:59,78,v1709,XDCE,5515,5485,5525,12200,336020950,165612,163968,5860,5310,5585,5540,0,5520,0,0,0,2017-04-19,32639078,5510,52,0,0,0,0,0,0,0,0,5515,23,0,0,0,0,0,0,0,0
455,2017-04-19,09:03:59,571,v1709,XDCE,5515,5485,5525,12200,336020950,165612,163968,5860,5310,5585,5540,0,5520,0,0,0,2017-04-19,32639571,5510,53,0,0,0,0,0,0,0,0,5515,26,0,0,0,0,0,0,0,0
456,2017-04-19,09:04:00,61,v1709,XDCE,5515,5485,5525,12204,336131250,165612,163968,5860,5310,5585,5540,0,5520,0,0,0,2017-04-19,32640061,5510,52,0,0,0,0,0,0,0,0,5515,27,0,0,0,0,0,0,0,0
457,2017-04-19,09:04:00,572,v1709,XDCE,5515,5485,5525,12206,336186400,165612,163968,5860,5310,5585,5540,0,5520,0,0,0,2017-04-19,32640572,5510,57,0,0,0,0,0,0,0,0,5515,27,0,0,0,0,0,0,0,0
458,2017-04-19,09:04:01,8,v1709,XDCE,5510,5485,5525,12216,336461900,165612,163968,5860,5310,5585,5540,0,5520,0,0,0,2017-04-19,32641008,5510,52,0,0,0,0,0,0,0,0,5515,27,0,0,0,0,0,0,0,0
459,2017-04-19,09:04:02,556,v1709,XDCE,5510,5485,5525,12216,336461900,165612,163968,5860,5310,5585,5540,0,5520,0,0,0,2017-04-19,32642556,5510,52,0,0,0,0,0,0,0,0,5515,31,0,0,0,0,0,0,0,0
460,2017-04-19,09:04:02,993,v1709,XDCE,5510,5485,5525,12216,336461900,165612,163968,5860,5310,5585,5540,0,5520,0,0,0,2017-04-19,32642993,5510,53,0,0,0,0,0,0,0,0,5515,32,0,0,0,0,0,0,0,0
461,2017-04-19,09:04:04,61,v1709,XDCE,5510,5485,5525,12216,336461900,165612,163968,5860,5310,5585,5540,0,5520,0,0,0,2017-04-19,32644061,5510,62,0,0,0,0,0,0,0,0,5515,32,0,0,0,0,0,0,0,0
462,2017-04-19,09:04:04,515,v1709,XDCE,5510,5485,5525,12216,336461900,165612,163968,5860,5310,5585,5540,0,5520,0,0,0,2017-04-19,32644515,5510,61,0,0,0,0,0,0,0,0,5515,32,0,0,0,0,0,0,0,0
463,2017-04-19,09:04:05,67,v1709,XDCE,5510,5485,5525,12216,336461900,165612,163968,5860,5310,5585,5540,0,5520,0,0,0,2017-04-19,32645067,5510,62,0,0,0,0,0,0,0,0,5515,32,0,0,0,0,0,0,0,0
464,2017-04-19,09:04:06,67,v1709,XDCE,5515,5485,5525,12218,336517050,165612,163968,5860,5310,5585,5540,0,5520,0,0,0,2017-04-19,32646067,5510,64,0,0,0,0,0,0,0,0,5515,31,0,0,0,0,0,0,0,0
465,2017-04-19,09:04:06,482,v1709,XDCE,5515,5485,5525,12218,336517050,165612,163968,5860,5310,5585,5540,0,5520,0,0,0,2017-04-19,32646482,5510,64,0,0,0,0,0,0,0,0,5515,32,0,0,0,0,0,0,0,0
466,2017-04-19,09:04:07,518,v1709,XDCE,5515,5485,5525,12222,336627350,165614,163968,5860,5310,5585,5540,0,5520,0,0,0,2017-04-19,32647518,5510,65,0,0,0,0,0,0,0,0,5515,30,0,0,0,0,0,0,0,0
467,2017-04-19,09:04:07,956,v1709,XDCE,5515,5485,5525,12222,336627350,165614,163968,5860,5310,5585,5540,0,5520,0,0,0,2017-04-19,32647956,5510,65,0,0,0,0,0,0,0,0,5515,31,0,0,0,0,0,0,0,0
468,2017-04-19,09:04:08,958,v1709,XDCE,5510,5485,5525,12230,336847750,165614,163968,5860,5310,5585,5540,0,5520,0,0,0,2017-04-19,32648958,5510,61,0,0,0,0,0,0,0,0,5515,31,0,0,0,0,0,0,0,0
469,2017-04-19,09:04:09,509,v1709,XDCE,5510,5485,5525,12230,336847750,165614,163968,5860,5310,5585,5540,0,5520,0,0,0,2017-04-19,32649509,5510,62,0,0,0,0,0,0,0,0,5515,31,0,0,0,0,0,0,0,0
470,2017-04-19,09:04:09,891,v1709,XDCE,5510,5485,5525,12230,336847750,165614,163968,5860,5310,5585,5540,0,5520,0,0,0,2017-04-19,32649891,5510,67,0,0,0,0,0,0,0,0,5515,33,0,0,0,0,0,0,0,0
471,2017-04-19,09:04:10,380,v1709,XDCE,5515,5485,5525,12296,338667700,165664,163968,5860,5310,5585,5540,0,5520,0,0,0,2017-04-19,32650380,5515,7,0,0,0,0,0,0,0,0,5520,149,0,0,0,0,0,0,0,0
472,2017-04-19,09:04:11,54,v1709,XDCE,5515,5485,5525,12318,339274350,165682,163968,5860,5310,5585,5540,0,5520,0,0,0,2017-04-19,32651054,5510,67,0,0,0,0,0,0,0,0,5515,2,0,0,0,0,0,0,0,0
473,2017-04-19,09:04:11,473,v1709,XDCE,5515,5485,5525,12330,339605250,165686,163968,5860,5310,5585,5540,0,5520,0,0,0,2017-04-19,32651473,5515,194,0,0,0,0,0,0,0,0,5520,140,0,0,0,0,0,0,0,0
474,2017-04-19,09:04:12,14,v1709,XDCE,5515,5485,5525,12330,339605250,165686,163968,5860,5310,5585,5540,0,5520,0,0,0,2017-04-19,32652014,5515,199,0,0,0,0,0,0,0,0,5520,142,0,0,0,0,0,0,0,0
475,2017-04-19,09:04:13,58,v1709,XDCE,5515,5485,5525,12332,339660400,165688,163968,5860,5310,5585,5540,0,5520,0,0,0,2017-04-19,32653058,5515,199,0,0,0,0,0,0,0,0,5520,142,0,0,0,0,0,0,0,0
476,2017-04-19,09:04:13,490,v1709,XDCE,5515,5485,5525,12332,339660400,165688,163968,5860,5310,5585,5540,0,5520,0,0,0,2017-04-19,32653490,5515,199,0,0,0,0,0,0,0,0,5520,141,0,0,0,0,0,0,0,0
477,2017-04-19,09:04:14,80,v1709,XDCE,5520,5485,5525,12352,340212400,165702,163968,5860,5310,5585,5540,0,5520,0,0,0,2017-04-19,32654080,5515,201,0,0,0,0,0,0,0,0,5520,127,0,0,0,0,0,0,0,0
478,2017-04-19,09:04:14,527,v1709,XDCE,5520,5485,5525,12628,347830000,165954,163968,5860,5310,5585,5540,0,5520,0,0,0,2017-04-19,32654527,5520,85,0,0,0,0,0,0,0,0,5525,71,0,0,0,0,0,0,0,0
479,2017-04-19,09:04:15,37,v1709,XDCE,5525,5485,5525,12648,348382350,165964,163968,5860,5310,5585,5540,0,5520,0,0,0,2017-04-19,32655037,5520,96,0,0,0,0,0,0,0,0,5525,64,0,0,0,0,0,0,0,0
480,2017-04-19,09:04:15,571,v1709,XDCE,5525,5485,5525,12650,348437600,165966,163968,5860,5310,5585,5540,0,5520,0,0,0,2017-04-19,32655571,5520,39,0,0,0,0,0,0,0,0,5525,76,0,0,0,0,0,0,0,0
481,2017-04-19,09:04:15,936,v1709,XDCE,5520,5485,5525,12654,348548050,165970,163968,5860,5310,5585,5540,0,5520,0,0,0,2017-04-19,32655936,5520,56,0,0,0,0,0,0,0,0,5525,83,0,0,0,0,0,0,0,0
482,2017-04-19,09:04:16,455,v1709,XDCE,5520,5485,5525,12654,348548050,165970,163968,5860,5310,5585,5540,0,5520,0,0,0,2017-04-19,32656455,5520,57,0,0,0,0,0,0,0,0,5525,83,0,0,0,0,0,0,0,0
483,2017-04-19,09:04:17,66,v1709,XDCE,5520,5485,5525,12654,348548050,165970,163968,5860,5310,5585,5540,0,5520,0,0,0,2017-04-19,32657066,5520,58,0,0,0,0,0,0,0,0,5525,84,0,0,0,0,0,0,0,0
484,2017-04-19,09:04:17,429,v1709,XDCE,5520,5485,5525,12656,348603250,165970,163968,5860,5310,5585,5540,0,5520,0,0,0,2017-04-19,32657429,5520,57,0,0,0,0,0,0,0,0,5525,95,0,0,0,0,0,0,0,0
485,2017-04-19,09:04:18,41,v1709,XDCE,5525,5485,5525,12664,348824250,165970,163968,5860,5310,5585,5540,0,5520,0,0,0,2017-04-19,32658041,5520,57,0,0,0,0,0,0,0,0,5525,91,0,0,0,0,0,0,0,0
486,2017-04-19,09:04:18,404,v1709,XDCE,5525,5485,5525,12672,349045250,165970,163968,5860,5310,5585,5540,0,5520,0,0,0,2017-04-19,32658404,5520,58,0,0,0,0,0,0,0,0,5525,87,0,0,0,0,0,0,0,0
487,2017-04-19,09:04:18,932,v1709,XDCE,5525,5485,5525,12674,349100500,165972,163968,5860,5310,5585,5540,0,5520,0,0,0,2017-04-19,32658932,5520,58,0,0,0,0,0,0,0,0,5525,86,0,0,0,0,0,0,0,0
488,2017-04-19,09:04:19,581,v1709,XDCE,5525,5485,5525,12708,350038950,165974,163968,5860,5310,5585,5540,0,5520,0,0,0,2017-04-19,32659581,5520,543,0,0,0,0,0,0,0,0,5525,105,0,0,0,0,0,0,0,0
489,2017-04-19,09:04:20,63,v1709,XDCE,5525,5485,5525,12760,351475450,166006,163968,5860,5310,5585,5540,0,5520,0,0,0,2017-04-19,32660063,5520,557,0,0,0,0,0,0,0,0,5525,63,0,0,0,0,0,0,0,0
490,2017-04-19,09:04:20,490,v1709,XDCE,5530,5485,5530,12888,355011500,166018,163968,5860,5310,5585,5540,0,5520,0,0,0,2017-04-19,32660490,5525,12,0,0,0,0,0,0,0,0,5530,119,0,0,0,0,0,0,0,0
491,2017-04-19,09:04:21,75,v1709,XDCE,5530,5485,5530,12920,355896150,166030,163968,5860,5310,5585,5540,0,5520,0,0,0,2017-04-19,32661075,5525,29,0,0,0,0,0,0,0,0,5530,105,0,0,0,0,0,0,0,0
492,2017-04-19,09:04:21,553,v1709,XDCE,5530,5485,5530,12942,356503950,166026,163968,5860,5310,5585,5540,0,5520,0,0,0,2017-04-19,32661553,5525,46,0,0,0,0,0,0,0,0,5530,103,0,0,0,0,0,0,0,0
493,2017-04-19,09:04:22,81,v1709,XDCE,5530,5485,5530,12942,356503950,166026,163968,5860,5310,5585,5540,0,5520,0,0,0,2017-04-19,32662081,5525,48,0,0,0,0,0,0,0,0,5530,102,0,0,0,0,0,0,0,0
494,2017-04-19,09:04:22,578,v1709,XDCE,5525,5485,5530,12962,357056450,166034,163968,5860,5310,5585,5540,0,5520,0,0,0,2017-04-19,32662578,5525,72,0,0,0,0,0,0,0,0,5530,102,0,0,0,0,0,0,0,0
495,2017-04-19,09:04:23,67,v1709,XDCE,5525,5485,5530,13066,359929500,165942,163968,5860,5310,5585,5540,0,5520,0,0,0,2017-04-19,32663067,5525,24,0,0,0,0,0,0,0,0,5530,102,0,0,0,0,0,0,0,0
496,2017-04-19,09:04:23,518,v1709,XDCE,5525,5485,5530,13128,361642250,165938,163968,5860,5310,5585,5540,0,5520,0,0,0,2017-04-19,32663518,5520,539,0,0,0,0,0,0,0,0,5530,83,0,0,0,0,0,0,0,0
497,2017-04-19,09:04:24,73,v1709,XDCE,5525,5485,5530,13132,361752750,165942,163968,5860,5310,5585,5540,0,5520,0,0,0,2017-04-19,32664073,5520,539,0,0,0,0,0,0,0,0,5525,1,0,0,0,0,0,0,0,0
498,2017-04-19,09:04:24,533,v1709,XDCE,5525,5485,5530,13136,361863250,165944,163968,5860,5310,5585,5540,0,5520,0,0,0,2017-04-19,32664533,5520,534,0,0,0,0,0,0,0,0,5525,55,0,0,0,0,0,0,0,0
499,2017-04-19,09:04:24,997,v1709,XDCE,5525,5485,5530,13142,362029000,165940,163968,5860,5310,5585,5540,0,5520,0,0,0,2017-04-19,32664997,5520,534,0,0,0,0,0,0,0,0,5525,54,0,0,0,0,0,0,0,0
500,2017-04-19,09:04:25,456,v1709,XDCE,5525,5485,5530,13144,362084250,165942,163968,5860,5310,5585,5540,0,5520,0,0,0,2017-04-19,32665456,5520,537,0,0,0,0,0,0,0,0,5525,53,0,0,0,0,0,0,0,0
501,2017-04-19,09:04:25,900,v1709,XDCE,5520,5485,5530,13146,362139450,165944,163968,5860,5310,5585,5540,0,5520,0,0,0,2017-04-19,32665900,5520,533,0,0,0,0,0,0,0,0,5525,55,0,0,0,0,0,0,0,0
502,2017-04-19,09:04:26,499,v1709,XDCE,5520,5485,5530,13148,362194650,165946,163968,5860,5310,5585,5540,0,5520,0,0,0,2017-04-19,32666499,5520,532,0,0,0,0,0,0,0,0,5525,58,0,0,0,0,0,0,0,0
503,2017-04-19,09:04:27,78,v1709,XDCE,5520,5485,5530,13148,362194650,165946,163968,5860,5310,5585,5540,0,5520,0,0,0,2017-04-19,32667078,5520,532,0,0,0,0,0,0,0,0,5525,60,0,0,0,0,0,0,0,0
504,2017-04-19,09:04:27,520,v1709,XDCE,5525,5485,5530,13150,362249900,165948,163968,5860,5310,5585,5540,0,5520,0,0,0,2017-04-19,32667520,5520,532,0,0,0,0,0,0,0,0,5525,62,0,0,0,0,0,0,0,0
505,2017-04-19,09:04:28,75,v1709,XDCE,5520,5485,5530,13152,362305100,165948,163968,5860,5310,5585,5540,0,5520,0,0,0,2017-04-19,32668075,5520,530,0,0,0,0,0,0,0,0,5525,62,0,0,0,0,0,0,0,0
506,2017-04-19,09:04:28,529,v1709,XDCE,5525,5485,5530,13156,362415600,165948,163968,5860,5310,5585,5540,0,5520,0,0,0,2017-04-19,32668529,5520,530,0,0,0,0,0,0,0,0,5525,60,0,0,0,0,0,0,0,0
507,2017-04-19,09:04:28,987,v1709,XDCE,5525,5485,5530,13170,362802350,165948,163968,5860,5310,5585,5540,0,5520,0,0,0,2017-04-19,32668987,5520,530,0,0,0,0,0,0,0,0,5525,54,0,0,0,0,0,0,0,0
508,2017-04-19,09:04:29,961,v1709,XDCE,5520,5485,5530,13192,363409600,165966,163968,5860,5310,5585,5540,0,5520,0,0,0,2017-04-19,32669961,5520,520,0,0,0,0,0,0,0,0,5525,53,0,0,0,0,0,0,0,0
509,2017-04-19,09:04:30,484,v1709,XDCE,5520,5485,5530,13208,363851300,165974,163968,5860,5310,5585,5540,0,5520,0,0,0,2017-04-19,32670484,5520,514,0,0,0,0,0,0,0,0,5525,61,0,0,0,0,0,0,0,0
510,2017-04-19,09:04:31,81,v1709,XDCE,5520,5485,5530,13208,363851300,165974,163968,5860,5310,5585,5540,0,5520,0,0,0,2017-04-19,32671081,5520,501,0,0,0,0,0,0,0,0,5525,72,0,0,0,0,0,0,0,0
511,2017-04-19,09:04:31,566,v1709,XDCE,5520,5485,5530,13208,363851300,165974,163968,5860,5310,5585,5540,0,5520,0,0,0,2017-04-19,32671566,5520,501,0,0,0,0,0,0,0,0,5525,86,0,0,0,0,0,0,0,0
512,2017-04-19,09:04:32,488,v1709,XDCE,5525,5485,5530,13210,363906550,165974,163968,5860,5310,5585,5540,0,5520,0,0,0,2017-04-19,32672488,5520,501,0,0,0,0,0,0,0,0,5525,85,0,0,0,0,0,0,0,0
513,2017-04-19,09:04:33,559,v1709,XDCE,5525,5485,5530,13210,363906550,165974,163968,5860,5310,5585,5540,0,5520,0,0,0,2017-04-19,32673559,5520,5,0,0,0,0,0,0,0,0,5525,96,0,0,0,0,0,0,0,0
514,2017-04-19,09:04:34,64,v1709,XDCE,5520,5485,5530,13244,364844400,165964,163968,5860,5310,5585,5540,0,5520,0,0,0,2017-04-19,32674064,5515,11,0,0,0,0,0,0,0,0,5520,56,0,0,0,0,0,0,0,0
515,2017-04-19,09:04:34,541,v1709,XDCE,5510,5485,5530,13304,366498400,165924,163968,5860,5310,5585,5540,0,5520,0,0,0,2017-04-19,32674541,5510,66,0,0,0,0,0,0,0,0,5515,2,0,0,0,0,0,0,0,0
516,2017-04-19,09:04:35,57,v1709,XDCE,5510,5485,5530,13304,366498400,165924,163968,5860,5310,5585,5540,0,5520,0,0,0,2017-04-19,32675057,5510,64,0,0,0,0,0,0,0,0,5515,19,0,0,0,0,0,0,0,0
517,2017-04-19,09:04:35,565,v1709,XDCE,5510,5485,5530,13304,366498400,165924,163968,5860,5310,5585,5540,0,5520,0,0,0,2017-04-19,32675565,5510,68,0,0,0,0,0,0,0,0,5515,88,0,0,0,0,0,0,0,0
518,2017-04-19,09:04:36,75,v1709,XDCE,5515,5485,5530,13336,367380800,165948,163968,5860,5310,5585,5540,0,5520,0,0,0,2017-04-19,32676075,5510,67,0,0,0,0,0,0,0,0,5515,89,0,0,0,0,0,0,0,0
519,2017-04-19,09:04:36,544,v1709,XDCE,5510,5485,5530,13422,369750100,165930,163968,5860,5310,5585,5540,0,5520,0,0,0,2017-04-19,32676544,5510,23,0,0,0,0,0,0,0,0,5515,97,0,0,0,0,0,0,0,0
520,2017-04-19,09:04:36,962,v1709,XDCE,5510,5485,5530,13468,371017400,165952,163968,5860,5310,5585,5540,0,5520,0,0,0,2017-04-19,32676962,5510,1,0,0,0,0,0,0,0,0,5515,72,0,0,0,0,0,0,0,0
521,2017-04-19,09:04:37,577,v1709,XDCE,5510,5485,5530,13468,371017400,165952,163968,5860,5310,5585,5540,0,5520,0,0,0,2017-04-19,32677577,5510,9,0,0,0,0,0,0,0,0,5515,86,0,0,0,0,0,0,0,0
522,2017-04-19,09:04:38,13,v1709,XDCE,5515,5485,5530,13488,371568900,165932,163968,5860,5310,5585,5540,0,5520,0,0,0,2017-04-19,32678013,5510,13,0,0,0,0,0,0,0,0,5515,77,0,0,0,0,0,0,0,0
523,2017-04-19,09:04:38,556,v1709,XDCE,5510,5485,5530,13490,371624000,165932,163968,5860,5310,5585,5540,0,5520,0,0,0,2017-04-19,32678556,5510,18,0,0,0,0,0,0,0,0,5515,77,0,0,0,0,0,0,0,0
524,2017-04-19,09:04:39,524,v1709,XDCE,5510,5485,5530,13490,371624000,165932,163968,5860,5310,5585,5540,0,5520,0,0,0,2017-04-19,32679524,5510,20,0,0,0,0,0,0,0,0,5515,77,0,0,0,0,0,0,0,0
525,2017-04-19,09:04:40,79,v1709,XDCE,5510,5485,5530,13490,371624000,165932,163968,5860,5310,5585,5540,0,5520,0,0,0,2017-04-19,32680079,5510,23,0,0,0,0,0,0,0,0,5515,78,0,0,0,0,0,0,0,0
526,2017-04-19,09:04:40,483,v1709,XDCE,5510,5485,5530,13490,371624000,165932,163968,5860,5310,5585,5540,0,5520,0,0,0,2017-04-19,32680483,5510,24,0,0,0,0,0,0,0,0,5515,78,0,0,0,0,0,0,0,0
527,2017-04-19,09:04:41,26,v1709,XDCE,5510,5485,5530,13490,371624000,165932,163968,5860,5310,5585,5540,0,5520,0,0,0,2017-04-19,32681026,5510,25,0,0,0,0,0,0,0,0,5515,78,0,0,0,0,0,0,0,0
528,2017-04-19,09:04:41,983,v1709,XDCE,5515,5485,5530,13500,371899750,165932,163968,5860,5310,5585,5540,0,5520,0,0,0,2017-04-19,32681983,5510,26,0,0,0,0,0,0,0,0,5515,73,0,0,0,0,0,0,0,0
529,2017-04-19,09:04:42,539,v1709,XDCE,5515,5485,5530,13502,371954900,165932,163968,5860,5310,5585,5540,0,5520,0,0,0,2017-04-19,32682539,5510,26,0,0,0,0,0,0,0,0,5515,72,0,0,0,0,0,0,0,0
530,2017-04-19,09:04:43,80,v1709,XDCE,5515,5485,5530,13502,371954900,165932,163968,5860,5310,5585,5540,0,5520,0,0,0,2017-04-19,32683080,5510,23,0,0,0,0,0,0,0,0,5515,72,0,0,0,0,0,0,0,0
531,2017-04-19,09:04:44,36,v1709,XDCE,5515,5485,5530,13502,371954900,165932,163968,5860,5310,5585,5540,0,5520,0,0,0,2017-04-19,32684036,5510,23,0,0,0,0,0,0,0,0,5515,74,0,0,0,0,0,0,0,0
532,2017-04-19,09:04:44,556,v1709,XDCE,5510,5485,5530,13546,373167100,165940,163968,5860,5310,5585,5540,0,5520,0,0,0,2017-04-19,32684556,5510,15,0,0,0,0,0,0,0,0,5515,79,0,0,0,0,0,0,0,0
533,2017-04-19,09:04:45,68,v1709,XDCE,5510,5485,5530,13582,374158900,165940,163968,5860,5310,5585,5540,0,5520,0,0,0,2017-04-19,32685068,5505,162,0,0,0,0,0,0,0,0,5510,3,0,0,0,0,0,0,0,0
534,2017-04-19,09:04:45,535,v1709,XDCE,5510,5485,5530,13620,375205800,165972,163968,5860,5310,5585,5540,0,5520,0,0,0,2017-04-19,32685535,5505,162,0,0,0,0,0,0,0,0,5510,22,0,0,0,0,0,0,0,0
535,2017-04-19,09:04:46,52,v1709,XDCE,5510,5485,5530,13620,375205800,165972,163968,5860,5310,5585,5540,0,5520,0,0,0,2017-04-19,32686052,5505,163,0,0,0,0,0,0,0,0,5510,22,0,0,0,0,0,0,0,0
536,2017-04-19,09:04:46,572,v1709,XDCE,5510,5485,5530,13626,375371100,165974,163968,5860,5310,5585,5540,0,5520,0,0,0,2017-04-19,32686572,5505,162,0,0,0,0,0,0,0,0,5510,41,0,0,0,0,0,0,0,0
537,2017-04-19,09:04:46,994,v1709,XDCE,5510,5485,5530,13626,375371100,165974,163968,5860,5310,5585,5540,0,5520,0,0,0,2017-04-19,32686994,5505,162,0,0,0,0,0,0,0,0,5510,44,0,0,0,0,0,0,0,0
538,2017-04-19,09:04:47,552,v1709,XDCE,5510,5485,5530,13626,375371100,165974,163968,5860,5310,5585,5540,0,5520,0,0,0,2017-04-19,32687552,5505,162,0,0,0,0,0,0,0,0,5510,46,0,0,0,0,0,0,0,0
539,2017-04-19,09:04:48,52,v1709,XDCE,5505,5485,5530,13628,375426150,165976,163968,5860,5310,5585,5540,0,5520,0,0,0,2017-04-19,32688052,5505,161,0,0,0,0,0,0,0,0,5510,47,0,0,0,0,0,0,0,0
