,dataDate,dataTime,dataMillisec,instrumentID,exchangeCD,lastPrice,lowPrice,highPrice,volume,value,openInterest,preOpenInterest,upperLimitPrice,lowerLimitPrice,preSettlementPrice,prevClosePrice,settlementPrice,openPrice,closePrice,preDelta,currDelta,clearingDay,milliSecOffset,bidPrice1,bidVolume1,bidPrice2,bidVolume2,bidPrice3,bidVolume3,bidPrice4,bidVolume4,bidPrice5,bidVolume5,askPrice1,askVolume1,askPrice2,askVolume2,askPrice3,askVolume3,askPrice4,askVolume4,askPrice5,askVolume5
0,2017-04-19,07:27:41,0,WH705,XZCE,3138,0,0,0,0,12796,12796,3292,2978,3135,3138,0,0,0,0,0,2017-04-19,26861000,0,0,0,0,0,0,0,0,0,0,0,0,0,0,0,0,0,0,0,0
1,2017-04-19,08:59:00,0,WH705,XZCE,3138,0,0,0,0,12796,12796,3292,2978,3135,3138,0,0,0,0,0,2017-04-19,32340000,3103,2,0,0,0,0,0,0,0,0,3132,1,0,0,0,0,0,0,0,0
2,2017-04-19,09:00:00,0,WH705,XZCE,3138,0,0,0,0,12796,12796,3292,2978,3135,3138,0,0,0,0,0,2017-04-19,32400000,3104,2,0,0,0,0,0,0,0,0,3132,1,0,0,0,0,0,0,0,0
3,2017-04-19,09:00:01,0,WH705,XZCE,3101,3101,3105,24,1488480,12788,12796,3292,2978,3135,3138,0,3105,0,0,0,2017-04-19,32401000,3101,1,0,0,0,0,0,0,0,0,3130,1,0,0,0,0,0,0,0,0
4,2017-04-19,09:00:01,0,WH705,XZCE,3109,3101,3130,28,1737200,12788,12796,3292,2978,3135,3138,0,3105,0,0,0,2017-04-19,32401000,3108,10,0,0,0,0,0,0,0,0,3120,1,0,0,0,0,0,0,0,0
5,2017-04-19,09:00:02,0,WH705,XZCE,3135,3101,3135,40,2489600,12788,12796,3292,2978,3135,3138,0,3105,0,0,0,2017-04-19,32402000,3134,2,0,0,0,0,0,0,0,0,3136,2,0,0,0,0,0,0,0,0
6,2017-04-19,09:00:02,0,WH705,XZCE,3134,3101,3135,44,2740320,12788,12796,3292,2978,3135,3138,0,3105,0,0,0,2017-04-19,32402000,3134,1,0,0,0,0,0,0,0,0,3135,1,0,0,0,0,0,0,0,0
7,2017-04-19,09:00:03,0,WH705,XZCE,3132,3101,3135,50,3116160,12790,12796,3292,2978,3135,3138,0,3105,0,0,0,2017-04-19,32403000,3132,14,0,0,0,0,0,0,0,0,3135,2,0,0,0,0,0,0,0,0
8,2017-04-19,09:00:03,0,WH705,XZCE,3132,3101,3135,52,3241440,12790,12796,3292,2978,3135,3138,0,3105,0,0,0,2017-04-19,32403000,3132,13,0,0,0,0,0,0,0,0,3135,2,0,0,0,0,0,0,0,0
9,2017-04-19,09:00:04,0,WH705,XZCE,3132,3101,3135,54,3366720,12790,12796,3292,2978,3135,3138,0,3105,0,0,0,2017-04-19,32404000,3132,12,0,0,0,0,0,0,0,0,3135,2,0,0,0,0,0,0,0,0
10,2017-04-19,09:00:05,0,WH705,XZCE,3132,3101,3135,56,3492000,12788,12796,3292,2978,3135,3138,0,3105,0,0,0,2017-04-19,32405000,3132,11,0,0,0,0,0,0,0,0,3135,2,0,0,0,0,0,0,0,0
11,2017-04-19,09:00:08,0,WH705,XZCE,3132,3101,3135,62,3867840,12788,12796,3292,2978,3135,3138,0,3105,0,0,0,2017-04-19,32408000,3132,8,0,0,0,0,0,0,0,0,3134,2,0,0,0,0,0,0,0,0
12,2017-04-19,09:00:09,0,WH705,XZCE,3132,3101,3135,62,3867840,12788,12796,3292,2978,3135,3138,0,3105,0,0,0,2017-04-19,32409000,3132,8,0,0,0,0,0,0,0,0,3133,1,0,0,0,0,0,0,0,0
13,2017-04-19,09:00:09,0,WH705,XZCE,3132,3101,3135,64,3993120,12788,12796,3292,2978,3135,3138,0,3105,0,0,0,2017-04-19,32409000,3132,7,0,0,0,0,0,0,0,0,3133,1,0,0,0,0,0,0,0,0
14,2017-04-19,09:00:10,0,WH705,XZCE,3132,3101,3135,68,4243680,12786,12796,3292,2978,3135,3138,0,3105,0,0,0,2017-04-19,32410000,3132,5,0,0,0,0,0,0,0,0,3133,2,0,0,0,0,0,0,0,0
15,2017-04-19,09:00:11,0,WH705,XZCE,3132,3101,3135,70,4368960,12786,12796,3292,2978,3135,3138,0,3105,0,0,0,2017-04-19,32411000,3132,4,0,0,0,0,0,0,0,0,3133,2,0,0,0,0,0,0,0,0
16,2017-04-19,09:00:11,0,WH705,XZCE,3132,3101,3135,78,4870080,12784,12796,3292,2978,3135,3138,0,3105,0,0,0,2017-04-19,32411000,3107,1,0,0,0,0,0,0,0,0,3132,7,0,0,0,0,0,0,0,0
17,2017-04-19,09:00:12,0,WH705,XZCE,3132,3101,3135,78,4870080,12784,12796,3292,2978,3135,3138,0,3105,0,0,0,2017-04-19,32412000,3107,1,0,0,0,0,0,0,0,0,3132,13,0,0,0,0,0,0,0,0
18,2017-04-19,09:00:12,0,WH705,XZCE,3132,3101,3135,78,4870080,12784,12796,3292,2978,3135,3138,0,3105,0,0,0,2017-04-19,32412000,3108,1,0,0,0,0,0,0,0,0,3131,5,0,0,0,0,0,0,0,0
19,2017-04-19,09:00:13,0,WH705,XZCE,3132,3101,3135,78,4870080,12784,12796,3292,2978,3135,3138,0,3105,0,0,0,2017-04-19,32413000,3108,1,0,0,0,0,0,0,0,0,3131,1,0,0,0,0,0,0,0,0
20,2017-04-19,09:00:14,0,WH705,XZCE,3132,3101,3135,78,4870080,12784,12796,3292,2978,3135,3138,0,3105,0,0,0,2017-04-19,32414000,3108,1,0,0,0,0,0,0,0,0,3130,1,0,0,0,0,0,0,0,0
21,2017-04-19,09:00:14,0,WH705,XZCE,3132,3101,3135,78,4870080,12784,12796,3292,2978,3135,3138,0,3105,0,0,0,2017-04-19,32414000,3108,1,0,0,0,0,0,0,0,0,3130,21,0,0,0,0,0,0,0,0
22,2017-04-19,09:00:15,0,WH705,XZCE,3108,3101,3135,80,4994400,12782,12796,3292,2978,3135,3138,0,3105,0,0,0,2017-04-19,32415000,3107,1,0,0,0,0,0,0,0,0,3129,3,0,0,0,0,0,0,0,0
23,2017-04-19,09:00:15,0,WH705,XZCE,3108,3101,3135,80,4994400,12782,12796,3292,2978,3135,3138,0,3105,0,0,0,2017-04-19,32415000,3110,1,0,0,0,0,0,0,0,0,3129,3,0,0,0,0,0,0,0,0
24,2017-04-19,09:00:16,0,WH705,XZCE,3126,3101,3135,82,5119440,12782,12796,3292,2978,3135,3138,0,3105,0,0,0,2017-04-19,32416000,3110,1,0,0,0,0,0,0,0,0,3126,19,0,0,0,0,0,0,0,0
25,2017-04-19,09:00:16,0,WH705,XZCE,3126,3101,3135,82,5119440,12782,12796,3292,2978,3135,3138,0,3105,0,0,0,2017-04-19,32416000,3110,1,0,0,0,0,0,0,0,0,3125,1,0,0,0,0,0,0,0,0
26,2017-04-19,09:00:17,0,WH705,XZCE,3126,3101,3135,86,5369520,12780,12796,3292,2978,3135,3138,0,3105,0,0,0,2017-04-19,32417000,3110,1,0,0,0,0,0,0,0,0,3126,1,0,0,0,0,0,0,0,0
27,2017-04-19,09:00:18,0,WH705,XZCE,3126,3101,3135,86,5369520,12780,12796,3292,2978,3135,3138,0,3105,0,0,0,2017-04-19,32418000,3111,1,0,0,0,0,0,0,0,0,3126,3,0,0,0,0,0,0,0,0
28,2017-04-19,09:00:18,0,WH705,XZCE,3126,3101,3135,86,5369520,12780,12796,3292,2978,3135,3138,0,3105,0,0,0,2017-04-19,32418000,3122,1,0,0,0,0,0,0,0,0,3126,3,0,0,0,0,0,0,0,0
29,2017-04-19,09:00:19,0,WH705,XZCE,3122,3101,3135,88,5494400,12780,12796,3292,2978,3135,3138,0,3105,0,0,0,2017-04-19,32419000,3111,1,0,0,0,0,0,0,0,0,3125,1,0,0,0,0,0,0,0,0
30,2017-04-19,09:00:20,0,WH705,XZCE,3122,3101,3135,88,5494400,12780,12796,3292,2978,3135,3138,0,3105,0,0,0,2017-04-19,32420000,3119,1,0,0,0,0,0,0,0,0,3125,1,0,0,0,0,0,0,0,0
31,2017-04-19,09:00:20,0,WH705,XZCE,3119,3101,3135,90,5619160,12780,12796,3292,2978,3135,3138,0,3105,0,0,0,2017-04-19,32420000,3118,1,0,0,0,0,0,0,0,0,3125,1,0,0,0,0,0,0,0,0
32,2017-04-19,09:00:22,0,WH705,XZCE,3119,3101,3135,90,5619160,12780,12796,3292,2978,3135,3138,0,3105,0,0,0,2017-04-19,32422000,3118,1,0,0,0,0,0,0,0,0,3124,1,0,0,0,0,0,0,0,0
33,2017-04-19,09:00:22,0,WH705,XZCE,3119,3101,3135,90,5619160,12780,12796,3292,2978,3135,3138,0,3105,0,0,0,2017-04-19,32422000,3111,1,0,0,0,0,0,0,0,0,3124,1,0,0,0,0,0,0,0,0
34,2017-04-19,09:00:23,0,WH705,XZCE,3119,3101,3135,90,5619160,12780,12796,3292,2978,3135,3138,0,3105,0,0,0,2017-04-19,32423000,3111,1,0,0,0,0,0,0,0,0,3122,3,0,0,0,0,0,0,0,0
35,2017-04-19,09:00:24,0,WH705,XZCE,3119,3101,3135,90,5619160,12780,12796,3292,2978,3135,3138,0,3105,0,0,0,2017-04-19,32424000,3119,1,0,0,0,0,0,0,0,0,3122,3,0,0,0,0,0,0,0,0
36,2017-04-19,09:00:24,0,WH705,XZCE,3119,3101,3135,90,5619160,12780,12796,3292,2978,3135,3138,0,3105,0,0,0,2017-04-19,32424000,3119,1,0,0,0,0,0,0,0,0,3120,2,0,0,0,0,0,0,0,0
37,2017-04-19,09:00:25,0,WH705,XZCE,3119,3101,3135,94,5868680,12778,12796,3292,2978,3135,3138,0,3105,0,0,0,2017-04-19,32425000,3111,4,0,0,0,0,0,0,0,0,3120,1,0,0,0,0,0,0,0,0
38,2017-04-19,09:00:25,0,WH705,XZCE,3120,3101,3135,96,5993480,12776,12796,3292,2978,3135,3138,0,3105,0,0,0,2017-04-19,32425000,3111,4,0,0,0,0,0,0,0,0,3121,1,0,0,0,0,0,0,0,0
39,2017-04-19,09:00:27,0,WH705,XZCE,3120,3101,3135,96,5993480,12776,12796,3292,2978,3135,3138,0,3105,0,0,0,2017-04-19,32427000,3111,4,0,0,0,0,0,0,0,0,3121,2,0,0,0,0,0,0,0,0
40,2017-04-19,09:00:27,0,WH705,XZCE,3120,3101,3135,96,5993480,12776,12796,3292,2978,3135,3138,0,3105,0,0,0,2017-04-19,32427000,3112,2,0,0,0,0,0,0,0,0,3121,2,0,0,0,0,0,0,0,0
41,2017-04-19,09:00:28,0,WH705,XZCE,3120,3101,3135,96,5993480,12776,12796,3292,2978,3135,3138,0,3105,0,0,0,2017-04-19,32428000,3114,1,0,0,0,0,0,0,0,0,3121,2,0,0,0,0,0,0,0,0
42,2017-04-19,09:00:30,0,WH705,XZCE,3120,3101,3135,96,5993480,12776,12796,3292,2978,3135,3138,0,3105,0,0,0,2017-04-19,32430000,3114,2,0,0,0,0,0,0,0,0,3121,2,0,0,0,0,0,0,0,0
43,2017-04-19,09:00:30,0,WH705,XZCE,3120,3101,3135,96,5993480,12776,12796,3292,2978,3135,3138,0,3105,0,0,0,2017-04-19,32430000,3114,3,0,0,0,0,0,0,0,0,3121,2,0,0,0,0,0,0,0,0
44,2017-04-19,09:00:31,0,WH705,XZCE,3114,3101,3135,98,6118040,12778,12796,3292,2978,3135,3138,0,3105,0,0,0,2017-04-19,32431000,3115,2,0,0,0,0,0,0,0,0,3121,2,0,0,0,0,0,0,0,0
45,2017-04-19,09:00:34,0,WH705,XZCE,3115,3101,3135,100,6242640,12780,12796,3292,2978,3135,3138,0,3105,0,0,0,2017-04-19,32434000,3114,1,0,0,0,0,0,0,0,0,3121,2,0,0,0,0,0,0,0,0
46,2017-04-19,09:00:34,0,WH705,XZCE,3121,3101,3135,104,6492320,12776,12796,3292,2978,3135,3138,0,3105,0,0,0,2017-04-19,32434000,3114,1,0,0,0,0,0,0,0,0,3124,1,0,0,0,0,0,0,0,0
47,2017-04-19,09:00:35,0,WH705,XZCE,3121,3101,3135,104,6492320,12776,12796,3292,2978,3135,3138,0,3105,0,0,0,2017-04-19,32435000,3116,3,0,0,0,0,0,0,0,0,3118,1,0,0,0,0,0,0,0,0
48,2017-04-19,09:00:38,0,WH705,XZCE,3121,3101,3135,104,6492320,12776,12796,3292,2978,3135,3138,0,3105,0,0,0,2017-04-19,32438000,3117,1,0,0,0,0,0,0,0,0,3118,1,0,0,0,0,0,0,0,0
49,2017-04-19,09:00:39,0,WH705,XZCE,3121,3101,3135,104,6492320,12776,12796,3292,2978,3135,3138,0,3105,0,0,0,2017-04-19,32439000,3117,1,0,0,0,0,0,0,0,0,3118,3,0,0,0,0,0,0,0,0
50,2017-04-19,09:00:39,0,WH705,XZCE,3118,3101,3135,106,6617040,12774,12796,3292,2978,3135,3138,0,3105,0,0,0,2017-04-19,32439000,3117,1,0,0,0,0,0,0,0,0,3118,2,0,0,0,0,0,0,0,0
51,2017-04-19,09:00:39,0,WH705,XZCE,3118,3101,3135,110,6866480,12770,12796,3292,2978,3135,3138,0,3105,0,0,0,2017-04-19,32439000,3117,1,0,0,0,0,0,0,0,0,3124,1,0,0,0,0,0,0,0,0
52,2017-04-19,09:00:41,0,WH705,XZCE,3118,3101,3135,110,6866480,12770,12796,3292,2978,3135,3138,0,3105,0,0,0,2017-04-19,32441000,3117,1,0,0,0,0,0,0,0,0,3122,1,0,0,0,0,0,0,0,0
53,2017-04-19,09:00:42,0,WH705,XZCE,3118,3101,3135,110,6866480,12770,12796,3292,2978,3135,3138,0,3105,0,0,0,2017-04-19,32442000,3118,1,0,0,0,0,0,0,0,0,3121,1,0,0,0,0,0,0,0,0
54,2017-04-19,09:00:44,0,WH705,XZCE,3117,3101,3135,116,7240520,12772,12796,3292,2978,3135,3138,0,3105,0,0,0,2017-04-19,32444000,3114,1,0,0,0,0,0,0,0,0,3116,2,0,0,0,0,0,0,0,0
55,2017-04-19,09:00:46,0,WH705,XZCE,3117,3101,3135,118,7365200,12772,12796,3292,2978,3135,3138,0,3105,0,0,0,2017-04-19,32446000,3114,1,0,0,0,0,0,0,0,0,3116,1,0,0,0,0,0,0,0,0
56,2017-04-19,09:00:46,0,WH705,XZCE,3117,3101,3135,122,7614560,12772,12796,3292,2978,3135,3138,0,3105,0,0,0,2017-04-19,32446000,3114,1,0,0,0,0,0,0,0,0,3124,1,0,0,0,0,0,0,0,0
57,2017-04-19,09:00:46,0,WH705,XZCE,3117,3101,3135,122,7614560,12772,12796,3292,2978,3135,3138,0,3105,0,0,0,2017-04-19,32446000,3116,3,0,0,0,0,0,0,0,0,3124,1,0,0,0,0,0,0,0,0
58,2017-04-19,09:00:48,0,WH705,XZCE,3124,3101,3135,124,7739520,12772,12796,3292,2978,3135,3138,0,3105,0,0,0,2017-04-19,32448000,3124,1,0,0,0,0,0,0,0,0,3126,1,0,0,0,0,0,0,0,0
59,2017-04-19,09:00:49,0,WH705,XZCE,3124,3101,3135,126,7864480,12772,12796,3292,2978,3135,3138,0,3105,0,0,0,2017-04-19,32449000,3116,3,0,0,0,0,0,0,0,0,3126,1,0,0,0,0,0,0,0,0
60,2017-04-19,09:00:49,0,WH705,XZCE,3124,3101,3135,126,7864480,12772,12796,3292,2978,3135,3138,0,3105,0,0,0,2017-04-19,32449000,3118,1,0,0,0,0,0,0,0,0,3126,1,0,0,0,0,0,0,0,0
61,2017-04-19,09:00:52,0,WH705,XZCE,3124,3101,3135,126,7864480,12772,12796,3292,2978,3135,3138,0,3105,0,0,0,2017-04-19,32452000,3118,1,0,0,0,0,0,0,0,0,3126,2,0,0,0,0,0,0,0,0
62,2017-04-19,09:00:52,0,WH705,XZCE,3124,3101,3135,126,7864480,12772,12796,3292,2978,3135,3138,0,3105,0,0,0,2017-04-19,32452000,3118,1,0,0,0,0,0,0,0,0,3119,1,0,0,0,0,0,0,0,0
63,2017-04-19,09:00:53,0,WH705,XZCE,3119,3101,3135,128,7989240,12770,12796,3292,2978,3135,3138,0,3105,0,0,0,2017-04-19,32453000,3118,1,0,0,0,0,0,0,0,0,3125,2,0,0,0,0,0,0,0,0
64,2017-04-19,09:00:55,0,WH705,XZCE,3119,3101,3135,128,7989240,12770,12796,3292,2978,3135,3138,0,3105,0,0,0,2017-04-19,32455000,3118,1,0,0,0,0,0,0,0,0,3125,3,0,0,0,0,0,0,0,0
65,2017-04-19,09:00:56,0,WH705,XZCE,3119,3101,3135,128,7989240,12770,12796,3292,2978,3135,3138,0,3105,0,0,0,2017-04-19,32456000,3120,1,0,0,0,0,0,0,0,0,3122,1,0,0,0,0,0,0,0,0
66,2017-04-19,09:00:57,0,WH705,XZCE,3119,3101,3135,128,7989240,12770,12796,3292,2978,3135,3138,0,3105,0,0,0,2017-04-19,32457000,3120,1,0,0,0,0,0,0,0,0,3123,1,0,0,0,0,0,0,0,0
67,2017-04-19,09:00:58,0,WH705,XZCE,3123,3101,3135,130,8114160,12770,12796,3292,2978,3135,3138,0,3105,0,0,0,2017-04-19,32458000,3120,1,0,0,0,0,0,0,0,0,3124,1,0,0,0,0,0,0,0,0
68,2017-04-19,09:00:58,0,WH705,XZCE,3123,3101,3135,132,8239080,12768,12796,3292,2978,3135,3138,0,3105,0,0,0,2017-04-19,32458000,3120,1,0,0,0,0,0,0,0,0,3124,1,0,0,0,0,0,0,0,0
69,2017-04-19,09:01:00,0,WH705,XZCE,3123,3101,3135,132,8239080,12768,12796,3292,2978,3135,3138,0,3105,0,0,0,2017-04-19,32460000,3121,1,0,0,0,0,0,0,0,0,3124,1,0,0,0,0,0,0,0,0
70,2017-04-19,09:01:00,0,WH705,XZCE,3123,3101,3135,132,8239080,12768,12796,3292,2978,3135,3138,0,3105,0,0,0,2017-04-19,32460000,3121,1,0,0,0,0,0,0,0,0,3124,2,0,0,0,0,0,0,0,0
71,2017-04-19,09:01:02,0,WH705,XZCE,3121,3101,3135,134,8363920,12768,12796,3292,2978,3135,3138,0,3105,0,0,0,2017-04-19,32462000,3120,1,0,0,0,0,0,0,0,0,3124,2,0,0,0,0,0,0,0,0
72,2017-04-19,09:01:03,0,WH705,XZCE,3120,3101,3135,136,8488720,12768,12796,3292,2978,3135,3138,0,3105,0,0,0,2017-04-19,32463000,3119,2,0,0,0,0,0,0,0,0,3120,4,0,0,0,0,0,0,0,0
73,2017-04-19,09:01:03,0,WH705,XZCE,3120,3101,3135,138,8613520,12768,12796,3292,2978,3135,3138,0,3105,0,0,0,2017-04-19,32463000,3119,2,0,0,0,0,0,0,0,0,3120,3,0,0,0,0,0,0,0,0
74,2017-04-19,09:01:04,0,WH705,XZCE,3119,3101,3135,140,8738280,12768,12796,3292,2978,3135,3138,0,3105,0,0,0,2017-04-19,32464000,3119,1,0,0,0,0,0,0,0,0,3120,4,0,0,0,0,0,0,0,0
75,2017-04-19,09:01:05,0,WH705,XZCE,3119,3101,3135,142,8863040,12768,12796,3292,2978,3135,3138,0,3105,0,0,0,2017-04-19,32465000,3118,1,0,0,0,0,0,0,0,0,3120,4,0,0,0,0,0,0,0,0
76,2017-04-19,09:01:06,0,WH705,XZCE,3120,3101,3135,144,8987840,12768,12796,3292,2978,3135,3138,0,3105,0,0,0,2017-04-19,32466000,3118,1,0,0,0,0,0,0,0,0,3120,3,0,0,0,0,0,0,0,0
77,2017-04-19,09:01:06,0,WH705,XZCE,3120,3101,3135,146,9112640,12770,12796,3292,2978,3135,3138,0,3105,0,0,0,2017-04-19,32466000,3118,1,0,0,0,0,0,0,0,0,3120,2,0,0,0,0,0,0,0,0
78,2017-04-19,09:01:07,0,WH705,XZCE,3118,3101,3135,148,9237360,12772,12796,3292,2978,3135,3138,0,3105,0,0,0,2017-04-19,32467000,3114,1,0,0,0,0,0,0,0,0,3118,4,0,0,0,0,0,0,0,0
79,2017-04-19,09:01:08,0,WH705,XZCE,3118,3101,3135,150,9362080,12772,12796,3292,2978,3135,3138,0,3105,0,0,0,2017-04-19,32468000,3114,1,0,0,0,0,0,0,0,0,3118,3,0,0,0,0,0,0,0,0
80,2017-04-19,09:01:09,0,WH705,XZCE,3118,3101,3135,150,9362080,12772,12796,3292,2978,3135,3138,0,3105,0,0,0,2017-04-19,32469000,3115,1,0,0,0,0,0,0,0,0,3116,1,0,0,0,0,0,0,0,0
81,2017-04-19,09:01:10,0,WH705,XZCE,3118,3101,3135,150,9362080,12772,12796,3292,2978,3135,3138,0,3105,0,0,0,2017-04-19,32470000,3115,1,0,0,0,0,0,0,0,0,3118,3,0,0,0,0,0,0,0,0
82,2017-04-19,09:01:11,0,WH705,XZCE,3118,3101,3135,150,9362080,12772,12796,3292,2978,3135,3138,0,3105,0,0,0,2017-04-19,32471000,3114,2,0,0,0,0,0,0,0,0,3118,3,0,0,0,0,0,0,0,0
83,2017-04-19,09:01:11,0,WH705,XZCE,3118,3101,3135,150,9362080,12772,12796,3292,2978,3135,3138,0,3105,0,0,0,2017-04-19,32471000,3114,2,0,0,0,0,0,0,0,0,3117,1,0,0,0,0,0,0,0,0
84,2017-04-19,09:01:12,0,WH705,XZCE,3118,3101,3135,156,9736240,12772,12796,3292,2978,3135,3138,0,3105,0,0,0,2017-04-19,32472000,3114,2,0,0,0,0,0,0,0,0,3118,2,0,0,0,0,0,0,0,0
85,2017-04-19,09:01:12,0,WH705,XZCE,3118,3101,3135,158,9860960,12772,12796,3292,2978,3135,3138,0,3105,0,0,0,2017-04-19,32472000,3114,2,0,0,0,0,0,0,0,0,3118,1,0,0,0,0,0,0,0,0
86,2017-04-19,09:01:13,0,WH705,XZCE,3118,3101,3135,158,9860960,12772,12796,3292,2978,3135,3138,0,3105,0,0,0,2017-04-19,32473000,3115,1,0,0,0,0,0,0,0,0,3118,1,0,0,0,0,0,0,0,0
87,2017-04-19,09:01:14,0,WH705,XZCE,3118,3101,3135,158,9860960,12772,12796,3292,2978,3135,3138,0,3105,0,0,0,2017-04-19,32474000,3116,1,0,0,0,0,0,0,0,0,3118,1,0,0,0,0,0,0,0,0
88,2017-04-19,09:01:15,0,WH705,XZCE,3118,3101,3135,160,9985680,12772,12796,3292,2978,3135,3138,0,3105,0,0,0,2017-04-19,32475000,3116,1,0,0,0,0,0,0,0,0,3120,2,0,0,0,0,0,0,0,0
89,2017-04-19,09:01:16,0,WH705,XZCE,3116,3101,3135,162,10110320,12774,12796,3292,2978,3135,3138,0,3105,0,0,0,2017-04-19,32476000,3115,5,0,0,0,0,0,0,0,0,3120,2,0,0,0,0,0,0,0,0
90,2017-04-19,09:01:17,0,WH705,XZCE,3116,3101,3135,162,10110320,12774,12796,3292,2978,3135,3138,0,3105,0,0,0,2017-04-19,32477000,3116,1,0,0,0,0,0,0,0,0,3120,2,0,0,0,0,0,0,0,0
91,2017-04-19,09:01:18,0,WH705,XZCE,3118,3101,3135,164,10235040,12774,12796,3292,2978,3135,3138,0,3105,0,0,0,2017-04-19,32478000,3116,1,0,0,0,0,0,0,0,0,3120,2,0,0,0,0,0,0,0,0
92,2017-04-19,09:01:19,0,WH705,XZCE,3120,3101,3135,170,10609440,12774,12796,3292,2978,3135,3138,0,3105,0,0,0,2017-04-19,32479000,3116,2,0,0,0,0,0,0,0,0,3124,2,0,0,0,0,0,0,0,0
93,2017-04-19,09:01:20,0,WH705,XZCE,3120,3101,3135,170,10609440,12774,12796,3292,2978,3135,3138,0,3105,0,0,0,2017-04-19,32480000,3116,2,0,0,0,0,0,0,0,0,3119,1,0,0,0,0,0,0,0,0
94,2017-04-19,09:01:21,0,WH705,XZCE,3120,3101,3135,170,10609440,12774,12796,3292,2978,3135,3138,0,3105,0,0,0,2017-04-19,32481000,3117,1,0,0,0,0,0,0,0,0,3119,1,0,0,0,0,0,0,0,0
95,2017-04-19,09:01:21,0,WH705,XZCE,3119,3101,3135,172,10734200,12774,12796,3292,2978,3135,3138,0,3105,0,0,0,2017-04-19,32481000,3117,1,0,0,0,0,0,0,0,0,3123,1,0,0,0,0,0,0,0,0
96,2017-04-19,09:01:23,0,WH705,XZCE,3117,3101,3135,174,10858880,12776,12796,3292,2978,3135,3138,0,3105,0,0,0,2017-04-19,32483000,3116,2,0,0,0,0,0,0,0,0,3123,1,0,0,0,0,0,0,0,0
97,2017-04-19,09:01:24,0,WH705,XZCE,3117,3101,3135,174,10858880,12776,12796,3292,2978,3135,3138,0,3105,0,0,0,2017-04-19,32484000,3116,2,0,0,0,0,0,0,0,0,3122,1,0,0,0,0,0,0,0,0
98,2017-04-19,09:01:25,0,WH705,XZCE,3122,3101,3135,176,10983760,12776,12796,3292,2978,3135,3138,0,3105,0,0,0,2017-04-19,32485000,3116,2,0,0,0,0,0,0,0,0,3123,1,0,0,0,0,0,0,0,0
99,2017-04-19,09:01:25,0,WH705,XZCE,3122,3101,3135,176,10983760,12776,12796,3292,2978,3135,3138,0,3105,0,0,0,2017-04-19,32485000,3119,1,0,0,0,0,0,0,0,0,3121,2,0,0,0,0,0,0,0,0
100,2017-04-19,09:01:27,0,WH705,XZCE,3119,3101,3135,178,11108520,12776,12796,3292,2978,3135,3138,0,3105,0,0,0,2017-04-19,32487000,3117,2,0,0,0,0,0,0,0,0,3124,2,0,0,0,0,0,0,0,0
101,2017-04-19,09:01:27,0,WH705,XZCE,3119,3101,3135,178,11108520,12776,12796,3292,2978,3135,3138,0,3105,0,0,0,2017-04-19,32487000,3117,6,0,0,0,0,0,0,0,0,3124,2,0,0,0,0,0,0,0,0
102,2017-04-19,09:01:28,0,WH705,XZCE,3119,3101,3135,178,11108520,12776,12796,3292,2978,3135,3138,0,3105,0,0,0,2017-04-19,32488000,3122,1,0,0,0,0,0,0,0,0,3124,2,0,0,0,0,0,0,0,0
103,2017-04-19,09:01:34,0,WH705,XZCE,3124,3101,3135,180,11233480,12776,12796,3292,2978,3135,3138,0,3105,0,0,0,2017-04-19,32494000,3122,2,0,0,0,0,0,0,0,0,3124,1,0,0,0,0,0,0,0,0
104,2017-04-19,09:01:37,0,WH705,XZCE,3122,3101,3135,182,11358360,12776,12796,3292,2978,3135,3138,0,3105,0,0,0,2017-04-19,32497000,3122,1,0,0,0,0,0,0,0,0,3124,1,0,0,0,0,0,0,0,0
105,2017-04-19,09:01:37,0,WH705,XZCE,3122,3101,3135,182,11358360,12776,12796,3292,2978,3135,3138,0,3105,0,0,0,2017-04-19,32497000,3122,1,0,0,0,0,0,0,0,0,3123,1,0,0,0,0,0,0,0,0
106,2017-04-19,09:01:38,0,WH705,XZCE,3122,3101,3135,184,11483240,12776,12796,3292,2978,3135,3138,0,3105,0,0,0,2017-04-19,32498000,3120,1,0,0,0,0,0,0,0,0,3122,1,0,0,0,0,0,0,0,0
107,2017-04-19,09:01:40,0,WH705,XZCE,3122,3101,3135,184,11483240,12776,12796,3292,2978,3135,3138,0,3105,0,0,0,2017-04-19,32500000,3120,1,0,0,0,0,0,0,0,0,3123,1,0,0,0,0,0,0,0,0
108,2017-04-19,09:01:42,0,WH705,XZCE,3120,3101,3135,186,11608040,12776,12796,3292,2978,3135,3138,0,3105,0,0,0,2017-04-19,32502000,3117,4,0,0,0,0,0,0,0,0,3123,1,0,0,0,0,0,0,0,0
109,2017-04-19,09:01:43,0,WH705,XZCE,3120,3101,3135,186,11608040,12776,12796,3292,2978,3135,3138,0,3105,0,0,0,2017-04-19,32503000,3118,1,0,0,0,0,0,0,0,0,3123,1,0,0,0,0,0,0,0,0
110,2017-04-19,09:01:43,0,WH705,XZCE,3120,3101,3135,186,11608040,12776,12796,3292,2978,3135,3138,0,3105,0,0,0,2017-04-19,32503000,3118,1,0,0,0,0,0,0,0,0,3122,1,0,0,0,0,0,0,0,0
111,2017-04-19,09:01:43,0,WH705,XZCE,3120,3101,3135,186,11608040,12776,12796,3292,2978,3135,3138,0,3105,0,0,0,2017-04-19,32503000,3118,1,0,0,0,0,0,0,0,0,3122,2,0,0,0,0,0,0,0,0
112,2017-04-19,09:01:46,0,WH705,XZCE,3120,3101,3135,188,11732840,12776,12796,3292,2978,3135,3138,0,3105,0,0,0,2017-04-19,32506000,3118,1,0,0,0,0,0,0,0,0,3122,2,0,0,0,0,0,0,0,0
113,2017-04-19,09:01:47,0,WH705,XZCE,3120,3101,3135,188,11732840,12776,12796,3292,2978,3135,3138,0,3105,0,0,0,2017-04-19,32507000,3118,1,0,0,0,0,0,0,0,0,3122,1,0,0,0,0,0,0,0,0
114,2017-04-19,09:01:55,0,WH705,XZCE,3122,3101,3135,198,12357240,12768,12796,3292,2978,3135,3138,0,3105,0,0,0,2017-04-19,32515000,3118,1,0,0,0,0,0,0,0,0,3123,1,0,0,0,0,0,0,0,0
115,2017-04-19,09:01:56,0,WH705,XZCE,3122,3101,3135,198,12357240,12768,12796,3292,2978,3135,3138,0,3105,0,0,0,2017-04-19,32516000,3118,1,0,0,0,0,0,0,0,0,3122,1,0,0,0,0,0,0,0,0
116,2017-04-19,09:01:58,0,WH705,XZCE,3122,3101,3135,198,12357240,12768,12796,3292,2978,3135,3138,0,3105,0,0,0,2017-04-19,32518000,3118,1,0,0,0,0,0,0,0,0,3120,3,0,0,0,0,0,0,0,0
117,2017-04-19,09:02:02,0,WH705,XZCE,3118,3101,3135,200,12481960,12770,12796,3292,2978,3135,3138,0,3105,0,0,0,2017-04-19,32522000,3117,4,0,0,0,0,0,0,0,0,3120,3,0,0,0,0,0,0,0,0
118,2017-04-19,09:02:03,0,WH705,XZCE,3118,3101,3135,200,12481960,12770,12796,3292,2978,3135,3138,0,3105,0,0,0,2017-04-19,32523000,3117,4,0,0,0,0,0,0,0,0,3119,1,0,0,0,0,0,0,0,0
119,2017-04-19,09:02:05,0,WH705,XZCE,3120,3101,3135,208,12981160,12774,12796,3292,2978,3135,3138,0,3105,0,0,0,2017-04-19,32525000,3117,4,0,0,0,0,0,0,0,0,3123,1,0,0,0,0,0,0,0,0
120,2017-04-19,09:02:05,0,WH705,XZCE,3119,3101,3135,210,13105920,12774,12796,3292,2978,3135,3138,0,3105,0,0,0,2017-04-19,32525000,3119,2,0,0,0,0,0,0,0,0,3123,1,0,0,0,0,0,0,0,0
121,2017-04-19,09:02:07,0,WH705,XZCE,3119,3101,3135,214,13355440,12774,12796,3292,2978,3135,3138,0,3105,0,0,0,2017-04-19,32527000,3117,4,0,0,0,0,0,0,0,0,3123,1,0,0,0,0,0,0,0,0
122,2017-04-19,09:02:09,0,WH705,XZCE,3119,3101,3135,214,13355440,12774,12796,3292,2978,3135,3138,0,3105,0,0,0,2017-04-19,32529000,3118,1,0,0,0,0,0,0,0,0,3123,1,0,0,0,0,0,0,0,0
123,2017-04-19,09:02:11,0,WH705,XZCE,3119,3101,3135,214,13355440,12774,12796,3292,2978,3135,3138,0,3105,0,0,0,2017-04-19,32531000,3118,1,0,0,0,0,0,0,0,0,3123,3,0,0,0,0,0,0,0,0
124,2017-04-19,09:02:11,0,WH705,XZCE,3119,3101,3135,214,13355440,12774,12796,3292,2978,3135,3138,0,3105,0,0,0,2017-04-19,32531000,3118,1,0,0,0,0,0,0,0,0,3122,1,0,0,0,0,0,0,0,0
125,2017-04-19,09:02:13,0,WH705,XZCE,3118,3101,3135,216,13480160,12776,12796,3292,2978,3135,3138,0,3105,0,0,0,2017-04-19,32533000,3117,4,0,0,0,0,0,0,0,0,3122,1,0,0,0,0,0,0,0,0
126,2017-04-19,09:02:15,0,WH705,XZCE,3118,3101,3135,216,13480160,12776,12796,3292,2978,3135,3138,0,3105,0,0,0,2017-04-19,32535000,3117,4,0,0,0,0,0,0,0,0,3118,3,0,0,0,0,0,0,0,0
127,2017-04-19,09:02:17,0,WH705,XZCE,3118,3101,3135,222,13854320,12776,12796,3292,2978,3135,3138,0,3105,0,0,0,2017-04-19,32537000,3117,4,0,0,0,0,0,0,0,0,3118,1,0,0,0,0,0,0,0,0
128,2017-04-19,09:02:17,0,WH705,XZCE,3118,3101,3135,224,13979040,12774,12796,3292,2978,3135,3138,0,3105,0,0,0,2017-04-19,32537000,3117,4,0,0,0,0,0,0,0,0,3121,1,0,0,0,0,0,0,0,0
129,2017-04-19,09:02:18,0,WH705,XZCE,3118,3101,3135,224,13979040,12774,12796,3292,2978,3135,3138,0,3105,0,0,0,2017-04-19,32538000,3117,4,0,0,0,0,0,0,0,0,3120,1,0,0,0,0,0,0,0,0
130,2017-04-19,09:02:19,0,WH705,XZCE,3117,3101,3135,226,14103720,12774,12796,3292,2978,3135,3138,0,3105,0,0,0,2017-04-19,32539000,3117,3,0,0,0,0,0,0,0,0,3120,1,0,0,0,0,0,0,0,0
131,2017-04-19,09:02:19,0,WH705,XZCE,3117,3101,3135,226,14103720,12774,12796,3292,2978,3135,3138,0,3105,0,0,0,2017-04-19,32539000,3117,3,0,0,0,0,0,0,0,0,3120,2,0,0,0,0,0,0,0,0
132,2017-04-19,09:02:20,0,WH705,XZCE,3117,3101,3135,226,14103720,12774,12796,3292,2978,3135,3138,0,3105,0,0,0,2017-04-19,32540000,3117,3,0,0,0,0,0,0,0,0,3120,3,0,0,0,0,0,0,0,0
133,2017-04-19,09:02:21,0,WH705,XZCE,3117,3101,3135,228,14228400,12774,12796,3292,2978,3135,3138,0,3105,0,0,0,2017-04-19,32541000,3117,2,0,0,0,0,0,0,0,0,3120,3,0,0,0,0,0,0,0,0
134,2017-04-19,09:02:22,0,WH705,XZCE,3117,3101,3135,228,14228400,12774,12796,3292,2978,3135,3138,0,3105,0,0,0,2017-04-19,32542000,3118,1,0,0,0,0,0,0,0,0,3120,3,0,0,0,0,0,0,0,0
135,2017-04-19,09:02:23,0,WH705,XZCE,3117,3101,3135,230,14353080,12774,12796,3292,2978,3135,3138,0,3105,0,0,0,2017-04-19,32543000,3117,2,0,0,0,0,0,0,0,0,3120,3,0,0,0,0,0,0,0,0
136,2017-04-19,09:02:27,0,WH705,XZCE,3120,3101,3135,236,14727480,12772,12796,3292,2978,3135,3138,0,3105,0,0,0,2017-04-19,32547000,3117,2,0,0,0,0,0,0,0,0,3121,1,0,0,0,0,0,0,0,0
137,2017-04-19,09:02:28,0,WH705,XZCE,3117,3101,3135,254,15849600,12784,12796,3292,2978,3135,3138,0,3105,0,0,0,2017-04-19,32548000,3116,5,0,0,0,0,0,0,0,0,3121,1,0,0,0,0,0,0,0,0
138,2017-04-19,09:02:29,0,WH705,XZCE,3117,3101,3135,254,15849600,12784,12796,3292,2978,3135,3138,0,3105,0,0,0,2017-04-19,32549000,3117,1,0,0,0,0,0,0,0,0,3120,10,0,0,0,0,0,0,0,0
139,2017-04-19,09:02:29,0,WH705,XZCE,3120,3101,3135,256,15974400,12784,12796,3292,2978,3135,3138,0,3105,0,0,0,2017-04-19,32549000,3117,1,0,0,0,0,0,0,0,0,3120,10,0,0,0,0,0,0,0,0
140,2017-04-19,09:02:30,0,WH705,XZCE,3117,3101,3135,258,16099080,12784,12796,3292,2978,3135,3138,0,3105,0,0,0,2017-04-19,32550000,3117,1,0,0,0,0,0,0,0,0,3120,9,0,0,0,0,0,0,0,0
141,2017-04-19,09:02:31,0,WH705,XZCE,3117,3101,3135,260,16223760,12782,12796,3292,2978,3135,3138,0,3105,0,0,0,2017-04-19,32551000,3116,5,0,0,0,0,0,0,0,0,3119,1,0,0,0,0,0,0,0,0
142,2017-04-19,09:02:31,0,WH705,XZCE,3117,3101,3135,260,16223760,12782,12796,3292,2978,3135,3138,0,3105,0,0,0,2017-04-19,32551000,3116,5,0,0,0,0,0,0,0,0,3119,2,0,0,0,0,0,0,0,0
143,2017-04-19,09:02:32,0,WH705,XZCE,3118,3101,3135,262,16348480,12780,12796,3292,2978,3135,3138,0,3105,0,0,0,2017-04-19,32552000,3118,12,0,0,0,0,0,0,0,0,3119,2,0,0,0,0,0,0,0,0
144,2017-04-19,09:02:33,0,WH705,XZCE,3119,3101,3135,264,16473240,12780,12796,3292,2978,3135,3138,0,3105,0,0,0,2017-04-19,32553000,3118,12,0,0,0,0,0,0,0,0,3120,9,0,0,0,0,0,0,0,0
145,2017-04-19,09:02:33,0,WH705,XZCE,3120,3101,3135,272,16972440,12788,12796,3292,2978,3135,3138,0,3105,0,0,0,2017-04-19,32553000,3118,12,0,0,0,0,0,0,0,0,3120,5,0,0,0,0,0,0,0,0
146,2017-04-19,09:02:34,0,WH705,XZCE,3119,3101,3135,274,17097200,12790,12796,3292,2978,3135,3138,0,3105,0,0,0,2017-04-19,32554000,3118,12,0,0,0,0,0,0,0,0,3120,5,0,0,0,0,0,0,0,0
147,2017-04-19,09:02:35,0,WH705,XZCE,3119,3101,3135,274,17097200,12790,12796,3292,2978,3135,3138,0,3105,0,0,0,2017-04-19,32555000,3119,1,0,0,0,0,0,0,0,0,3120,5,0,0,0,0,0,0,0,0
148,2017-04-19,09:02:36,0,WH705,XZCE,3119,3101,3135,274,17097200,12790,12796,3292,2978,3135,3138,0,3105,0,0,0,2017-04-19,32556000,3119,2,0,0,0,0,0,0,0,0,3120,5,0,0,0,0,0,0,0,0
149,2017-04-19,09:02:37,0,WH705,XZCE,3120,3101,3135,278,17346800,12790,12796,3292,2978,3135,3138,0,3105,0,0,0,2017-04-19,32557000,3119,2,0,0,0,0,0,0,0,0,3120,3,0,0,0,0,0,0,0,0
150,2017-04-19,09:02:38,0,WH705,XZCE,3120,3101,3135,278,17346800,12790,12796,3292,2978,3135,3138,0,3105,0,0,0,2017-04-19,32558000,3119,1,0,0,0,0,0,0,0,0,3120,3,0,0,0,0,0,0,0,0
151,2017-04-19,09:02:38,0,WH705,XZCE,3120,3101,3135,280,17471600,12792,12796,3292,2978,3135,3138,0,3105,0,0,0,2017-04-19,32558000,3119,1,0,0,0,0,0,0,0,0,3120,2,0,0,0,0,0,0,0,0
152,2017-04-19,09:02:39,0,WH705,XZCE,3119,3101,3135,282,17596360,12794,12796,3292,2978,3135,3138,0,3105,0,0,0,2017-04-19,32559000,3118,12,0,0,0,0,0,0,0,0,3120,2,0,0,0,0,0,0,0,0
153,2017-04-19,09:02:40,0,WH705,XZCE,3120,3101,3135,284,17721160,12796,12796,3292,2978,3135,3138,0,3105,0,0,0,2017-04-19,32560000,3118,12,0,0,0,0,0,0,0,0,3120,1,0,0,0,0,0,0,0,0
154,2017-04-19,09:02:40,0,WH705,XZCE,3120,3101,3135,284,17721160,12796,12796,3292,2978,3135,3138,0,3105,0,0,0,2017-04-19,32560000,3118,12,0,0,0,0,0,0,0,0,3119,1,0,0,0,0,0,0,0,0
155,2017-04-19,09:02:45,0,WH705,XZCE,3118,3101,3135,286,17845880,12796,12796,3292,2978,3135,3138,0,3105,0,0,0,2017-04-19,32565000,3118,11,0,0,0,0,0,0,0,0,3119,1,0,0,0,0,0,0,0,0
156,2017-04-19,09:02:50,0,WH705,XZCE,3119,3101,3135,288,17970640,12798,12796,3292,2978,3135,3138,0,3105,0,0,0,2017-04-19,32570000,3119,2,0,0,0,0,0,0,0,0,3123,3,0,0,0,0,0,0,0,0
157,2017-04-19,09:02:51,0,WH705,XZCE,3119,3101,3135,288,17970640,12798,12796,3292,2978,3135,3138,0,3105,0,0,0,2017-04-19,32571000,3120,3,0,0,0,0,0,0,0,0,3123,3,0,0,0,0,0,0,0,0
158,2017-04-19,09:02:52,0,WH705,XZCE,3119,3101,3135,288,17970640,12798,12796,3292,2978,3135,3138,0,3105,0,0,0,2017-04-19,32572000,3120,3,0,0,0,0,0,0,0,0,3121,3,0,0,0,0,0,0,0,0
159,2017-04-19,09:02:54,0,WH705,XZCE,3120,3101,3135,290,18095440,12800,12796,3292,2978,3135,3138,0,3105,0,0,0,2017-04-19,32574000,3120,2,0,0,0,0,0,0,0,0,3121,3,0,0,0,0,0,0,0,0
160,2017-04-19,09:02:54,0,WH705,XZCE,3120,3101,3135,290,18095440,12800,12796,3292,2978,3135,3138,0,3105,0,0,0,2017-04-19,32574000,3120,24,0,0,0,0,0,0,0,0,3121,3,0,0,0,0,0,0,0,0
161,2017-04-19,09:02:54,0,WH705,XZCE,3120,3101,3135,290,18095440,12800,12796,3292,2978,3135,3138,0,3105,0,0,0,2017-04-19,32574000,3120,22,0,0,0,0,0,0,0,0,3121,3,0,0,0,0,0,0,0,0
162,2017-04-19,09:02:55,0,WH705,XZCE,3120,3101,3135,290,18095440,12800,12796,3292,2978,3135,3138,0,3105,0,0,0,2017-04-19,32575000,3119,4,0,0,0,0,0,0,0,0,3122,1,0,0,0,0,0,0,0,0
163,2017-04-19,09:02:58,0,WH705,XZCE,3120,3101,3135,290,18095440,12800,12796,3292,2978,3135,3138,0,3105,0,0,0,2017-04-19,32578000,3119,4,0,0,0,0,0,0,0,0,3121,1,0,0,0,0,0,0,0,0
164,2017-04-19,09:02:59,0,WH705,XZCE,3121,3101,3135,292,18220280,12800,12796,3292,2978,3135,3138,0,3105,0,0,0,2017-04-19,32579000,3119,4,0,0,0,0,0,0,0,0,3122,1,0,0,0,0,0,0,0,0
165,2017-04-19,09:03:00,0,WH705,XZCE,3121,3101,3135,292,18220280,12800,12796,3292,2978,3135,3138,0,3105,0,0,0,2017-04-19,32580000,3119,4,0,0,0,0,0,0,0,0,3121,1,0,0,0,0,0,0,0,0
166,2017-04-19,09:03:02,0,WH705,XZCE,3121,3101,3135,292,18220280,12800,12796,3292,2978,3135,3138,0,3105,0,0,0,2017-04-19,32582000,3119,4,0,0,0,0,0,0,0,0,3120,1,0,0,0,0,0,0,0,0
167,2017-04-19,09:03:03,0,WH705,XZCE,3121,3101,3135,292,18220280,12800,12796,3292,2978,3135,3138,0,3105,0,0,0,2017-04-19,32583000,3119,2,0,0,0,0,0,0,0,0,3120,1,0,0,0,0,0,0,0,0
168,2017-04-19,09:03:05,0,WH705,XZCE,3119,3101,3135,294,18345040,12802,12796,3292,2978,3135,3138,0,3105,0,0,0,2017-04-19,32585000,3119,1,0,0,0,0,0,0,0,0,3120,1,0,0,0,0,0,0,0,0
169,2017-04-19,09:03:06,0,WH705,XZCE,3120,3101,3135,296,18469840,12800,12796,3292,2978,3135,3138,0,3105,0,0,0,2017-04-19,32586000,3119,1,0,0,0,0,0,0,0,0,3122,1,0,0,0,0,0,0,0,0
170,2017-04-19,09:03:07,0,WH705,XZCE,3119,3101,3135,298,18594600,12802,12796,3292,2978,3135,3138,0,3105,0,0,0,2017-04-19,32587000,3118,11,0,0,0,0,0,0,0,0,3121,1,0,0,0,0,0,0,0,0
171,2017-04-19,09:03:07,0,WH705,XZCE,3119,3101,3135,298,18594600,12802,12796,3292,2978,3135,3138,0,3105,0,0,0,2017-04-19,32587000,3118,11,0,0,0,0,0,0,0,0,3120,1,0,0,0,0,0,0,0,0
172,2017-04-19,09:03:08,0,WH705,XZCE,3118,3101,3135,300,18719320,12802,12796,3292,2978,3135,3138,0,3105,0,0,0,2017-04-19,32588000,3118,10,0,0,0,0,0,0,0,0,3120,1,0,0,0,0,0,0,0,0
173,2017-04-19,09:03:11,0,WH705,XZCE,3120,3101,3135,302,18844120,12800,12796,3292,2978,3135,3138,0,3105,0,0,0,2017-04-19,32591000,3118,10,0,0,0,0,0,0,0,0,3121,1,0,0,0,0,0,0,0,0
174,2017-04-19,09:03:12,0,WH705,XZCE,3120,3101,3135,302,18844120,12800,12796,3292,2978,3135,3138,0,3105,0,0,0,2017-04-19,32592000,3118,10,0,0,0,0,0,0,0,0,3120,1,0,0,0,0,0,0,0,0
175,2017-04-19,09:03:14,0,WH705,XZCE,3120,3101,3135,302,18844120,12800,12796,3292,2978,3135,3138,0,3105,0,0,0,2017-04-19,32594000,3118,10,0,0,0,0,0,0,0,0,3120,2,0,0,0,0,0,0,0,0
176,2017-04-19,09:03:16,0,WH705,XZCE,3120,3101,3135,306,19093720,12798,12796,3292,2978,3135,3138,0,3105,0,0,0,2017-04-19,32596000,3118,10,0,0,0,0,0,0,0,0,3121,1,0,0,0,0,0,0,0,0
177,2017-04-19,09:03:16,0,WH705,XZCE,3121,3101,3135,308,19218560,12796,12796,3292,2978,3135,3138,0,3105,0,0,0,2017-04-19,32596000,3118,10,0,0,0,0,0,0,0,0,3123,4,0,0,0,0,0,0,0,0
178,2017-04-19,09:03:17,0,WH705,XZCE,3121,3101,3135,308,19218560,12796,12796,3292,2978,3135,3138,0,3105,0,0,0,2017-04-19,32597000,3119,1,0,0,0,0,0,0,0,0,3123,4,0,0,0,0,0,0,0,0
179,2017-04-19,09:03:18,0,WH705,XZCE,3121,3101,3135,308,19218560,12796,12796,3292,2978,3135,3138,0,3105,0,0,0,2017-04-19,32598000,3120,5,0,0,0,0,0,0,0,0,3123,4,0,0,0,0,0,0,0,0
180,2017-04-19,09:03:18,0,WH705,XZCE,3121,3101,3135,308,19218560,12796,12796,3292,2978,3135,3138,0,3105,0,0,0,2017-04-19,32598000,3120,6,0,0,0,0,0,0,0,0,3123,4,0,0,0,0,0,0,0,0
181,2017-04-19,09:03:19,0,WH705,XZCE,3121,3101,3135,308,19218560,12796,12796,3292,2978,3135,3138,0,3105,0,0,0,2017-04-19,32599000,3121,1,0,0,0,0,0,0,0,0,3123,4,0,0,0,0,0,0,0,0
182,2017-04-19,09:03:28,0,WH705,XZCE,3121,3101,3135,308,19218560,12796,12796,3292,2978,3135,3138,0,3105,0,0,0,2017-04-19,32608000,3121,4,0,0,0,0,0,0,0,0,3123,4,0,0,0,0,0,0,0,0
183,2017-04-19,09:03:30,0,WH705,XZCE,3121,3101,3135,308,19218560,12796,12796,3292,2978,3135,3138,0,3105,0,0,0,2017-04-19,32610000,3122,1,0,0,0,0,0,0,0,0,3123,4,0,0,0,0,0,0,0,0
184,2017-04-19,09:03:34,0,WH705,XZCE,3122,3101,3135,312,19468320,12796,12796,3292,2978,3135,3138,0,3105,0,0,0,2017-04-19,32614000,3121,4,0,0,0,0,0,0,0,0,3123,3,0,0,0,0,0,0,0,0
185,2017-04-19,09:03:34,0,WH705,XZCE,3122,3101,3135,312,19468320,12796,12796,3292,2978,3135,3138,0,3105,0,0,0,2017-04-19,32614000,3121,3,0,0,0,0,0,0,0,0,3123,3,0,0,0,0,0,0,0,0
186,2017-04-19,09:03:39,0,WH705,XZCE,3121,3101,3135,314,19593160,12796,12796,3292,2978,3135,3138,0,3105,0,0,0,2017-04-19,32619000,3121,2,0,0,0,0,0,0,0,0,3123,3,0,0,0,0,0,0,0,0
187,2017-04-19,09:03:42,0,WH705,XZCE,3121,3101,3135,318,19842840,12796,12796,3292,2978,3135,3138,0,3105,0,0,0,2017-04-19,32622000,3120,5,0,0,0,0,0,0,0,0,3121,6,0,0,0,0,0,0,0,0
188,2017-04-19,09:03:43,0,WH705,XZCE,3121,3101,3135,318,19842840,12796,12796,3292,2978,3135,3138,0,3105,0,0,0,2017-04-19,32623000,3120,5,0,0,0,0,0,0,0,0,3121,10,0,0,0,0,0,0,0,0
189,2017-04-19,09:03:44,0,WH705,XZCE,3121,3101,3135,320,19967680,12798,12796,3292,2978,3135,3138,0,3105,0,0,0,2017-04-19,32624000,3120,5,0,0,0,0,0,0,0,0,3121,9,0,0,0,0,0,0,0,0
190,2017-04-19,09:03:44,0,WH705,XZCE,3120,3101,3135,322,20092480,12796,12796,3292,2978,3135,3138,0,3105,0,0,0,2017-04-19,32624000,3120,4,0,0,0,0,0,0,0,0,3121,9,0,0,0,0,0,0,0,0
191,2017-04-19,09:03:45,0,WH705,XZCE,3120,3101,3135,324,20217280,12796,12796,3292,2978,3135,3138,0,3105,0,0,0,2017-04-19,32625000,3120,3,0,0,0,0,0,0,0,0,3121,9,0,0,0,0,0,0,0,0
192,2017-04-19,09:03:45,0,WH705,XZCE,3120,3101,3135,326,20342080,12796,12796,3292,2978,3135,3138,0,3105,0,0,0,2017-04-19,32625000,3120,2,0,0,0,0,0,0,0,0,3121,9,0,0,0,0,0,0,0,0
193,2017-04-19,09:03:47,0,WH705,XZCE,3120,3101,3135,328,20466880,12796,12796,3292,2978,3135,3138,0,3105,0,0,0,2017-04-19,32627000,3120,1,0,0,0,0,0,0,0,0,3121,9,0,0,0,0,0,0,0,0
194,2017-04-19,09:03:47,0,WH705,XZCE,3120,3101,3135,330,20591680,12796,12796,3292,2978,3135,3138,0,3105,0,0,0,2017-04-19,32627000,3117,5,0,0,0,0,0,0,0,0,3120,4,0,0,0,0,0,0,0,0
195,2017-04-19,09:03:48,0,WH705,XZCE,3120,3101,3135,330,20591680,12796,12796,3292,2978,3135,3138,0,3105,0,0,0,2017-04-19,32628000,3117,5,0,0,0,0,0,0,0,0,3119,1,0,0,0,0,0,0,0,0
196,2017-04-19,09:03:49,0,WH705,XZCE,3120,3101,3135,330,20591680,12796,12796,3292,2978,3135,3138,0,3105,0,0,0,2017-04-19,32629000,3118,1,0,0,0,0,0,0,0,0,3119,1,0,0,0,0,0,0,0,0
197,2017-04-19,09:03:50,0,WH705,XZCE,3120,3101,3135,330,20591680,12796,12796,3292,2978,3135,3138,0,3105,0,0,0,2017-04-19,32630000,3117,5,0,0,0,0,0,0,0,0,3120,4,0,0,0,0,0,0,0,0
198,2017-04-19,09:03:51,0,WH705,XZCE,3120,3101,3135,330,20591680,12796,12796,3292,2978,3135,3138,0,3105,0,0,0,2017-04-19,32631000,3118,1,0,0,0,0,0,0,0,0,3120,4,0,0,0,0,0,0,0,0
199,2017-04-19,09:04:00,0,WH705,XZCE,3120,3101,3135,338,21090880,12796,12796,3292,2978,3135,3138,0,3105,0,0,0,2017-04-19,32640000,3120,6,0,0,0,0,0,0,0,0,3121,6,0,0,0,0,0,0,0,0
200,2017-04-19,09:04:01,0,WH705,XZCE,3121,3101,3135,348,21715080,12796,12796,3292,2978,3135,3138,0,3105,0,0,0,2017-04-19,32641000,3120,2,0,0,0,0,0,0,0,0,3121,5,0,0,0,0,0,0,0,0
201,2017-04-19,09:04:02,0,WH705,XZCE,3121,3101,3135,352,21964760,12798,12796,3292,2978,3135,3138,0,3105,0,0,0,2017-04-19,32642000,3120,2,0,0,0,0,0,0,0,0,3121,3,0,0,0,0,0,0,0,0
202,2017-04-19,09:04:02,0,WH705,XZCE,3121,3101,3135,354,22089600,12800,12796,3292,2978,3135,3138,0,3105,0,0,0,2017-04-19,32642000,3120,2,0,0,0,0,0,0,0,0,3121,2,0,0,0,0,0,0,0,0
203,2017-04-19,09:04:03,0,WH705,XZCE,3121,3101,3135,356,22214440,12800,12796,3292,2978,3135,3138,0,3105,0,0,0,2017-04-19,32643000,3120,2,0,0,0,0,0,0,0,0,3121,1,0,0,0,0,0,0,0,0
204,2017-04-19,09:04:06,0,WH705,XZCE,3121,3101,3135,356,22214440,12800,12796,3292,2978,3135,3138,0,3105,0,0,0,2017-04-19,32646000,3117,5,0,0,0,0,0,0,0,0,3121,1,0,0,0,0,0,0,0,0
205,2017-04-19,09:04:07,0,WH705,XZCE,3121,3101,3135,356,22214440,12800,12796,3292,2978,3135,3138,0,3105,0,0,0,2017-04-19,32647000,3118,1,0,0,0,0,0,0,0,0,3120,1,0,0,0,0,0,0,0,0
206,2017-04-19,09:04:13,0,WH705,XZCE,3120,3101,3135,358,22339240,12800,12796,3292,2978,3135,3138,0,3105,0,0,0,2017-04-19,32653000,3120,1,0,0,0,0,0,0,0,0,3121,1,0,0,0,0,0,0,0,0
207,2017-04-19,09:04:16,0,WH705,XZCE,3120,3101,3135,360,22464040,12800,12796,3292,2978,3135,3138,0,3105,0,0,0,2017-04-19,32656000,3118,1,0,0,0,0,0,0,0,0,3120,1,0,0,0,0,0,0,0,0
208,2017-04-19,09:04:16,0,WH705,XZCE,3120,3101,3135,362,22588840,12798,12796,3292,2978,3135,3138,0,3105,0,0,0,2017-04-19,32656000,3118,1,0,0,0,0,0,0,0,0,3121,1,0,0,0,0,0,0,0,0
209,2017-04-19,09:04:17,0,WH705,XZCE,3120,3101,3135,362,22588840,12798,12796,3292,2978,3135,3138,0,3105,0,0,0,2017-04-19,32657000,3118,1,0,0,0,0,0,0,0,0,3120,1,0,0,0,0,0,0,0,0
210,2017-04-19,09:04:18,0,WH705,XZCE,3120,3101,3135,362,22588840,12798,12796,3292,2978,3135,3138,0,3105,0,0,0,2017-04-19,32658000,3118,2,0,0,0,0,0,0,0,0,3120,1,0,0,0,0,0,0,0,0
211,2017-04-19,09:04:20,0,WH705,XZCE,3120,3101,3135,362,22588840,12798,12796,3292,2978,3135,3138,0,3105,0,0,0,2017-04-19,32660000,3118,1,0,0,0,0,0,0,0,0,3120,1,0,0,0,0,0,0,0,0
212,2017-04-19,09:04:23,0,WH705,XZCE,3120,3101,3135,364,22713640,12798,12796,3292,2978,3135,3138,0,3105,0,0,0,2017-04-19,32663000,3118,1,0,0,0,0,0,0,0,0,3121,2,0,0,0,0,0,0,0,0
213,2017-04-19,09:04:24,0,WH705,XZCE,3120,3101,3135,364,22713640,12798,12796,3292,2978,3135,3138,0,3105,0,0,0,2017-04-19,32664000,3118,1,0,0,0,0,0,0,0,0,3121,1,0,0,0,0,0,0,0,0
214,2017-04-19,09:04:26,0,WH705,XZCE,3120,3101,3135,364,22713640,12798,12796,3292,2978,3135,3138,0,3105,0,0,0,2017-04-19,32666000,3118,1,0,0,0,0,0,0,0,0,3120,1,0,0,0,0,0,0,0,0
215,2017-04-19,09:04:31,0,WH705,XZCE,3120,3101,3135,364,22713640,12798,12796,3292,2978,3135,3138,0,3105,0,0,0,2017-04-19,32671000,3118,2,0,0,0,0,0,0,0,0,3120,1,0,0,0,0,0,0,0,0
216,2017-04-19,09:04:32,0,WH705,XZCE,3120,3101,3135,366,22838440,12796,12796,3292,2978,3135,3138,0,3105,0,0,0,2017-04-19,32672000,3118,2,0,0,0,0,0,0,0,0,3121,1,0,0,0,0,0,0,0,0
217,2017-04-19,09:04:33,0,WH705,XZCE,3121,3101,3135,368,22963280,12796,12796,3292,2978,3135,3138,0,3105,0,0,0,2017-04-19,32673000,3118,2,0,0,0,0,0,0,0,0,3122,1,0,0,0,0,0,0,0,0
218,2017-04-19,09:04:37,0,WH705,XZCE,3122,3101,3135,370,23088160,12796,12796,3292,2978,3135,3138,0,3105,0,0,0,2017-04-19,32677000,3118,2,0,0,0,0,0,0,0,0,3123,3,0,0,0,0,0,0,0,0
219,2017-04-19,09:04:41,0,WH705,XZCE,3122,3101,3135,370,23088160,12796,12796,3292,2978,3135,3138,0,3105,0,0,0,2017-04-19,32681000,3119,1,0,0,0,0,0,0,0,0,3123,3,0,0,0,0,0,0,0,0
220,2017-04-19,09:04:43,0,WH705,XZCE,3122,3101,3135,370,23088160,12796,12796,3292,2978,3135,3138,0,3105,0,0,0,2017-04-19,32683000,3119,2,0,0,0,0,0,0,0,0,3123,3,0,0,0,0,0,0,0,0
221,2017-04-19,09:05:06,0,WH705,XZCE,3122,3101,3135,370,23088160,12796,12796,3292,2978,3135,3138,0,3105,0,0,0,2017-04-19,32706000,3122,1,0,0,0,0,0,0,0,0,3123,3,0,0,0,0,0,0,0,0
222,2017-04-19,09:05:10,0,WH705,XZCE,3122,3101,3135,374,23337920,12794,12796,3292,2978,3135,3138,0,3105,0,0,0,2017-04-19,32710000,3119,2,0,0,0,0,0,0,0,0,3121,5,0,0,0,0,0,0,0,0
223,2017-04-19,09:05:13,0,WH705,XZCE,3121,3101,3135,376,23462760,12794,12796,3292,2978,3135,3138,0,3105,0,0,0,2017-04-19,32713000,3119,2,0,0,0,0,0,0,0,0,3121,4,0,0,0,0,0,0,0,0
224,2017-04-19,09:05:15,0,WH705,XZCE,3119,3101,3135,378,23587520,12794,12796,3292,2978,3135,3138,0,3105,0,0,0,2017-04-19,32715000,3119,1,0,0,0,0,0,0,0,0,3121,4,0,0,0,0,0,0,0,0
225,2017-04-19,09:05:23,0,WH705,XZCE,3119,3101,3135,378,23587520,12794,12796,3292,2978,3135,3138,0,3105,0,0,0,2017-04-19,32723000,3120,1,0,0,0,0,0,0,0,0,3121,4,0,0,0,0,0,0,0,0
226,2017-04-19,09:05:24,0,WH705,XZCE,3120,3101,3135,380,23712320,12794,12796,3292,2978,3135,3138,0,3105,0,0,0,2017-04-19,32724000,3118,2,0,0,0,0,0,0,0,0,3121,4,0,0,0,0,0,0,0,0
227,2017-04-19,09:05:25,0,WH705,XZCE,3120,3101,3135,380,23712320,12794,12796,3292,2978,3135,3138,0,3105,0,0,0,2017-04-19,32725000,3118,2,0,0,0,0,0,0,0,0,3120,1,0,0,0,0,0,0,0,0
228,2017-04-19,09:05:26,0,WH705,XZCE,3120,3101,3135,380,23712320,12794,12796,3292,2978,3135,3138,0,3105,0,0,0,2017-04-19,32726000,3118,2,0,0,0,0,0,0,0,0,3120,2,0,0,0,0,0,0,0,0
229,2017-04-19,09:05:27,0,WH705,XZCE,3118,3101,3135,382,23837040,12792,12796,3292,2978,3135,3138,0,3105,0,0,0,2017-04-19,32727000,3118,1,0,0,0,0,0,0,0,0,3120,2,0,0,0,0,0,0,0,0
230,2017-04-19,09:05:28,0,WH705,XZCE,3118,3101,3135,382,23837040,12792,12796,3292,2978,3135,3138,0,3105,0,0,0,2017-04-19,32728000,3117,5,0,0,0,0,0,0,0,0,3120,2,0,0,0,0,0,0,0,0
231,2017-04-19,09:05:30,0,WH705,XZCE,3117,3101,3135,388,24211080,12792,12796,3292,2978,3135,3138,0,3105,0,0,0,2017-04-19,32730000,3117,2,0,0,0,0,0,0,0,0,3120,2,0,0,0,0,0,0,0,0
232,2017-04-19,09:05:31,0,WH705,XZCE,3117,3101,3135,388,24211080,12792,12796,3292,2978,3135,3138,0,3105,0,0,0,2017-04-19,32731000,3117,2,0,0,0,0,0,0,0,0,3118,1,0,0,0,0,0,0,0,0
233,2017-04-19,09:05:32,0,WH705,XZCE,3117,3101,3135,392,24460440,12794,12796,3292,2978,3135,3138,0,3105,0,0,0,2017-04-19,32732000,3116,3,0,0,0,0,0,0,0,0,3118,1,0,0,0,0,0,0,0,0
234,2017-04-19,09:05:34,0,WH705,XZCE,3117,3101,3135,392,24460440,12794,12796,3292,2978,3135,3138,0,3105,0,0,0,2017-04-19,32734000,3116,3,0,0,0,0,0,0,0,0,3117,1,0,0,0,0,0,0,0,0
235,2017-04-19,09:05:35,0,WH705,XZCE,3117,3101,3135,400,24959160,12790,12796,3292,2978,3135,3138,0,3105,0,0,0,2017-04-19,32735000,3112,2,0,0,0,0,0,0,0,0,3118,1,0,0,0,0,0,0,0,0
236,2017-04-19,09:05:35,0,WH705,XZCE,3112,3101,3135,402,25083640,12788,12796,3292,2978,3135,3138,0,3105,0,0,0,2017-04-19,32735000,3112,1,0,0,0,0,0,0,0,0,3116,1,0,0,0,0,0,0,0,0
237,2017-04-19,09:05:36,0,WH705,XZCE,3112,3101,3135,404,25208120,12788,12796,3292,2978,3135,3138,0,3105,0,0,0,2017-04-19,32736000,3110,3,0,0,0,0,0,0,0,0,3112,5,0,0,0,0,0,0,0,0
238,2017-04-19,09:05:36,0,WH705,XZCE,3110,3101,3135,406,25332520,12788,12796,3292,2978,3135,3138,0,3105,0,0,0,2017-04-19,32736000,3110,2,0,0,0,0,0,0,0,0,3112,5,0,0,0,0,0,0,0,0
239,2017-04-19,09:05:37,0,WH705,XZCE,3112,3101,3135,408,25457000,12790,12796,3292,2978,3135,3138,0,3105,0,0,0,2017-04-19,32737000,3110,2,0,0,0,0,0,0,0,0,3112,4,0,0,0,0,0,0,0,0
240,2017-04-19,09:05:38,0,WH705,XZCE,3112,3101,3135,408,25457000,12790,12796,3292,2978,3135,3138,0,3105,0,0,0,2017-04-19,32738000,3110,2,0,0,0,0,0,0,0,0,3112,5,0,0,0,0,0,0,0,0
241,2017-04-19,09:05:39,0,WH705,XZCE,3110,3101,3135,412,25705800,12788,12796,3292,2978,3135,3138,0,3105,0,0,0,2017-04-19,32739000,3109,2,0,0,0,0,0,0,0,0,3112,5,0,0,0,0,0,0,0,0
242,2017-04-19,09:05:40,0,WH705,XZCE,3110,3101,3135,412,25705800,12788,12796,3292,2978,3135,3138,0,3105,0,0,0,2017-04-19,32740000,3109,2,0,0,0,0,0,0,0,0,3111,10,0,0,0,0,0,0,0,0
243,2017-04-19,09:05:40,0,WH705,XZCE,3110,3101,3135,412,25705800,12788,12796,3292,2978,3135,3138,0,3105,0,0,0,2017-04-19,32740000,3109,2,0,0,0,0,0,0,0,0,3112,5,0,0,0,0,0,0,0,0
244,2017-04-19,09:05:41,0,WH705,XZCE,3112,3101,3135,414,25830280,12788,12796,3292,2978,3135,3138,0,3105,0,0,0,2017-04-19,32741000,3109,2,0,0,0,0,0,0,0,0,3112,5,0,0,0,0,0,0,0,0
245,2017-04-19,09:05:42,0,WH705,XZCE,3109,3101,3135,418,26079000,12788,12796,3292,2978,3135,3138,0,3105,0,0,0,2017-04-19,32742000,3109,1,0,0,0,0,0,0,0,0,3112,4,0,0,0,0,0,0,0,0
246,2017-04-19,09:05:43,0,WH705,XZCE,3109,3101,3135,418,26079000,12788,12796,3292,2978,3135,3138,0,3105,0,0,0,2017-04-19,32743000,3109,1,0,0,0,0,0,0,0,0,3110,1,0,0,0,0,0,0,0,0
247,2017-04-19,09:05:44,0,WH705,XZCE,3109,3101,3135,420,26203360,12788,12796,3292,2978,3135,3138,0,3105,0,0,0,2017-04-19,32744000,3108,1,0,0,0,0,0,0,0,0,3110,1,0,0,0,0,0,0,0,0
248,2017-04-19,09:05:44,0,WH705,XZCE,3109,3101,3135,420,26203360,12788,12796,3292,2978,3135,3138,0,3105,0,0,0,2017-04-19,32744000,3108,1,0,0,0,0,0,0,0,0,3109,1,0,0,0,0,0,0,0,0
249,2017-04-19,09:05:45,0,WH705,XZCE,3108,3101,3135,422,26327680,12788,12796,3292,2978,3135,3138,0,3105,0,0,0,2017-04-19,32745000,3107,1,0,0,0,0,0,0,0,0,3109,8,0,0,0,0,0,0,0,0
250,2017-04-19,09:05:46,0,WH705,XZCE,3108,3101,3135,422,26327680,12788,12796,3292,2978,3135,3138,0,3105,0,0,0,2017-04-19,32746000,3107,1,0,0,0,0,0,0,0,0,3109,9,0,0,0,0,0,0,0,0
251,2017-04-19,09:05:46,0,WH705,XZCE,3108,3101,3135,422,26327680,12788,12796,3292,2978,3135,3138,0,3105,0,0,0,2017-04-19,32746000,3107,1,0,0,0,0,0,0,0,0,3109,2,0,0,0,0,0,0,0,0
252,2017-04-19,09:05:47,0,WH705,XZCE,3108,3101,3135,422,26327680,12788,12796,3292,2978,3135,3138,0,3105,0,0,0,2017-04-19,32747000,3107,1,0,0,0,0,0,0,0,0,3108,1,0,0,0,0,0,0,0,0
253,2017-04-19,09:05:48,0,WH705,XZCE,3108,3101,3135,422,26327680,12788,12796,3292,2978,3135,3138,0,3105,0,0,0,2017-04-19,32748000,3107,1,0,0,0,0,0,0,0,0,3109,2,0,0,0,0,0,0,0,0
254,2017-04-19,09:05:51,0,WH705,XZCE,3107,3101,3135,426,26576240,12788,12796,3292,2978,3135,3138,0,3105,0,0,0,2017-04-19,32751000,3106,2,0,0,0,0,0,0,0,0,3107,3,0,0,0,0,0,0,0,0
255,2017-04-19,09:05:52,0,WH705,XZCE,3107,3101,3135,430,26824800,12788,12796,3292,2978,3135,3138,0,3105,0,0,0,2017-04-19,32752000,3106,2,0,0,0,0,0,0,0,0,3107,10,0,0,0,0,0,0,0,0
256,2017-04-19,09:05:53,0,WH705,XZCE,3106,3101,3135,432,26949040,12788,12796,3292,2978,3135,3138,0,3105,0,0,0,2017-04-19,32753000,3106,1,0,0,0,0,0,0,0,0,3107,3,0,0,0,0,0,0,0,0
257,2017-04-19,09:05:53,0,WH705,XZCE,3107,3101,3135,440,27446160,12788,12796,3292,2978,3135,3138,0,3105,0,0,0,2017-04-19,32753000,3107,8,0,0,0,0,0,0,0,0,3109,1,0,0,0,0,0,0,0,0
258,2017-04-19,09:05:54,0,WH705,XZCE,3109,3101,3135,442,27570520,12788,12796,3292,2978,3135,3138,0,3105,0,0,0,2017-04-19,32754000,3109,1,0,0,0,0,0,0,0,0,3110,1,0,0,0,0,0,0,0,0
259,2017-04-19,09:05:57,0,WH705,XZCE,3110,3101,3135,446,27819320,12788,12796,3292,2978,3135,3138,0,3105,0,0,0,2017-04-19,32757000,3108,1,0,0,0,0,0,0,0,0,3112,4,0,0,0,0,0,0,0,0
260,2017-04-19,09:05:57,0,WH705,XZCE,3110,3101,3135,446,27819320,12788,12796,3292,2978,3135,3138,0,3105,0,0,0,2017-04-19,32757000,3108,1,0,0,0,0,0,0,0,0,3109,2,0,0,0,0,0,0,0,0
261,2017-04-19,09:05:58,0,WH705,XZCE,3109,3101,3135,448,27943680,12788,12796,3292,2978,3135,3138,0,3105,0,0,0,2017-04-19,32758000,3108,1,0,0,0,0,0,0,0,0,3109,1,0,0,0,0,0,0,0,0
262,2017-04-19,09:05:58,0,WH705,XZCE,3109,3101,3135,448,27943680,12788,12796,3292,2978,3135,3138,0,3105,0,0,0,2017-04-19,32758000,3108,1,0,0,0,0,0,0,0,0,3109,2,0,0,0,0,0,0,0,0
263,2017-04-19,09:06:00,0,WH705,XZCE,3109,3101,3135,448,27943680,12788,12796,3292,2978,3135,3138,0,3105,0,0,0,2017-04-19,32760000,3107,8,0,0,0,0,0,0,0,0,3109,2,0,0,0,0,0,0,0,0
264,2017-04-19,09:06:03,0,WH705,XZCE,3109,3101,3135,452,28192400,12788,12796,3292,2978,3135,3138,0,3105,0,0,0,2017-04-19,32763000,3109,9,0,0,0,0,0,0,0,0,3112,4,0,0,0,0,0,0,0,0
265,2017-04-19,09:06:03,0,WH705,XZCE,3109,3101,3135,452,28192400,12788,12796,3292,2978,3135,3138,0,3105,0,0,0,2017-04-19,32763000,3109,9,0,0,0,0,0,0,0,0,3111,1,0,0,0,0,0,0,0,0
266,2017-04-19,09:06:04,0,WH705,XZCE,3109,3101,3135,452,28192400,12788,12796,3292,2978,3135,3138,0,3105,0,0,0,2017-04-19,32764000,3109,10,0,0,0,0,0,0,0,0,3112,4,0,0,0,0,0,0,0,0
267,2017-04-19,09:06:05,0,WH705,XZCE,3109,3101,3135,452,28192400,12788,12796,3292,2978,3135,3138,0,3105,0,0,0,2017-04-19,32765000,3109,10,0,0,0,0,0,0,0,0,3112,3,0,0,0,0,0,0,0,0
268,2017-04-19,09:06:06,0,WH705,XZCE,3109,3101,3135,452,28192400,12788,12796,3292,2978,3135,3138,0,3105,0,0,0,2017-04-19,32766000,3111,1,0,0,0,0,0,0,0,0,3112,3,0,0,0,0,0,0,0,0
269,2017-04-19,09:06:06,0,WH705,XZCE,3109,3101,3135,452,28192400,12788,12796,3292,2978,3135,3138,0,3105,0,0,0,2017-04-19,32766000,3110,2,0,0,0,0,0,0,0,0,3112,3,0,0,0,0,0,0,0,0
270,2017-04-19,09:06:07,0,WH705,XZCE,3110,3101,3135,456,28441200,12792,12796,3292,2978,3135,3138,0,3105,0,0,0,2017-04-19,32767000,3109,10,0,0,0,0,0,0,0,0,3112,3,0,0,0,0,0,0,0,0
271,2017-04-19,09:06:07,0,WH705,XZCE,3110,3101,3135,456,28441200,12792,12796,3292,2978,3135,3138,0,3105,0,0,0,2017-04-19,32767000,3110,2,0,0,0,0,0,0,0,0,3112,3,0,0,0,0,0,0,0,0
272,2017-04-19,09:06:08,0,WH705,XZCE,3110,3101,3135,458,28565600,12794,12796,3292,2978,3135,3138,0,3105,0,0,0,2017-04-19,32768000,3110,2,0,0,0,0,0,0,0,0,3112,3,0,0,0,0,0,0,0,0
273,2017-04-19,09:06:13,0,WH705,XZCE,3110,3101,3135,462,28814400,12798,12796,3292,2978,3135,3138,0,3105,0,0,0,2017-04-19,32773000,3109,11,0,0,0,0,0,0,0,0,3110,3,0,0,0,0,0,0,0,0
274,2017-04-19,09:06:15,0,WH705,XZCE,3110,3101,3135,462,28814400,12798,12796,3292,2978,3135,3138,0,3105,0,0,0,2017-04-19,32775000,3109,10,0,0,0,0,0,0,0,0,3110,3,0,0,0,0,0,0,0,0
275,2017-04-19,09:06:16,0,WH705,XZCE,3110,3101,3135,464,28938800,12800,12796,3292,2978,3135,3138,0,3105,0,0,0,2017-04-19,32776000,3109,10,0,0,0,0,0,0,0,0,3110,2,0,0,0,0,0,0,0,0
276,2017-04-19,09:06:17,0,WH705,XZCE,3110,3101,3135,468,29187600,12804,12796,3292,2978,3135,3138,0,3105,0,0,0,2017-04-19,32777000,3109,10,0,0,0,0,0,0,0,0,3112,2,0,0,0,0,0,0,0,0
277,2017-04-19,09:06:18,0,WH705,XZCE,3110,3101,3135,468,29187600,12804,12796,3292,2978,3135,3138,0,3105,0,0,0,2017-04-19,32778000,3109,10,0,0,0,0,0,0,0,0,3111,2,0,0,0,0,0,0,0,0
278,2017-04-19,09:06:19,0,WH705,XZCE,3111,3101,3135,470,29312040,12802,12796,3292,2978,3135,3138,0,3105,0,0,0,2017-04-19,32779000,3109,10,0,0,0,0,0,0,0,0,3111,1,0,0,0,0,0,0,0,0
279,2017-04-19,09:06:20,0,WH705,XZCE,3112,3101,3135,474,29561000,12800,12796,3292,2978,3135,3138,0,3105,0,0,0,2017-04-19,32780000,3109,10,0,0,0,0,0,0,0,0,3112,1,0,0,0,0,0,0,0,0
280,2017-04-19,09:06:21,0,WH705,XZCE,3112,3101,3135,476,29685480,12800,12796,3292,2978,3135,3138,0,3105,0,0,0,2017-04-19,32781000,3109,10,0,0,0,0,0,0,0,0,3116,1,0,0,0,0,0,0,0,0
281,2017-04-19,09:06:22,0,WH705,XZCE,3112,3101,3135,476,29685480,12800,12796,3292,2978,3135,3138,0,3105,0,0,0,2017-04-19,32782000,3110,7,0,0,0,0,0,0,0,0,3116,1,0,0,0,0,0,0,0,0
282,2017-04-19,09:06:22,0,WH705,XZCE,3112,3101,3135,476,29685480,12800,12796,3292,2978,3135,3138,0,3105,0,0,0,2017-04-19,32782000,3110,9,0,0,0,0,0,0,0,0,3116,1,0,0,0,0,0,0,0,0
283,2017-04-19,09:06:23,0,WH705,XZCE,3116,3101,3135,478,29810120,12798,12796,3292,2978,3135,3138,0,3105,0,0,0,2017-04-19,32783000,3116,4,0,0,0,0,0,0,0,0,3118,1,0,0,0,0,0,0,0,0
284,2017-04-19,09:06:23,0,WH705,XZCE,3116,3101,3135,480,29934760,12796,12796,3292,2978,3135,3138,0,3105,0,0,0,2017-04-19,32783000,3116,3,0,0,0,0,0,0,0,0,3118,1,0,0,0,0,0,0,0,0
285,2017-04-19,09:06:24,0,WH705,XZCE,3116,3101,3135,486,30308680,12792,12796,3292,2978,3135,3138,0,3105,0,0,0,2017-04-19,32784000,3116,1,0,0,0,0,0,0,0,0,3118,1,0,0,0,0,0,0,0,0
286,2017-04-19,09:06:24,0,WH705,XZCE,3116,3101,3135,488,30433320,12792,12796,3292,2978,3135,3138,0,3105,0,0,0,2017-04-19,32784000,3110,6,0,0,0,0,0,0,0,0,3116,1,0,0,0,0,0,0,0,0
287,2017-04-19,09:06:25,0,WH705,XZCE,3116,3101,3135,488,30433320,12792,12796,3292,2978,3135,3138,0,3105,0,0,0,2017-04-19,32785000,3110,1,0,0,0,0,0,0,0,0,3116,1,0,0,0,0,0,0,0,0
288,2017-04-19,09:06:26,0,WH705,XZCE,3116,3101,3135,488,30433320,12792,12796,3292,2978,3135,3138,0,3105,0,0,0,2017-04-19,32786000,3110,2,0,0,0,0,0,0,0,0,3116,1,0,0,0,0,0,0,0,0
289,2017-04-19,09:06:26,0,WH705,XZCE,3116,3101,3135,488,30433320,12792,12796,3292,2978,3135,3138,0,3105,0,0,0,2017-04-19,32786000,3111,2,0,0,0,0,0,0,0,0,3116,1,0,0,0,0,0,0,0,0
290,2017-04-19,09:06:27,0,WH705,XZCE,3116,3101,3135,488,30433320,12792,12796,3292,2978,3135,3138,0,3105,0,0,0,2017-04-19,32787000,3111,2,0,0,0,0,0,0,0,0,3118,1,0,0,0,0,0,0,0,0
291,2017-04-19,09:06:29,0,WH705,XZCE,3116,3101,3135,488,30433320,12792,12796,3292,2978,3135,3138,0,3105,0,0,0,2017-04-19,32789000,3116,1,0,0,0,0,0,0,0,0,3117,1,0,0,0,0,0,0,0,0
292,2017-04-19,09:06:30,0,WH705,XZCE,3116,3101,3135,490,30557960,12790,12796,3292,2978,3135,3138,0,3105,0,0,0,2017-04-19,32790000,3111,2,0,0,0,0,0,0,0,0,3117,1,0,0,0,0,0,0,0,0
293,2017-04-19,09:06:30,0,WH705,XZCE,3111,3101,3135,492,30682400,12792,12796,3292,2978,3135,3138,0,3105,0,0,0,2017-04-19,32790000,3111,1,0,0,0,0,0,0,0,0,3117,1,0,0,0,0,0,0,0,0
294,2017-04-19,09:06:31,0,WH705,XZCE,3117,3101,3135,494,30807080,12794,12796,3292,2978,3135,3138,0,3105,0,0,0,2017-04-19,32791000,3112,1,0,0,0,0,0,0,0,0,3118,2,0,0,0,0,0,0,0,0
295,2017-04-19,09:06:32,0,WH705,XZCE,3117,3101,3135,494,30807080,12794,12796,3292,2978,3135,3138,0,3105,0,0,0,2017-04-19,32792000,3112,1,0,0,0,0,0,0,0,0,3117,1,0,0,0,0,0,0,0,0
296,2017-04-19,09:06:33,0,WH705,XZCE,3117,3101,3135,494,30807080,12794,12796,3292,2978,3135,3138,0,3105,0,0,0,2017-04-19,32793000,3112,1,0,0,0,0,0,0,0,0,3117,2,0,0,0,0,0,0,0,0
297,2017-04-19,09:06:34,0,WH705,XZCE,3117,3101,3135,494,30807080,12794,12796,3292,2978,3135,3138,0,3105,0,0,0,2017-04-19,32794000,3112,8,0,0,0,0,0,0,0,0,3117,2,0,0,0,0,0,0,0,0
298,2017-04-19,09:06:35,0,WH705,XZCE,3117,3101,3135,494,30807080,12794,12796,3292,2978,3135,3138,0,3105,0,0,0,2017-04-19,32795000,3112,1,0,0,0,0,0,0,0,0,3117,2,0,0,0,0,0,0,0,0
299,2017-04-19,09:06:36,0,WH705,XZCE,3117,3101,3135,494,30807080,12794,12796,3292,2978,3135,3138,0,3105,0,0,0,2017-04-19,32796000,3113,1,0,0,0,0,0,0,0,0,3117,2,0,0,0,0,0,0,0,0
300,2017-04-19,09:06:37,0,WH705,XZCE,3117,3101,3135,494,30807080,12794,12796,3292,2978,3135,3138,0,3105,0,0,0,2017-04-19,32797000,3113,1,0,0,0,0,0,0,0,0,3116,1,0,0,0,0,0,0,0,0
301,2017-04-19,09:06:37,0,WH705,XZCE,3117,3101,3135,494,30807080,12794,12796,3292,2978,3135,3138,0,3105,0,0,0,2017-04-19,32797000,3112,1,0,0,0,0,0,0,0,0,3116,1,0,0,0,0,0,0,0,0
302,2017-04-19,09:06:38,0,WH705,XZCE,3116,3101,3135,496,30931720,12792,12796,3292,2978,3135,3138,0,3105,0,0,0,2017-04-19,32798000,3112,1,0,0,0,0,0,0,0,0,3117,2,0,0,0,0,0,0,0,0
303,2017-04-19,09:06:40,0,WH705,XZCE,3116,3101,3135,496,30931720,12792,12796,3292,2978,3135,3138,0,3105,0,0,0,2017-04-19,32800000,3113,1,0,0,0,0,0,0,0,0,3117,1,0,0,0,0,0,0,0,0
304,2017-04-19,09:06:40,0,WH705,XZCE,3116,3101,3135,496,30931720,12792,12796,3292,2978,3135,3138,0,3105,0,0,0,2017-04-19,32800000,3113,1,0,0,0,0,0,0,0,0,3116,1,0,0,0,0,0,0,0,0
305,2017-04-19,09:06:41,0,WH705,XZCE,3116,3101,3135,496,30931720,12792,12796,3292,2978,3135,3138,0,3105,0,0,0,2017-04-19,32801000,3113,1,0,0,0,0,0,0,0,0,3116,2,0,0,0,0,0,0,0,0
306,2017-04-19,09:06:43,0,WH705,XZCE,3116,3101,3135,496,30931720,12792,12796,3292,2978,3135,3138,0,3105,0,0,0,2017-04-19,32803000,3113,2,0,0,0,0,0,0,0,0,3116,2,0,0,0,0,0,0,0,0
307,2017-04-19,09:06:53,0,WH705,XZCE,3116,3101,3135,500,31181000,12794,12796,3292,2978,3135,3138,0,3105,0,0,0,2017-04-19,32813000,3113,2,0,0,0,0,0,0,0,0,3117,2,0,0,0,0,0,0,0,0
308,2017-04-19,09:06:53,0,WH705,XZCE,3116,3101,3135,500,31181000,12794,12796,3292,2978,3135,3138,0,3105,0,0,0,2017-04-19,32813000,3113,1,0,0,0,0,0,0,0,0,3117,4,0,0,0,0,0,0,0,0
309,2017-04-19,09:06:59,0,WH705,XZCE,3116,3101,3135,500,31181000,12794,12796,3292,2978,3135,3138,0,3105,0,0,0,2017-04-19,32819000,3116,5,0,0,0,0,0,0,0,0,3117,4,0,0,0,0,0,0,0,0
310,2017-04-19,09:07:00,0,WH705,XZCE,3116,3101,3135,500,31181000,12794,12796,3292,2978,3135,3138,0,3105,0,0,0,2017-04-19,32820000,3116,5,0,0,0,0,0,0,0,0,3117,3,0,0,0,0,0,0,0,0
311,2017-04-19,09:07:02,0,WH705,XZCE,3116,3101,3135,500,31181000,12794,12796,3292,2978,3135,3138,0,3105,0,0,0,2017-04-19,32822000,3116,13,0,0,0,0,0,0,0,0,3117,3,0,0,0,0,0,0,0,0
312,2017-04-19,09:07:03,0,WH705,XZCE,3116,3101,3135,500,31181000,12794,12796,3292,2978,3135,3138,0,3105,0,0,0,2017-04-19,32823000,3116,6,0,0,0,0,0,0,0,0,3117,3,0,0,0,0,0,0,0,0
313,2017-04-19,09:07:07,0,WH705,XZCE,3116,3101,3135,506,31554920,12794,12796,3292,2978,3135,3138,0,3105,0,0,0,2017-04-19,32827000,3116,4,0,0,0,0,0,0,0,0,3117,2,0,0,0,0,0,0,0,0
314,2017-04-19,09:07:07,0,WH705,XZCE,3116,3101,3135,508,31679560,12792,12796,3292,2978,3135,3138,0,3105,0,0,0,2017-04-19,32827000,3116,3,0,0,0,0,0,0,0,0,3117,2,0,0,0,0,0,0,0,0
315,2017-04-19,09:07:08,0,WH705,XZCE,3116,3101,3135,510,31804200,12792,12796,3292,2978,3135,3138,0,3105,0,0,0,2017-04-19,32828000,3116,2,0,0,0,0,0,0,0,0,3117,2,0,0,0,0,0,0,0,0
316,2017-04-19,09:07:09,0,WH705,XZCE,3116,3101,3135,514,32053480,12794,12796,3292,2978,3135,3138,0,3105,0,0,0,2017-04-19,32829000,3114,1,0,0,0,0,0,0,0,0,3116,4,0,0,0,0,0,0,0,0
317,2017-04-19,09:07:09,0,WH705,XZCE,3116,3101,3135,514,32053480,12794,12796,3292,2978,3135,3138,0,3105,0,0,0,2017-04-19,32829000,3114,1,0,0,0,0,0,0,0,0,3116,7,0,0,0,0,0,0,0,0
318,2017-04-19,09:07:10,0,WH705,XZCE,3114,3101,3135,516,32178040,12794,12796,3292,2978,3135,3138,0,3105,0,0,0,2017-04-19,32830000,3113,1,0,0,0,0,0,0,0,0,3115,3,0,0,0,0,0,0,0,0
319,2017-04-19,09:07:10,0,WH705,XZCE,3114,3101,3135,516,32178040,12794,12796,3292,2978,3135,3138,0,3105,0,0,0,2017-04-19,32830000,3113,1,0,0,0,0,0,0,0,0,3115,4,0,0,0,0,0,0,0,0
320,2017-04-19,09:07:11,0,WH705,XZCE,3114,3101,3135,516,32178040,12794,12796,3292,2978,3135,3138,0,3105,0,0,0,2017-04-19,32831000,3113,1,0,0,0,0,0,0,0,0,3115,3,0,0,0,0,0,0,0,0
321,2017-04-19,09:07:12,0,WH705,XZCE,3113,3101,3135,518,32302560,12794,12796,3292,2978,3135,3138,0,3105,0,0,0,2017-04-19,32832000,3112,1,0,0,0,0,0,0,0,0,3115,3,0,0,0,0,0,0,0,0
322,2017-04-19,09:07:13,0,WH705,XZCE,3113,3101,3135,518,32302560,12794,12796,3292,2978,3135,3138,0,3105,0,0,0,2017-04-19,32833000,3112,1,0,0,0,0,0,0,0,0,3114,1,0,0,0,0,0,0,0,0
323,2017-04-19,09:07:13,0,WH705,XZCE,3113,3101,3135,518,32302560,12794,12796,3292,2978,3135,3138,0,3105,0,0,0,2017-04-19,32833000,3112,1,0,0,0,0,0,0,0,0,3114,3,0,0,0,0,0,0,0,0
324,2017-04-19,09:07:14,0,WH705,XZCE,3113,3101,3135,518,32302560,12794,12796,3292,2978,3135,3138,0,3105,0,0,0,2017-04-19,32834000,3113,1,0,0,0,0,0,0,0,0,3114,3,0,0,0,0,0,0,0,0
325,2017-04-19,09:07:15,0,WH705,XZCE,3113,3101,3135,518,32302560,12794,12796,3292,2978,3135,3138,0,3105,0,0,0,2017-04-19,32835000,3113,1,0,0,0,0,0,0,0,0,3114,2,0,0,0,0,0,0,0,0
326,2017-04-19,09:07:19,0,WH705,XZCE,3113,3101,3135,518,32302560,12794,12796,3292,2978,3135,3138,0,3105,0,0,0,2017-04-19,32839000,3112,1,0,0,0,0,0,0,0,0,3114,2,0,0,0,0,0,0,0,0
327,2017-04-19,09:07:22,0,WH705,XZCE,3112,3101,3135,520,32427040,12794,12796,3292,2978,3135,3138,0,3105,0,0,0,2017-04-19,32842000,3110,1,0,0,0,0,0,0,0,0,3114,2,0,0,0,0,0,0,0,0
328,2017-04-19,09:07:25,0,WH705,XZCE,3112,3101,3135,520,32427040,12794,12796,3292,2978,3135,3138,0,3105,0,0,0,2017-04-19,32845000,3111,1,0,0,0,0,0,0,0,0,3114,2,0,0,0,0,0,0,0,0
329,2017-04-19,09:07:25,0,WH705,XZCE,3112,3101,3135,520,32427040,12794,12796,3292,2978,3135,3138,0,3105,0,0,0,2017-04-19,32845000,3111,2,0,0,0,0,0,0,0,0,3114,2,0,0,0,0,0,0,0,0
330,2017-04-19,09:07:28,0,WH705,XZCE,3112,3101,3135,520,32427040,12794,12796,3292,2978,3135,3138,0,3105,0,0,0,2017-04-19,32848000,3111,3,0,0,0,0,0,0,0,0,3114,2,0,0,0,0,0,0,0,0
331,2017-04-19,09:07:29,0,WH705,XZCE,3112,3101,3135,520,32427040,12794,12796,3292,2978,3135,3138,0,3105,0,0,0,2017-04-19,32849000,3112,1,0,0,0,0,0,0,0,0,3114,2,0,0,0,0,0,0,0,0
332,2017-04-19,09:07:29,0,WH705,XZCE,3112,3101,3135,522,32551520,12794,12796,3292,2978,3135,3138,0,3105,0,0,0,2017-04-19,32849000,3111,2,0,0,0,0,0,0,0,0,3114,2,0,0,0,0,0,0,0,0
333,2017-04-19,09:07:33,0,WH705,XZCE,3112,3101,3135,522,32551520,12794,12796,3292,2978,3135,3138,0,3105,0,0,0,2017-04-19,32853000,3113,2,0,0,0,0,0,0,0,0,3114,3,0,0,0,0,0,0,0,0
334,2017-04-19,09:07:36,0,WH705,XZCE,3112,3101,3135,522,32551520,12794,12796,3292,2978,3135,3138,0,3105,0,0,0,2017-04-19,32856000,3113,2,0,0,0,0,0,0,0,0,3114,4,0,0,0,0,0,0,0,0
335,2017-04-19,09:07:38,0,WH705,XZCE,3113,3101,3135,524,32676040,12794,12796,3292,2978,3135,3138,0,3105,0,0,0,2017-04-19,32858000,3113,1,0,0,0,0,0,0,0,0,3114,4,0,0,0,0,0,0,0,0
336,2017-04-19,09:07:39,0,WH705,XZCE,3113,3101,3135,526,32800560,12792,12796,3292,2978,3135,3138,0,3105,0,0,0,2017-04-19,32859000,3110,5,0,0,0,0,0,0,0,0,3114,4,0,0,0,0,0,0,0,0
337,2017-04-19,09:07:41,0,WH705,XZCE,3113,3101,3135,526,32800560,12792,12796,3292,2978,3135,3138,0,3105,0,0,0,2017-04-19,32861000,3111,1,0,0,0,0,0,0,0,0,3114,4,0,0,0,0,0,0,0,0
338,2017-04-19,09:07:44,0,WH705,XZCE,3113,3101,3135,526,32800560,12792,12796,3292,2978,3135,3138,0,3105,0,0,0,2017-04-19,32864000,3112,1,0,0,0,0,0,0,0,0,3114,4,0,0,0,0,0,0,0,0
339,2017-04-19,09:07:46,0,WH705,XZCE,3112,3101,3135,528,32925040,12792,12796,3292,2978,3135,3138,0,3105,0,0,0,2017-04-19,32866000,3111,1,0,0,0,0,0,0,0,0,3114,4,0,0,0,0,0,0,0,0
340,2017-04-19,09:07:47,0,WH705,XZCE,3112,3101,3135,528,32925040,12792,12796,3292,2978,3135,3138,0,3105,0,0,0,2017-04-19,32867000,3111,1,0,0,0,0,0,0,0,0,3112,4,0,0,0,0,0,0,0,0
341,2017-04-19,09:07:48,0,WH705,XZCE,3112,3101,3135,528,32925040,12792,12796,3292,2978,3135,3138,0,3105,0,0,0,2017-04-19,32868000,3110,5,0,0,0,0,0,0,0,0,3112,4,0,0,0,0,0,0,0,0
342,2017-04-19,09:07:48,0,WH705,XZCE,3112,3101,3135,528,32925040,12792,12796,3292,2978,3135,3138,0,3105,0,0,0,2017-04-19,32868000,3110,5,0,0,0,0,0,0,0,0,3111,1,0,0,0,0,0,0,0,0
343,2017-04-19,09:07:49,0,WH705,XZCE,3112,3101,3135,528,32925040,12792,12796,3292,2978,3135,3138,0,3105,0,0,0,2017-04-19,32869000,3110,5,0,0,0,0,0,0,0,0,3111,4,0,0,0,0,0,0,0,0
344,2017-04-19,09:07:50,0,WH705,XZCE,3112,3101,3135,528,32925040,12792,12796,3292,2978,3135,3138,0,3105,0,0,0,2017-04-19,32870000,3110,4,0,0,0,0,0,0,0,0,3111,3,0,0,0,0,0,0,0,0
345,2017-04-19,09:07:53,0,WH705,XZCE,3111,3101,3135,530,33049480,12790,12796,3292,2978,3135,3138,0,3105,0,0,0,2017-04-19,32873000,3110,4,0,0,0,0,0,0,0,0,3111,2,0,0,0,0,0,0,0,0
346,2017-04-19,09:07:53,0,WH705,XZCE,3111,3101,3135,534,33298360,12790,12796,3292,2978,3135,3138,0,3105,0,0,0,2017-04-19,32873000,3110,4,0,0,0,0,0,0,0,0,3112,1,0,0,0,0,0,0,0,0
347,2017-04-19,09:07:54,0,WH705,XZCE,3111,3101,3135,534,33298360,12790,12796,3292,2978,3135,3138,0,3105,0,0,0,2017-04-19,32874000,3111,1,0,0,0,0,0,0,0,0,3112,1,0,0,0,0,0,0,0,0
348,2017-04-19,09:07:56,0,WH705,XZCE,3111,3101,3135,536,33422800,12792,12796,3292,2978,3135,3138,0,3105,0,0,0,2017-04-19,32876000,3110,4,0,0,0,0,0,0,0,0,3113,1,0,0,0,0,0,0,0,0
349,2017-04-19,09:07:57,0,WH705,XZCE,3111,3101,3135,538,33547240,12794,12796,3292,2978,3135,3138,0,3105,0,0,0,2017-04-19,32877000,3110,4,0,0,0,0,0,0,0,0,3113,1,0,0,0,0,0,0,0,0
350,2017-04-19,09:07:57,0,WH705,XZCE,3111,3101,3135,538,33547240,12794,12796,3292,2978,3135,3138,0,3105,0,0,0,2017-04-19,32877000,3110,4,0,0,0,0,0,0,0,0,3111,10,0,0,0,0,0,0,0,0
351,2017-04-19,09:07:59,0,WH705,XZCE,3110,3101,3135,542,33796040,12794,12796,3292,2978,3135,3138,0,3105,0,0,0,2017-04-19,32879000,3110,2,0,0,0,0,0,0,0,0,3111,10,0,0,0,0,0,0,0,0
352,2017-04-19,09:08:00,0,WH705,XZCE,3110,3101,3135,546,34044840,12792,12796,3292,2978,3135,3138,0,3105,0,0,0,2017-04-19,32880000,3109,9,0,0,0,0,0,0,0,0,3111,10,0,0,0,0,0,0,0,0
353,2017-04-19,09:08:00,0,WH705,XZCE,3110,3101,3135,546,34044840,12792,12796,3292,2978,3135,3138,0,3105,0,0,0,2017-04-19,32880000,3109,9,0,0,0,0,0,0,0,0,3110,1,0,0,0,0,0,0,0,0
354,2017-04-19,09:08:02,0,WH705,XZCE,3110,3101,3135,548,34169240,12792,12796,3292,2978,3135,3138,0,3105,0,0,0,2017-04-19,32882000,3109,10,0,0,0,0,0,0,0,0,3111,10,0,0,0,0,0,0,0,0
355,2017-04-19,09:08:05,0,WH705,XZCE,3111,3101,3135,550,34293680,12792,12796,3292,2978,3135,3138,0,3105,0,0,0,2017-04-19,32885000,3109,10,0,0,0,0,0,0,0,0,3111,9,0,0,0,0,0,0,0,0
356,2017-04-19,09:08:06,0,WH705,XZCE,3111,3101,3135,550,34293680,12792,12796,3292,2978,3135,3138,0,3105,0,0,0,2017-04-19,32886000,3109,10,0,0,0,0,0,0,0,0,3114,1,0,0,0,0,0,0,0,0
357,2017-04-19,09:08:07,0,WH705,XZCE,3111,3101,3135,550,34293680,12792,12796,3292,2978,3135,3138,0,3105,0,0,0,2017-04-19,32887000,3110,1,0,0,0,0,0,0,0,0,3114,1,0,0,0,0,0,0,0,0
358,2017-04-19,09:08:08,0,WH705,XZCE,3111,3101,3135,550,34293680,12792,12796,3292,2978,3135,3138,0,3105,0,0,0,2017-04-19,32888000,3111,1,0,0,0,0,0,0,0,0,3114,1,0,0,0,0,0,0,0,0
359,2017-04-19,09:08:09,0,WH705,XZCE,3111,3101,3135,550,34293680,12792,12796,3292,2978,3135,3138,0,3105,0,0,0,2017-04-19,32889000,3111,2,0,0,0,0,0,0,0,0,3114,1,0,0,0,0,0,0,0,0
360,2017-04-19,09:08:10,0,WH705,XZCE,3111,3101,3135,552,34418120,12794,12796,3292,2978,3135,3138,0,3105,0,0,0,2017-04-19,32890000,3111,2,0,0,0,0,0,0,0,0,3114,1,0,0,0,0,0,0,0,0
361,2017-04-19,09:08:13,0,WH705,XZCE,3114,3101,3135,554,34542680,12794,12796,3292,2978,3135,3138,0,3105,0,0,0,2017-04-19,32893000,3114,3,0,0,0,0,0,0,0,0,3115,1,0,0,0,0,0,0,0,0
362,2017-04-19,09:08:13,0,WH705,XZCE,3114,3101,3135,554,34542680,12794,12796,3292,2978,3135,3138,0,3105,0,0,0,2017-04-19,32893000,3114,4,0,0,0,0,0,0,0,0,3115,1,0,0,0,0,0,0,0,0
363,2017-04-19,09:08:14,0,WH705,XZCE,3114,3101,3135,556,34667240,12794,12796,3292,2978,3135,3138,0,3105,0,0,0,2017-04-19,32894000,3114,3,0,0,0,0,0,0,0,0,3115,1,0,0,0,0,0,0,0,0
364,2017-04-19,09:08:14,0,WH705,XZCE,3114,3101,3135,560,34916360,12794,12796,3292,2978,3135,3138,0,3105,0,0,0,2017-04-19,32894000,3114,1,0,0,0,0,0,0,0,0,3115,1,0,0,0,0,0,0,0,0
365,2017-04-19,09:08:15,0,WH705,XZCE,3114,3101,3135,562,35040920,12794,12796,3292,2978,3135,3138,0,3105,0,0,0,2017-04-19,32895000,3111,1,0,0,0,0,0,0,0,0,3115,1,0,0,0,0,0,0,0,0
366,2017-04-19,09:08:16,0,WH705,XZCE,3115,3101,3135,564,35165520,12794,12796,3292,2978,3135,3138,0,3105,0,0,0,2017-04-19,32896000,3115,3,0,0,0,0,0,0,0,0,3116,4,0,0,0,0,0,0,0,0
367,2017-04-19,09:08:16,0,WH705,XZCE,3115,3101,3135,564,35165520,12794,12796,3292,2978,3135,3138,0,3105,0,0,0,2017-04-19,32896000,3115,4,0,0,0,0,0,0,0,0,3116,4,0,0,0,0,0,0,0,0
368,2017-04-19,09:08:18,0,WH705,XZCE,3115,3101,3135,566,35290120,12794,12796,3292,2978,3135,3138,0,3105,0,0,0,2017-04-19,32898000,3115,3,0,0,0,0,0,0,0,0,3116,24,0,0,0,0,0,0,0,0
369,2017-04-19,09:08:19,0,WH705,XZCE,3115,3101,3135,566,35290120,12794,12796,3292,2978,3135,3138,0,3105,0,0,0,2017-04-19,32899000,3115,3,0,0,0,0,0,0,0,0,3116,5,0,0,0,0,0,0,0,0
370,2017-04-19,09:08:20,0,WH705,XZCE,3115,3101,3135,570,35539320,12794,12796,3292,2978,3135,3138,0,3105,0,0,0,2017-04-19,32900000,3115,1,0,0,0,0,0,0,0,0,3116,5,0,0,0,0,0,0,0,0
371,2017-04-19,09:08:22,0,WH705,XZCE,3115,3101,3135,570,35539320,12794,12796,3292,2978,3135,3138,0,3105,0,0,0,2017-04-19,32902000,3111,1,0,0,0,0,0,0,0,0,3116,5,0,0,0,0,0,0,0,0
372,2017-04-19,09:08:23,0,WH705,XZCE,3115,3101,3135,570,35539320,12794,12796,3292,2978,3135,3138,0,3105,0,0,0,2017-04-19,32903000,3112,1,0,0,0,0,0,0,0,0,3116,5,0,0,0,0,0,0,0,0
373,2017-04-19,09:08:23,0,WH705,XZCE,3115,3101,3135,570,35539320,12794,12796,3292,2978,3135,3138,0,3105,0,0,0,2017-04-19,32903000,3112,1,0,0,0,0,0,0,0,0,3115,10,0,0,0,0,0,0,0,0
374,2017-04-19,09:08:24,0,WH705,XZCE,3115,3101,3135,570,35539320,12794,12796,3292,2978,3135,3138,0,3105,0,0,0,2017-04-19,32904000,3112,2,0,0,0,0,0,0,0,0,3115,10,0,0,0,0,0,0,0,0
375,2017-04-19,09:08:24,0,WH705,XZCE,3112,3101,3135,572,35663800,12794,12796,3292,2978,3135,3138,0,3105,0,0,0,2017-04-19,32904000,3112,1,0,0,0,0,0,0,0,0,3115,10,0,0,0,0,0,0,0,0
376,2017-04-19,09:08:25,0,WH705,XZCE,3112,3101,3135,572,35663800,12794,12796,3292,2978,3135,3138,0,3105,0,0,0,2017-04-19,32905000,3112,1,0,0,0,0,0,0,0,0,3114,7,0,0,0,0,0,0,0,0
377,2017-04-19,09:08:27,0,WH705,XZCE,3112,3101,3135,572,35663800,12794,12796,3292,2978,3135,3138,0,3105,0,0,0,2017-04-19,32907000,3112,1,0,0,0,0,0,0,0,0,3115,10,0,0,0,0,0,0,0,0
378,2017-04-19,09:08:28,0,WH705,XZCE,3112,3101,3135,572,35663800,12794,12796,3292,2978,3135,3138,0,3105,0,0,0,2017-04-19,32908000,3113,1,0,0,0,0,0,0,0,0,3115,10,0,0,0,0,0,0,0,0
379,2017-04-19,09:08:28,0,WH705,XZCE,3115,3101,3135,574,35788400,12794,12796,3292,2978,3135,3138,0,3105,0,0,0,2017-04-19,32908000,3113,1,0,0,0,0,0,0,0,0,3115,9,0,0,0,0,0,0,0,0
380,2017-04-19,09:08:30,0,WH705,XZCE,3115,3101,3135,574,35788400,12794,12796,3292,2978,3135,3138,0,3105,0,0,0,2017-04-19,32910000,3114,1,0,0,0,0,0,0,0,0,3115,9,0,0,0,0,0,0,0,0
381,2017-04-19,09:08:32,0,WH705,XZCE,3114,3101,3135,576,35912960,12794,12796,3292,2978,3135,3138,0,3105,0,0,0,2017-04-19,32912000,3113,1,0,0,0,0,0,0,0,0,3115,9,0,0,0,0,0,0,0,0
382,2017-04-19,09:08:38,0,WH705,XZCE,3115,3101,3135,580,36162160,12794,12796,3292,2978,3135,3138,0,3105,0,0,0,2017-04-19,32918000,3113,1,0,0,0,0,0,0,0,0,3115,7,0,0,0,0,0,0,0,0
383,2017-04-19,09:08:38,0,WH705,XZCE,3113,3101,3135,582,36286680,12794,12796,3292,2978,3135,3138,0,3105,0,0,0,2017-04-19,32918000,3112,1,0,0,0,0,0,0,0,0,3115,7,0,0,0,0,0,0,0,0
384,2017-04-19,09:08:41,0,WH705,XZCE,3113,3101,3135,582,36286680,12794,12796,3292,2978,3135,3138,0,3105,0,0,0,2017-04-19,32921000,3112,1,0,0,0,0,0,0,0,0,3115,9,0,0,0,0,0,0,0,0
385,2017-04-19,09:08:41,0,WH705,XZCE,3113,3101,3135,582,36286680,12794,12796,3292,2978,3135,3138,0,3105,0,0,0,2017-04-19,32921000,3112,1,0,0,0,0,0,0,0,0,3115,10,0,0,0,0,0,0,0,0
386,2017-04-19,09:08:43,0,WH705,XZCE,3113,3101,3135,582,36286680,12794,12796,3292,2978,3135,3138,0,3105,0,0,0,2017-04-19,32923000,3112,1,0,0,0,0,0,0,0,0,3114,2,0,0,0,0,0,0,0,0
387,2017-04-19,09:08:53,0,WH705,XZCE,3113,3101,3135,582,36286680,12794,12796,3292,2978,3135,3138,0,3105,0,0,0,2017-04-19,32933000,3112,1,0,0,0,0,0,0,0,0,3114,1,0,0,0,0,0,0,0,0
388,2017-04-19,09:08:53,0,WH705,XZCE,3114,3101,3135,584,36411240,12796,12796,3292,2978,3135,3138,0,3105,0,0,0,2017-04-19,32933000,3112,1,0,0,0,0,0,0,0,0,3115,10,0,0,0,0,0,0,0,0
389,2017-04-19,09:08:57,0,WH705,XZCE,3114,3101,3135,584,36411240,12796,12796,3292,2978,3135,3138,0,3105,0,0,0,2017-04-19,32937000,3112,2,0,0,0,0,0,0,0,0,3115,10,0,0,0,0,0,0,0,0
390,2017-04-19,09:08:59,0,WH705,XZCE,3114,3101,3135,584,36411240,12796,12796,3292,2978,3135,3138,0,3105,0,0,0,2017-04-19,32939000,3113,1,0,0,0,0,0,0,0,0,3114,1,0,0,0,0,0,0,0,0
391,2017-04-19,09:09:01,0,WH705,XZCE,3114,3101,3135,586,36535800,12796,12796,3292,2978,3135,3138,0,3105,0,0,0,2017-04-19,32941000,3113,1,0,0,0,0,0,0,0,0,3115,10,0,0,0,0,0,0,0,0
392,2017-04-19,09:09:01,0,WH705,XZCE,3115,3101,3135,598,37283400,12802,12796,3292,2978,3135,3138,0,3105,0,0,0,2017-04-19,32941000,3113,1,0,0,0,0,0,0,0,0,3115,4,0,0,0,0,0,0,0,0
393,2017-04-19,09:09:02,0,WH705,XZCE,3115,3101,3135,598,37283400,12802,12796,3292,2978,3135,3138,0,3105,0,0,0,2017-04-19,32942000,3113,1,0,0,0,0,0,0,0,0,3115,3,0,0,0,0,0,0,0,0
394,2017-04-19,09:09:04,0,WH705,XZCE,3115,3101,3135,598,37283400,12802,12796,3292,2978,3135,3138,0,3105,0,0,0,2017-04-19,32944000,3114,15,0,0,0,0,0,0,0,0,3115,3,0,0,0,0,0,0,0,0
395,2017-04-19,09:09:05,0,WH705,XZCE,3116,3101,3135,608,37906600,12808,12796,3292,2978,3135,3138,0,3105,0,0,0,2017-04-19,32945000,3114,15,0,0,0,0,0,0,0,0,3116,3,0,0,0,0,0,0,0,0
396,2017-04-19,09:09:06,0,WH705,XZCE,3116,3101,3135,612,38155880,12812,12796,3292,2978,3135,3138,0,3105,0,0,0,2017-04-19,32946000,3114,15,0,0,0,0,0,0,0,0,3116,1,0,0,0,0,0,0,0,0
397,2017-04-19,09:09:06,0,WH705,XZCE,3116,3101,3135,612,38155880,12812,12796,3292,2978,3135,3138,0,3105,0,0,0,2017-04-19,32946000,3115,1,0,0,0,0,0,0,0,0,3116,1,0,0,0,0,0,0,0,0
398,2017-04-19,09:09:07,0,WH705,XZCE,3116,3101,3135,614,38280520,12812,12796,3292,2978,3135,3138,0,3105,0,0,0,2017-04-19,32947000,3115,1,0,0,0,0,0,0,0,0,3118,2,0,0,0,0,0,0,0,0
399,2017-04-19,09:09:07,0,WH705,XZCE,3116,3101,3135,614,38280520,12812,12796,3292,2978,3135,3138,0,3105,0,0,0,2017-04-19,32947000,3116,2,0,0,0,0,0,0,0,0,3118,2,0,0,0,0,0,0,0,0
400,2017-04-19,09:09:08,0,WH705,XZCE,3116,3101,3135,614,38280520,12812,12796,3292,2978,3135,3138,0,3105,0,0,0,2017-04-19,32948000,3117,1,0,0,0,0,0,0,0,0,3118,2,0,0,0,0,0,0,0,0
401,2017-04-19,09:09:10,0,WH705,XZCE,3116,3101,3135,614,38280520,12812,12796,3292,2978,3135,3138,0,3105,0,0,0,2017-04-19,32950000,3116,3,0,0,0,0,0,0,0,0,3118,2,0,0,0,0,0,0,0,0
402,2017-04-19,09:09:11,0,WH705,XZCE,3116,3101,3135,614,38280520,12812,12796,3292,2978,3135,3138,0,3105,0,0,0,2017-04-19,32951000,3116,14,0,0,0,0,0,0,0,0,3118,2,0,0,0,0,0,0,0,0
403,2017-04-19,09:09:12,0,WH705,XZCE,3116,3101,3135,614,38280520,12812,12796,3292,2978,3135,3138,0,3105,0,0,0,2017-04-19,32952000,3116,3,0,0,0,0,0,0,0,0,3118,2,0,0,0,0,0,0,0,0
404,2017-04-19,09:09:12,0,WH705,XZCE,3116,3101,3135,614,38280520,12812,12796,3292,2978,3135,3138,0,3105,0,0,0,2017-04-19,32952000,3117,1,0,0,0,0,0,0,0,0,3118,2,0,0,0,0,0,0,0,0
405,2017-04-19,09:09:15,0,WH705,XZCE,3118,3101,3135,616,38405240,12814,12796,3292,2978,3135,3138,0,3105,0,0,0,2017-04-19,32955000,3117,1,0,0,0,0,0,0,0,0,3118,1,0,0,0,0,0,0,0,0
406,2017-04-19,09:09:16,0,WH705,XZCE,3118,3101,3135,618,38529960,12816,12796,3292,2978,3135,3138,0,3105,0,0,0,2017-04-19,32956000,3117,2,0,0,0,0,0,0,0,0,3121,5,0,0,0,0,0,0,0,0
407,2017-04-19,09:09:17,0,WH705,XZCE,3118,3101,3135,618,38529960,12816,12796,3292,2978,3135,3138,0,3105,0,0,0,2017-04-19,32957000,3118,1,0,0,0,0,0,0,0,0,3120,1,0,0,0,0,0,0,0,0
408,2017-04-19,09:09:19,0,WH705,XZCE,3118,3101,3135,618,38529960,12816,12796,3292,2978,3135,3138,0,3105,0,0,0,2017-04-19,32959000,3118,2,0,0,0,0,0,0,0,0,3120,1,0,0,0,0,0,0,0,0
409,2017-04-19,09:09:21,0,WH705,XZCE,3118,3101,3135,620,38654680,12818,12796,3292,2978,3135,3138,0,3105,0,0,0,2017-04-19,32961000,3118,1,0,0,0,0,0,0,0,0,3120,1,0,0,0,0,0,0,0,0
410,2017-04-19,09:09:22,0,WH705,XZCE,3118,3101,3135,620,38654680,12818,12796,3292,2978,3135,3138,0,3105,0,0,0,2017-04-19,32962000,3118,1,0,0,0,0,0,0,0,0,3120,3,0,0,0,0,0,0,0,0
411,2017-04-19,09:09:23,0,WH705,XZCE,3118,3101,3135,620,38654680,12818,12796,3292,2978,3135,3138,0,3105,0,0,0,2017-04-19,32963000,3118,1,0,0,0,0,0,0,0,0,3120,4,0,0,0,0,0,0,0,0
412,2017-04-19,09:09:23,0,WH705,XZCE,3118,3101,3135,620,38654680,12818,12796,3292,2978,3135,3138,0,3105,0,0,0,2017-04-19,32963000,3118,1,0,0,0,0,0,0,0,0,3119,3,0,0,0,0,0,0,0,0
413,2017-04-19,09:09:24,0,WH705,XZCE,3118,3101,3135,620,38654680,12818,12796,3292,2978,3135,3138,0,3105,0,0,0,2017-04-19,32964000,3118,1,0,0,0,0,0,0,0,0,3119,4,0,0,0,0,0,0,0,0
414,2017-04-19,09:09:24,0,WH705,XZCE,3118,3101,3135,622,38779400,12816,12796,3292,2978,3135,3138,0,3105,0,0,0,2017-04-19,32964000,3117,2,0,0,0,0,0,0,0,0,3119,4,0,0,0,0,0,0,0,0
415,2017-04-19,09:09:26,0,WH705,XZCE,3119,3101,3135,624,38904160,12814,12796,3292,2978,3135,3138,0,3105,0,0,0,2017-04-19,32966000,3117,2,0,0,0,0,0,0,0,0,3119,3,0,0,0,0,0,0,0,0
416,2017-04-19,09:09:28,0,WH705,XZCE,3119,3101,3135,626,39028920,12812,12796,3292,2978,3135,3138,0,3105,0,0,0,2017-04-19,32968000,3117,2,0,0,0,0,0,0,0,0,3119,2,0,0,0,0,0,0,0,0
417,2017-04-19,09:09:31,0,WH705,XZCE,3119,3101,3135,626,39028920,12812,12796,3292,2978,3135,3138,0,3105,0,0,0,2017-04-19,32971000,3118,1,0,0,0,0,0,0,0,0,3119,2,0,0,0,0,0,0,0,0
418,2017-04-19,09:09:32,0,WH705,XZCE,3118,3101,3135,628,39153640,12812,12796,3292,2978,3135,3138,0,3105,0,0,0,2017-04-19,32972000,3117,2,0,0,0,0,0,0,0,0,3119,2,0,0,0,0,0,0,0,0
419,2017-04-19,09:09:33,0,WH705,XZCE,3119,3101,3135,632,39403160,12808,12796,3292,2978,3135,3138,0,3105,0,0,0,2017-04-19,32973000,3119,3,0,0,0,0,0,0,0,0,3120,2,0,0,0,0,0,0,0,0
420,2017-04-19,09:09:35,0,WH705,XZCE,3120,3101,3135,636,39652760,12810,12796,3292,2978,3135,3138,0,3105,0,0,0,2017-04-19,32975000,3119,3,0,0,0,0,0,0,0,0,3121,5,0,0,0,0,0,0,0,0
421,2017-04-19,09:09:38,0,WH705,XZCE,3120,3101,3135,636,39652760,12810,12796,3292,2978,3135,3138,0,3105,0,0,0,2017-04-19,32978000,3119,3,0,0,0,0,0,0,0,0,3120,1,0,0,0,0,0,0,0,0
422,2017-04-19,09:09:39,0,WH705,XZCE,3119,3101,3135,638,39777520,12810,12796,3292,2978,3135,3138,0,3105,0,0,0,2017-04-19,32979000,3119,2,0,0,0,0,0,0,0,0,3120,1,0,0,0,0,0,0,0,0
423,2017-04-19,09:09:40,0,WH705,XZCE,3119,3101,3135,640,39902280,12808,12796,3292,2978,3135,3138,0,3105,0,0,0,2017-04-19,32980000,3119,1,0,0,0,0,0,0,0,0,3121,5,0,0,0,0,0,0,0,0
424,2017-04-19,09:09:41,0,WH705,XZCE,3119,3101,3135,642,40027040,12808,12796,3292,2978,3135,3138,0,3105,0,0,0,2017-04-19,32981000,3120,4,0,0,0,0,0,0,0,0,3121,5,0,0,0,0,0,0,0,0
425,2017-04-19,09:09:42,0,WH705,XZCE,3120,3101,3135,646,40276640,12808,12796,3292,2978,3135,3138,0,3105,0,0,0,2017-04-19,32982000,3120,2,0,0,0,0,0,0,0,0,3121,5,0,0,0,0,0,0,0,0
426,2017-04-19,09:09:45,0,WH705,XZCE,3123,3101,3135,664,41400920,12804,12796,3292,2978,3135,3138,0,3105,0,0,0,2017-04-19,32985000,3120,2,0,0,0,0,0,0,0,0,3128,1,0,0,0,0,0,0,0,0
427,2017-04-19,09:09:46,0,WH705,XZCE,3121,3101,3135,666,41525760,12806,12796,3292,2978,3135,3138,0,3105,0,0,0,2017-04-19,32986000,3120,3,0,0,0,0,0,0,0,0,3128,1,0,0,0,0,0,0,0,0
428,2017-04-19,09:09:46,0,WH705,XZCE,3121,3101,3135,666,41525760,12806,12796,3292,2978,3135,3138,0,3105,0,0,0,2017-04-19,32986000,3123,1,0,0,0,0,0,0,0,0,3128,1,0,0,0,0,0,0,0,0
429,2017-04-19,09:09:48,0,WH705,XZCE,3121,3101,3135,666,41525760,12806,12796,3292,2978,3135,3138,0,3105,0,0,0,2017-04-19,32988000,3123,1,0,0,0,0,0,0,0,0,3127,1,0,0,0,0,0,0,0,0
430,2017-04-19,09:09:56,0,WH705,XZCE,3127,3101,3135,668,41650840,12806,12796,3292,2978,3135,3138,0,3105,0,0,0,2017-04-19,32996000,3123,1,0,0,0,0,0,0,0,0,3128,1,0,0,0,0,0,0,0,0
431,2017-04-19,09:09:57,0,WH705,XZCE,3127,3101,3135,668,41650840,12806,12796,3292,2978,3135,3138,0,3105,0,0,0,2017-04-19,32997000,3123,1,0,0,0,0,0,0,0,0,3128,2,0,0,0,0,0,0,0,0
432,2017-04-19,09:09:59,0,WH705,XZCE,3127,3101,3135,668,41650840,12806,12796,3292,2978,3135,3138,0,3105,0,0,0,2017-04-19,32999000,3123,1,0,0,0,0,0,0,0,0,3128,5,0,0,0,0,0,0,0,0
433,2017-04-19,09:09:59,0,WH705,XZCE,3127,3101,3135,668,41650840,12806,12796,3292,2978,3135,3138,0,3105,0,0,0,2017-04-19,32999000,3123,1,0,0,0,0,0,0,0,0,3127,1,0,0,0,0,0,0,0,0
434,2017-04-19,09:09:59,0,WH705,XZCE,3127,3101,3135,668,41650840,12806,12796,3292,2978,3135,3138,0,3105,0,0,0,2017-04-19,32999000,3124,1,0,0,0,0,0,0,0,0,3127,2,0,0,0,0,0,0,0,0
435,2017-04-19,09:10:01,0,WH705,XZCE,3124,3101,3135,670,41775800,12804,12796,3292,2978,3135,3138,0,3105,0,0,0,2017-04-19,33001000,3123,2,0,0,0,0,0,0,0,0,3127,2,0,0,0,0,0,0,0,0
436,2017-04-19,09:10:01,0,WH705,XZCE,3124,3101,3135,670,41775800,12804,12796,3292,2978,3135,3138,0,3105,0,0,0,2017-04-19,33001000,3123,3,0,0,0,0,0,0,0,0,3127,2,0,0,0,0,0,0,0,0
437,2017-04-19,09:10:03,0,WH705,XZCE,3127,3101,3135,672,41900880,12804,12796,3292,2978,3135,3138,0,3105,0,0,0,2017-04-19,33003000,3123,4,0,0,0,0,0,0,0,0,3127,1,0,0,0,0,0,0,0,0
438,2017-04-19,09:10:04,0,WH705,XZCE,3127,3101,3135,672,41900880,12804,12796,3292,2978,3135,3138,0,3105,0,0,0,2017-04-19,33004000,3124,1,0,0,0,0,0,0,0,0,3127,2,0,0,0,0,0,0,0,0
439,2017-04-19,09:10:08,0,WH705,XZCE,3124,3101,3135,674,42025840,12802,12796,3292,2978,3135,3138,0,3105,0,0,0,2017-04-19,33008000,3123,2,0,0,0,0,0,0,0,0,3127,2,0,0,0,0,0,0,0,0
440,2017-04-19,09:10:09,0,WH705,XZCE,3124,3101,3135,674,42025840,12802,12796,3292,2978,3135,3138,0,3105,0,0,0,2017-04-19,33009000,3123,3,0,0,0,0,0,0,0,0,3127,2,0,0,0,0,0,0,0,0
441,2017-04-19,09:10:09,0,WH705,XZCE,3124,3101,3135,674,42025840,12802,12796,3292,2978,3135,3138,0,3105,0,0,0,2017-04-19,33009000,3123,4,0,0,0,0,0,0,0,0,3127,2,0,0,0,0,0,0,0,0
442,2017-04-19,09:10:10,0,WH705,XZCE,3124,3101,3135,676,42150800,12800,12796,3292,2978,3135,3138,0,3105,0,0,0,2017-04-19,33010000,3126,2,0,0,0,0,0,0,0,0,3127,2,0,0,0,0,0,0,0,0
443,2017-04-19,09:10:10,0,WH705,XZCE,3124,3101,3135,676,42150800,12800,12796,3292,2978,3135,3138,0,3105,0,0,0,2017-04-19,33010000,3126,3,0,0,0,0,0,0,0,0,3127,2,0,0,0,0,0,0,0,0
444,2017-04-19,09:10:11,0,WH705,XZCE,3124,3101,3135,676,42150800,12800,12796,3292,2978,3135,3138,0,3105,0,0,0,2017-04-19,33011000,3126,4,0,0,0,0,0,0,0,0,3127,1,0,0,0,0,0,0,0,0
445,2017-04-19,09:10:11,0,WH705,XZCE,3124,3101,3135,676,42150800,12800,12796,3292,2978,3135,3138,0,3105,0,0,0,2017-04-19,33011000,3127,1,0,0,0,0,0,0,0,0,3128,4,0,0,0,0,0,0,0,0
446,2017-04-19,09:10:13,0,WH705,XZCE,3126,3101,3135,680,42400880,12800,12796,3292,2978,3135,3138,0,3105,0,0,0,2017-04-19,33013000,3126,3,0,0,0,0,0,0,0,0,3128,4,0,0,0,0,0,0,0,0
447,2017-04-19,09:10:14,0,WH705,XZCE,3126,3101,3135,680,42400880,12800,12796,3292,2978,3135,3138,0,3105,0,0,0,2017-04-19,33014000,3126,4,0,0,0,0,0,0,0,0,3128,4,0,0,0,0,0,0,0,0
448,2017-04-19,09:10:14,0,WH705,XZCE,3126,3101,3135,680,42400880,12800,12796,3292,2978,3135,3138,0,3105,0,0,0,2017-04-19,33014000,3126,5,0,0,0,0,0,0,0,0,3128,4,0,0,0,0,0,0,0,0
449,2017-04-19,09:10:15,0,WH705,XZCE,3126,3101,3135,682,42525920,12798,12796,3292,2978,3135,3138,0,3105,0,0,0,2017-04-19,33015000,3126,4,0,0,0,0,0,0,0,0,3128,4,0,0,0,0,0,0,0,0
450,2017-04-19,09:10:15,0,WH705,XZCE,3126,3101,3135,682,42525920,12798,12796,3292,2978,3135,3138,0,3105,0,0,0,2017-04-19,33015000,3127,1,0,0,0,0,0,0,0,0,3128,4,0,0,0,0,0,0,0,0
451,2017-04-19,09:10:17,0,WH705,XZCE,3128,3101,3135,686,42776160,12800,12796,3292,2978,3135,3138,0,3105,0,0,0,2017-04-19,33017000,3123,3,0,0,0,0,0,0,0,0,3128,3,0,0,0,0,0,0,0,0
452,2017-04-19,09:10:17,0,WH705,XZCE,3128,3101,3135,686,42776160,12800,12796,3292,2978,3135,3138,0,3105,0,0,0,2017-04-19,33017000,3123,4,0,0,0,0,0,0,0,0,3127,6,0,0,0,0,0,0,0,0
453,2017-04-19,09:10:18,0,WH705,XZCE,3128,3101,3135,686,42776160,12800,12796,3292,2978,3135,3138,0,3105,0,0,0,2017-04-19,33018000,3123,5,0,0,0,0,0,0,0,0,3126,1,0,0,0,0,0,0,0,0
454,2017-04-19,09:10:18,0,WH705,XZCE,3128,3101,3135,686,42776160,12800,12796,3292,2978,3135,3138,0,3105,0,0,0,2017-04-19,33018000,3123,5,0,0,0,0,0,0,0,0,3125,1,0,0,0,0,0,0,0,0
455,2017-04-19,09:10:19,0,WH705,XZCE,3128,3101,3135,686,42776160,12800,12796,3292,2978,3135,3138,0,3105,0,0,0,2017-04-19,33019000,3124,1,0,0,0,0,0,0,0,0,3125,1,0,0,0,0,0,0,0,0
456,2017-04-19,09:10:20,0,WH705,XZCE,3128,3101,3135,686,42776160,12800,12796,3292,2978,3135,3138,0,3105,0,0,0,2017-04-19,33020000,3124,3,0,0,0,0,0,0,0,0,3126,3,0,0,0,0,0,0,0,0
457,2017-04-19,09:10:20,0,WH705,XZCE,3128,3101,3135,686,42776160,12800,12796,3292,2978,3135,3138,0,3105,0,0,0,2017-04-19,33020000,3124,4,0,0,0,0,0,0,0,0,3126,3,0,0,0,0,0,0,0,0
458,2017-04-19,09:10:21,0,WH705,XZCE,3128,3101,3135,686,42776160,12800,12796,3292,2978,3135,3138,0,3105,0,0,0,2017-04-19,33021000,3124,5,0,0,0,0,0,0,0,0,3126,3,0,0,0,0,0,0,0,0
459,2017-04-19,09:10:21,0,WH705,XZCE,3128,3101,3135,686,42776160,12800,12796,3292,2978,3135,3138,0,3105,0,0,0,2017-04-19,33021000,3125,1,0,0,0,0,0,0,0,0,3126,2,0,0,0,0,0,0,0,0
460,2017-04-19,09:10:22,0,WH705,XZCE,3125,3101,3135,688,42901160,12802,12796,3292,2978,3135,3138,0,3105,0,0,0,2017-04-19,33022000,3124,3,0,0,0,0,0,0,0,0,3126,2,0,0,0,0,0,0,0,0
461,2017-04-19,09:10:23,0,WH705,XZCE,3125,3101,3135,688,42901160,12802,12796,3292,2978,3135,3138,0,3105,0,0,0,2017-04-19,33023000,3124,4,0,0,0,0,0,0,0,0,3126,2,0,0,0,0,0,0,0,0
462,2017-04-19,09:10:23,0,WH705,XZCE,3125,3101,3135,688,42901160,12802,12796,3292,2978,3135,3138,0,3105,0,0,0,2017-04-19,33023000,3124,5,0,0,0,0,0,0,0,0,3126,2,0,0,0,0,0,0,0,0
463,2017-04-19,09:10:28,0,WH705,XZCE,3124,3101,3135,690,43026120,12802,12796,3292,2978,3135,3138,0,3105,0,0,0,2017-04-19,33028000,3124,4,0,0,0,0,0,0,0,0,3126,2,0,0,0,0,0,0,0,0
464,2017-04-19,09:10:31,0,WH705,XZCE,3124,3101,3135,690,43026120,12802,12796,3292,2978,3135,3138,0,3105,0,0,0,2017-04-19,33031000,3124,4,0,0,0,0,0,0,0,0,3125,1,0,0,0,0,0,0,0,0
465,2017-04-19,09:10:35,0,WH705,XZCE,3124,3101,3135,694,43276040,12802,12796,3292,2978,3135,3138,0,3105,0,0,0,2017-04-19,33035000,3124,2,0,0,0,0,0,0,0,0,3125,1,0,0,0,0,0,0,0,0
466,2017-04-19,09:10:36,0,WH705,XZCE,3124,3101,3135,696,43401000,12802,12796,3292,2978,3135,3138,0,3105,0,0,0,2017-04-19,33036000,3124,1,0,0,0,0,0,0,0,0,3125,1,0,0,0,0,0,0,0,0
467,2017-04-19,09:10:37,0,WH705,XZCE,3125,3101,3135,706,44026000,12796,12796,3292,2978,3135,3138,0,3105,0,0,0,2017-04-19,33037000,3121,21,0,0,0,0,0,0,0,0,3126,2,0,0,0,0,0,0,0,0
468,2017-04-19,09:10:37,0,WH705,XZCE,3125,3101,3135,706,44026000,12796,12796,3292,2978,3135,3138,0,3105,0,0,0,2017-04-19,33037000,3120,3,0,0,0,0,0,0,0,0,3126,2,0,0,0,0,0,0,0,0
469,2017-04-19,09:10:37,0,WH705,XZCE,3125,3101,3135,706,44026000,12796,12796,3292,2978,3135,3138,0,3105,0,0,0,2017-04-19,33037000,3120,3,0,0,0,0,0,0,0,0,3125,1,0,0,0,0,0,0,0,0
470,2017-04-19,09:10:38,0,WH705,XZCE,3125,3101,3135,706,44026000,12796,12796,3292,2978,3135,3138,0,3105,0,0,0,2017-04-19,33038000,3121,1,0,0,0,0,0,0,0,0,3125,1,0,0,0,0,0,0,0,0
471,2017-04-19,09:10:40,0,WH705,XZCE,3125,3101,3135,706,44026000,12796,12796,3292,2978,3135,3138,0,3105,0,0,0,2017-04-19,33040000,3121,1,0,0,0,0,0,0,0,0,3126,2,0,0,0,0,0,0,0,0
472,2017-04-19,09:10:43,0,WH705,XZCE,3125,3101,3135,706,44026000,12796,12796,3292,2978,3135,3138,0,3105,0,0,0,2017-04-19,33043000,3121,1,0,0,0,0,0,0,0,0,3125,2,0,0,0,0,0,0,0,0
473,2017-04-19,09:10:43,0,WH705,XZCE,3125,3101,3135,706,44026000,12796,12796,3292,2978,3135,3138,0,3105,0,0,0,2017-04-19,33043000,3121,1,0,0,0,0,0,0,0,0,3125,4,0,0,0,0,0,0,0,0
474,2017-04-19,09:10:46,0,WH705,XZCE,3121,3101,3135,708,44150840,12798,12796,3292,2978,3135,3138,0,3105,0,0,0,2017-04-19,33046000,3120,3,0,0,0,0,0,0,0,0,3125,4,0,0,0,0,0,0,0,0
475,2017-04-19,09:10:47,0,WH705,XZCE,3121,3101,3135,708,44150840,12798,12796,3292,2978,3135,3138,0,3105,0,0,0,2017-04-19,33047000,3120,3,0,0,0,0,0,0,0,0,3124,1,0,0,0,0,0,0,0,0
476,2017-04-19,09:10:47,0,WH705,XZCE,3124,3101,3135,714,44525720,12792,12796,3292,2978,3135,3138,0,3105,0,0,0,2017-04-19,33047000,3120,3,0,0,0,0,0,0,0,0,3124,1,0,0,0,0,0,0,0,0
477,2017-04-19,09:10:51,0,WH705,XZCE,3120,3101,3135,718,44775320,12788,12796,3292,2978,3135,3138,0,3105,0,0,0,2017-04-19,33051000,3120,1,0,0,0,0,0,0,0,0,3124,1,0,0,0,0,0,0,0,0
478,2017-04-19,09:10:52,0,WH705,XZCE,3120,3101,3135,718,44775320,12788,12796,3292,2978,3135,3138,0,3105,0,0,0,2017-04-19,33052000,3123,1,0,0,0,0,0,0,0,0,3124,1,0,0,0,0,0,0,0,0
479,2017-04-19,09:10:53,0,WH705,XZCE,3123,3101,3135,720,44900240,12786,12796,3292,2978,3135,3138,0,3105,0,0,0,2017-04-19,33053000,3120,1,0,0,0,0,0,0,0,0,3124,1,0,0,0,0,0,0,0,0
480,2017-04-19,09:10:57,0,WH705,XZCE,3123,3101,3135,720,44900240,12786,12796,3292,2978,3135,3138,0,3105,0,0,0,2017-04-19,33057000,3122,2,0,0,0,0,0,0,0,0,3124,1,0,0,0,0,0,0,0,0
481,2017-04-19,09:10:58,0,WH705,XZCE,3123,3101,3135,720,44900240,12786,12796,3292,2978,3135,3138,0,3105,0,0,0,2017-04-19,33058000,3122,3,0,0,0,0,0,0,0,0,3124,1,0,0,0,0,0,0,0,0
482,2017-04-19,09:11:01,0,WH705,XZCE,3122,3101,3135,724,45150000,12784,12796,3292,2978,3135,3138,0,3105,0,0,0,2017-04-19,33061000,3122,1,0,0,0,0,0,0,0,0,3124,1,0,0,0,0,0,0,0,0
483,2017-04-19,09:11:09,0,WH705,XZCE,3122,3101,3135,724,45150000,12784,12796,3292,2978,3135,3138,0,3105,0,0,0,2017-04-19,33069000,3123,1,0,0,0,0,0,0,0,0,3124,1,0,0,0,0,0,0,0,0
484,2017-04-19,09:11:12,0,WH705,XZCE,3123,3101,3135,726,45274920,12784,12796,3292,2978,3135,3138,0,3105,0,0,0,2017-04-19,33072000,3122,1,0,0,0,0,0,0,0,0,3124,1,0,0,0,0,0,0,0,0
485,2017-04-19,09:11:12,0,WH705,XZCE,3123,3101,3135,726,45274920,12784,12796,3292,2978,3135,3138,0,3105,0,0,0,2017-04-19,33072000,3122,2,0,0,0,0,0,0,0,0,3123,1,0,0,0,0,0,0,0,0
486,2017-04-19,09:11:13,0,WH705,XZCE,3123,3101,3135,726,45274920,12784,12796,3292,2978,3135,3138,0,3105,0,0,0,2017-04-19,33073000,3122,2,0,0,0,0,0,0,0,0,3123,2,0,0,0,0,0,0,0,0
487,2017-04-19,09:11:14,0,WH705,XZCE,3123,3101,3135,726,45274920,12784,12796,3292,2978,3135,3138,0,3105,0,0,0,2017-04-19,33074000,3122,2,0,0,0,0,0,0,0,0,3123,4,0,0,0,0,0,0,0,0
488,2017-04-19,09:11:19,0,WH705,XZCE,3123,3101,3135,728,45399840,12786,12796,3292,2978,3135,3138,0,3105,0,0,0,2017-04-19,33079000,3122,2,0,0,0,0,0,0,0,0,3123,3,0,0,0,0,0,0,0,0
489,2017-04-19,09:11:20,0,WH705,XZCE,3122,3101,3135,732,45649600,12788,12796,3292,2978,3135,3138,0,3105,0,0,0,2017-04-19,33080000,3121,1,0,0,0,0,0,0,0,0,3123,3,0,0,0,0,0,0,0,0
490,2017-04-19,09:11:25,0,WH705,XZCE,3123,3101,3135,736,45899440,12784,12796,3292,2978,3135,3138,0,3105,0,0,0,2017-04-19,33085000,3121,1,0,0,0,0,0,0,0,0,3123,1,0,0,0,0,0,0,0,0
491,2017-04-19,09:11:27,0,WH705,XZCE,3123,3101,3135,736,45899440,12784,12796,3292,2978,3135,3138,0,3105,0,0,0,2017-04-19,33087000,3122,2,0,0,0,0,0,0,0,0,3123,1,0,0,0,0,0,0,0,0
492,2017-04-19,09:11:31,0,WH705,XZCE,3122,3101,3135,738,46024320,12784,12796,3292,2978,3135,3138,0,3105,0,0,0,2017-04-19,33091000,3122,1,0,0,0,0,0,0,0,0,3123,1,0,0,0,0,0,0,0,0
493,2017-04-19,09:11:35,0,WH705,XZCE,3122,3101,3135,740,46149200,12782,12796,3292,2978,3135,3138,0,3105,0,0,0,2017-04-19,33095000,3121,1,0,0,0,0,0,0,0,0,3122,1,0,0,0,0,0,0,0,0
494,2017-04-19,09:11:36,0,WH705,XZCE,3122,3101,3135,742,46274080,12780,12796,3292,2978,3135,3138,0,3105,0,0,0,2017-04-19,33096000,3121,1,0,0,0,0,0,0,0,0,3123,1,0,0,0,0,0,0,0,0
495,2017-04-19,09:11:37,0,WH705,XZCE,3122,3101,3135,744,46398960,12780,12796,3292,2978,3135,3138,0,3105,0,0,0,2017-04-19,33097000,3121,1,0,0,0,0,0,0,0,0,3122,2,0,0,0,0,0,0,0,0
496,2017-04-19,09:11:52,0,WH705,XZCE,3122,3101,3135,748,46648720,12780,12796,3292,2978,3135,3138,0,3105,0,0,0,2017-04-19,33112000,3121,2,0,0,0,0,0,0,0,0,3123,1,0,0,0,0,0,0,0,0
497,2017-04-19,09:11:56,0,WH705,XZCE,3121,3101,3135,752,46898400,12782,12796,3292,2978,3135,3138,0,3105,0,0,0,2017-04-19,33116000,3120,3,0,0,0,0,0,0,0,0,3123,1,0,0,0,0,0,0,0,0
498,2017-04-19,09:11:58,0,WH705,XZCE,3120,3101,3135,754,47023200,12782,12796,3292,2978,3135,3138,0,3105,0,0,0,2017-04-19,33118000,3120,2,0,0,0,0,0,0,0,0,3123,1,0,0,0,0,0,0,0,0
499,2017-04-19,09:12:02,0,WH705,XZCE,3120,3101,3135,758,47272800,12778,12796,3292,2978,3135,3138,0,3105,0,0,0,2017-04-19,33122000,3119,2,0,0,0,0,0,0,0,0,3123,1,0,0,0,0,0,0,0,0
500,2017-04-19,09:12:04,0,WH705,XZCE,3120,3101,3135,758,47272800,12778,12796,3292,2978,3135,3138,0,3105,0,0,0,2017-04-19,33124000,3119,2,0,0,0,0,0,0,0,0,3120,1,0,0,0,0,0,0,0,0
501,2017-04-19,09:12:06,0,WH705,XZCE,3120,3101,3135,760,47397600,12780,12796,3292,2978,3135,3138,0,3105,0,0,0,2017-04-19,33126000,3119,2,0,0,0,0,0,0,0,0,3123,1,0,0,0,0,0,0,0,0
502,2017-04-19,09:12:07,0,WH705,XZCE,3120,3101,3135,760,47397600,12780,12796,3292,2978,3135,3138,0,3105,0,0,0,2017-04-19,33127000,3119,2,0,0,0,0,0,0,0,0,3122,1,0,0,0,0,0,0,0,0
503,2017-04-19,09:12:08,0,WH705,XZCE,3119,3101,3135,762,47522360,12780,12796,3292,2978,3135,3138,0,3105,0,0,0,2017-04-19,33128000,3119,1,0,0,0,0,0,0,0,0,3122,1,0,0,0,0,0,0,0,0
504,2017-04-19,09:12:10,0,WH705,XZCE,3119,3101,3135,764,47647120,12782,12796,3292,2978,3135,3138,0,3105,0,0,0,2017-04-19,33130000,3117,1,0,0,0,0,0,0,0,0,3122,1,0,0,0,0,0,0,0,0
505,2017-04-19,09:12:18,0,WH705,XZCE,3119,3101,3135,764,47647120,12782,12796,3292,2978,3135,3138,0,3105,0,0,0,2017-04-19,33138000,3117,1,0,0,0,0,0,0,0,0,3122,2,0,0,0,0,0,0,0,0
506,2017-04-19,09:12:19,0,WH705,XZCE,3119,3101,3135,764,47647120,12782,12796,3292,2978,3135,3138,0,3105,0,0,0,2017-04-19,33139000,3117,2,0,0,0,0,0,0,0,0,3122,2,0,0,0,0,0,0,0,0
507,2017-04-19,09:12:20,0,WH705,XZCE,3119,3101,3135,764,47647120,12782,12796,3292,2978,3135,3138,0,3105,0,0,0,2017-04-19,33140000,3118,1,0,0,0,0,0,0,0,0,3122,2,0,0,0,0,0,0,0,0
508,2017-04-19,09:12:21,0,WH705,XZCE,3119,3101,3135,764,47647120,12782,12796,3292,2978,3135,3138,0,3105,0,0,0,2017-04-19,33141000,3119,2,0,0,0,0,0,0,0,0,3122,2,0,0,0,0,0,0,0,0
509,2017-04-19,09:12:21,0,WH705,XZCE,3119,3101,3135,764,47647120,12782,12796,3292,2978,3135,3138,0,3105,0,0,0,2017-04-19,33141000,3119,2,0,0,0,0,0,0,0,0,3122,1,0,0,0,0,0,0,0,0
510,2017-04-19,09:12:27,0,WH705,XZCE,3119,3101,3135,764,47647120,12782,12796,3292,2978,3135,3138,0,3105,0,0,0,2017-04-19,33147000,3120,1,0,0,0,0,0,0,0,0,3122,1,0,0,0,0,0,0,0,0
511,2017-04-19,09:12:28,0,WH705,XZCE,3120,3101,3135,766,47771920,12784,12796,3292,2978,3135,3138,0,3105,0,0,0,2017-04-19,33148000,3118,3,0,0,0,0,0,0,0,0,3120,2,0,0,0,0,0,0,0,0
512,2017-04-19,09:12:29,0,WH705,XZCE,3120,3101,3135,766,47771920,12784,12796,3292,2978,3135,3138,0,3105,0,0,0,2017-04-19,33149000,3118,4,0,0,0,0,0,0,0,0,3120,2,0,0,0,0,0,0,0,0
513,2017-04-19,09:12:35,0,WH705,XZCE,3118,3101,3135,768,47896640,12784,12796,3292,2978,3135,3138,0,3105,0,0,0,2017-04-19,33155000,3118,3,0,0,0,0,0,0,0,0,3120,2,0,0,0,0,0,0,0,0
514,2017-04-19,09:12:35,0,WH705,XZCE,3118,3101,3135,768,47896640,12784,12796,3292,2978,3135,3138,0,3105,0,0,0,2017-04-19,33155000,3118,3,0,0,0,0,0,0,0,0,3120,3,0,0,0,0,0,0,0,0
515,2017-04-19,09:12:36,0,WH705,XZCE,3118,3101,3135,768,47896640,12784,12796,3292,2978,3135,3138,0,3105,0,0,0,2017-04-19,33156000,3119,2,0,0,0,0,0,0,0,0,3120,3,0,0,0,0,0,0,0,0
516,2017-04-19,09:12:36,0,WH705,XZCE,3118,3101,3135,768,47896640,12784,12796,3292,2978,3135,3138,0,3105,0,0,0,2017-04-19,33156000,3119,3,0,0,0,0,0,0,0,0,3120,5,0,0,0,0,0,0,0,0
517,2017-04-19,09:12:37,0,WH705,XZCE,3119,3101,3135,770,48021400,12784,12796,3292,2978,3135,3138,0,3105,0,0,0,2017-04-19,33157000,3119,2,0,0,0,0,0,0,0,0,3120,5,0,0,0,0,0,0,0,0
518,2017-04-19,09:12:41,0,WH705,XZCE,3119,3101,3135,772,48146160,12784,12796,3292,2978,3135,3138,0,3105,0,0,0,2017-04-19,33161000,3119,1,0,0,0,0,0,0,0,0,3120,5,0,0,0,0,0,0,0,0
519,2017-04-19,09:12:42,0,WH705,XZCE,3119,3101,3135,774,48270920,12786,12796,3292,2978,3135,3138,0,3105,0,0,0,2017-04-19,33162000,3118,2,0,0,0,0,0,0,0,0,3119,1,0,0,0,0,0,0,0,0
520,2017-04-19,09:12:43,0,WH705,XZCE,3119,3101,3135,774,48270920,12786,12796,3292,2978,3135,3138,0,3105,0,0,0,2017-04-19,33163000,3118,2,0,0,0,0,0,0,0,0,3119,2,0,0,0,0,0,0,0,0
521,2017-04-19,09:12:44,0,WH705,XZCE,3118,3101,3135,776,48395640,12786,12796,3292,2978,3135,3138,0,3105,0,0,0,2017-04-19,33164000,3118,1,0,0,0,0,0,0,0,0,3119,2,0,0,0,0,0,0,0,0
522,2017-04-19,09:12:45,0,WH705,XZCE,3118,3101,3135,778,48520360,12786,12796,3292,2978,3135,3138,0,3105,0,0,0,2017-04-19,33165000,3117,2,0,0,0,0,0,0,0,0,3119,2,0,0,0,0,0,0,0,0
523,2017-04-19,09:12:46,0,WH705,XZCE,3118,3101,3135,778,48520360,12786,12796,3292,2978,3135,3138,0,3105,0,0,0,2017-04-19,33166000,3117,2,0,0,0,0,0,0,0,0,3119,1,0,0,0,0,0,0,0,0
524,2017-04-19,09:12:55,0,WH705,XZCE,3118,3101,3135,778,48520360,12786,12796,3292,2978,3135,3138,0,3105,0,0,0,2017-04-19,33175000,3118,2,0,0,0,0,0,0,0,0,3119,1,0,0,0,0,0,0,0,0
525,2017-04-19,09:12:56,0,WH705,XZCE,3119,3101,3135,780,48645120,12784,12796,3292,2978,3135,3138,0,3105,0,0,0,2017-04-19,33176000,3118,2,0,0,0,0,0,0,0,0,3120,9,0,0,0,0,0,0,0,0
526,2017-04-19,09:13:10,0,WH705,XZCE,3119,3101,3135,780,48645120,12784,12796,3292,2978,3135,3138,0,3105,0,0,0,2017-04-19,33190000,3118,2,0,0,0,0,0,0,0,0,3120,10,0,0,0,0,0,0,0,0
527,2017-04-19,09:13:11,0,WH705,XZCE,3118,3101,3135,782,48769840,12784,12796,3292,2978,3135,3138,0,3105,0,0,0,2017-04-19,33191000,3118,1,0,0,0,0,0,0,0,0,3120,10,0,0,0,0,0,0,0,0
528,2017-04-19,09:13:17,0,WH705,XZCE,3118,3101,3135,782,48769840,12784,12796,3292,2978,3135,3138,0,3105,0,0,0,2017-04-19,33197000,3119,1,0,0,0,0,0,0,0,0,3120,10,0,0,0,0,0,0,0,0
529,2017-04-19,09:13:19,0,WH705,XZCE,3119,3101,3135,784,48894600,12784,12796,3292,2978,3135,3138,0,3105,0,0,0,2017-04-19,33199000,3117,3,0,0,0,0,0,0,0,0,3120,10,0,0,0,0,0,0,0,0
530,2017-04-19,09:13:20,0,WH705,XZCE,3119,3101,3135,784,48894600,12784,12796,3292,2978,3135,3138,0,3105,0,0,0,2017-04-19,33200000,3117,3,0,0,0,0,0,0,0,0,3119,1,0,0,0,0,0,0,0,0
531,2017-04-19,09:13:21,0,WH705,XZCE,3119,3101,3135,784,48894600,12784,12796,3292,2978,3135,3138,0,3105,0,0,0,2017-04-19,33201000,3118,1,0,0,0,0,0,0,0,0,3119,1,0,0,0,0,0,0,0,0
532,2017-04-19,09:13:27,0,WH705,XZCE,3119,3101,3135,786,49019360,12784,12796,3292,2978,3135,3138,0,3105,0,0,0,2017-04-19,33207000,3118,2,0,0,0,0,0,0,0,0,3120,10,0,0,0,0,0,0,0,0
533,2017-04-19,09:13:30,0,WH705,XZCE,3120,3101,3135,790,49268960,12784,12796,3292,2978,3135,3138,0,3105,0,0,0,2017-04-19,33210000,3118,2,0,0,0,0,0,0,0,0,3120,8,0,0,0,0,0,0,0,0
534,2017-04-19,09:13:31,0,WH705,XZCE,3120,3101,3135,804,50142560,12784,12796,3292,2978,3135,3138,0,3105,0,0,0,2017-04-19,33211000,3118,2,0,0,0,0,0,0,0,0,3120,1,0,0,0,0,0,0,0,0
535,2017-04-19,09:13:32,0,WH705,XZCE,3120,3101,3135,806,50267360,12784,12796,3292,2978,3135,3138,0,3105,0,0,0,2017-04-19,33212000,3120,1,0,0,0,0,0,0,0,0,3122,1,0,0,0,0,0,0,0,0
536,2017-04-19,09:13:35,0,WH705,XZCE,3120,3101,3135,806,50267360,12784,12796,3292,2978,3135,3138,0,3105,0,0,0,2017-04-19,33215000,3120,3,0,0,0,0,0,0,0,0,3122,1,0,0,0,0,0,0,0,0
537,2017-04-19,09:13:36,0,WH705,XZCE,3120,3101,3135,808,50392160,12784,12796,3292,2978,3135,3138,0,3105,0,0,0,2017-04-19,33216000,3120,2,0,0,0,0,0,0,0,0,3122,1,0,0,0,0,0,0,0,0
538,2017-04-19,09:13:38,0,WH705,XZCE,3122,3101,3135,810,50517040,12784,12796,3292,2978,3135,3138,0,3105,0,0,0,2017-04-19,33218000,3122,20,0,0,0,0,0,0,0,0,3123,2,0,0,0,0,0,0,0,0
539,2017-04-19,09:13:39,0,WH705,XZCE,3122,3101,3135,810,50517040,12784,12796,3292,2978,3135,3138,0,3105,0,0,0,2017-04-19,33219000,3122,21,0,0,0,0,0,0,0,0,3123,3,0,0,0,0,0,0,0,0
540,2017-04-19,09:13:40,0,WH705,XZCE,3123,3101,3135,814,50766880,12784,12796,3292,2978,3135,3138,0,3105,0,0,0,2017-04-19,33220000,3122,22,0,0,0,0,0,0,0,0,3123,1,0,0,0,0,0,0,0,0
541,2017-04-19,09:13:41,0,WH705,XZCE,3123,3101,3135,816,50891800,12784,12796,3292,2978,3135,3138,0,3105,0,0,0,2017-04-19,33221000,3122,22,0,0,0,0,0,0,0,0,3125,2,0,0,0,0,0,0,0,0
542,2017-04-19,09:13:41,0,WH705,XZCE,3123,3101,3135,816,50891800,12784,12796,3292,2978,3135,3138,0,3105,0,0,0,2017-04-19,33221000,3123,3,0,0,0,0,0,0,0,0,3125,2,0,0,0,0,0,0,0,0
543,2017-04-19,09:13:42,0,WH705,XZCE,3123,3101,3135,816,50891800,12784,12796,3292,2978,3135,3138,0,3105,0,0,0,2017-04-19,33222000,3124,2,0,0,0,0,0,0,0,0,3125,2,0,0,0,0,0,0,0,0
544,2017-04-19,09:13:43,0,WH705,XZCE,3123,3101,3135,816,50891800,12784,12796,3292,2978,3135,3138,0,3105,0,0,0,2017-04-19,33223000,3124,2,0,0,0,0,0,0,0,0,3125,1,0,0,0,0,0,0,0,0
545,2017-04-19,09:13:44,0,WH705,XZCE,3125,3101,3135,818,51016800,12786,12796,3292,2978,3135,3138,0,3105,0,0,0,2017-04-19,33224000,3124,2,0,0,0,0,0,0,0,0,3126,2,0,0,0,0,0,0,0,0
546,2017-04-19,09:13:45,0,WH705,XZCE,3125,3101,3135,818,51016800,12786,12796,3292,2978,3135,3138,0,3105,0,0,0,2017-04-19,33225000,3125,2,0,0,0,0,0,0,0,0,3126,2,0,0,0,0,0,0,0,0
547,2017-04-19,09:13:48,0,WH705,XZCE,3125,3101,3135,822,51266800,12788,12796,3292,2978,3135,3138,0,3105,0,0,0,2017-04-19,33228000,3125,1,0,0,0,0,0,0,0,0,3126,2,0,0,0,0,0,0,0,0
548,2017-04-19,09:13:49,0,WH705,XZCE,3124,3101,3135,826,51516720,12788,12796,3292,2978,3135,3138,0,3105,0,0,0,2017-04-19,33229000,3123,2,0,0,0,0,0,0,0,0,3126,2,0,0,0,0,0,0,0,0
549,2017-04-19,09:13:49,0,WH705,XZCE,3124,3101,3135,826,51516720,12788,12796,3292,2978,3135,3138,0,3105,0,0,0,2017-04-19,33229000,3124,1,0,0,0,0,0,0,0,0,3126,2,0,0,0,0,0,0,0,0
550,2017-04-19,09:13:50,0,WH705,XZCE,3124,3101,3135,826,51516720,12788,12796,3292,2978,3135,3138,0,3105,0,0,0,2017-04-19,33230000,3124,1,0,0,0,0,0,0,0,0,3125,1,0,0,0,0,0,0,0,0
551,2017-04-19,09:13:50,0,WH705,XZCE,3124,3101,3135,826,51516720,12788,12796,3292,2978,3135,3138,0,3105,0,0,0,2017-04-19,33230000,3124,1,0,0,0,0,0,0,0,0,3125,3,0,0,0,0,0,0,0,0
552,2017-04-19,09:13:51,0,WH705,XZCE,3124,3101,3135,828,51641680,12788,12796,3292,2978,3135,3138,0,3105,0,0,0,2017-04-19,33231000,3123,2,0,0,0,0,0,0,0,0,3125,3,0,0,0,0,0,0,0,0
553,2017-04-19,09:13:55,0,WH705,XZCE,3125,3101,3135,834,52016680,12782,12796,3292,2978,3135,3138,0,3105,0,0,0,2017-04-19,33235000,3123,2,0,0,0,0,0,0,0,0,3126,2,0,0,0,0,0,0,0,0
554,2017-04-19,09:13:57,0,WH705,XZCE,3126,3101,3135,836,52141720,12784,12796,3292,2978,3135,3138,0,3105,0,0,0,2017-04-19,33237000,3123,2,0,0,0,0,0,0,0,0,3126,1,0,0,0,0,0,0,0,0
555,2017-04-19,09:13:57,0,WH705,XZCE,3126,3101,3135,836,52141720,12784,12796,3292,2978,3135,3138,0,3105,0,0,0,2017-04-19,33237000,3123,3,0,0,0,0,0,0,0,0,3125,1,0,0,0,0,0,0,0,0
556,2017-04-19,09:13:59,0,WH705,XZCE,3126,3101,3135,836,52141720,12784,12796,3292,2978,3135,3138,0,3105,0,0,0,2017-04-19,33239000,3124,1,0,0,0,0,0,0,0,0,3125,1,0,0,0,0,0,0,0,0
557,2017-04-19,09:14:00,0,WH705,XZCE,3126,3101,3135,836,52141720,12784,12796,3292,2978,3135,3138,0,3105,0,0,0,2017-04-19,33240000,3124,1,0,0,0,0,0,0,0,0,3126,1,0,0,0,0,0,0,0,0
558,2017-04-19,09:14:03,0,WH705,XZCE,3126,3101,3135,836,52141720,12784,12796,3292,2978,3135,3138,0,3105,0,0,0,2017-04-19,33243000,3124,1,0,0,0,0,0,0,0,0,3125,1,0,0,0,0,0,0,0,0
559,2017-04-19,09:14:03,0,WH705,XZCE,3124,3101,3135,838,52266680,12784,12796,3292,2978,3135,3138,0,3105,0,0,0,2017-04-19,33243000,3123,2,0,0,0,0,0,0,0,0,3124,1,0,0,0,0,0,0,0,0
560,2017-04-19,09:14:06,0,WH705,XZCE,3123,3101,3135,840,52391600,12784,12796,3292,2978,3135,3138,0,3105,0,0,0,2017-04-19,33246000,3123,1,0,0,0,0,0,0,0,0,3124,2,0,0,0,0,0,0,0,0
561,2017-04-19,09:14:08,0,WH705,XZCE,3123,3101,3135,842,52516520,12782,12796,3292,2978,3135,3138,0,3105,0,0,0,2017-04-19,33248000,3122,20,0,0,0,0,0,0,0,0,3124,2,0,0,0,0,0,0,0,0
562,2017-04-19,09:14:09,0,WH705,XZCE,3123,3101,3135,842,52516520,12782,12796,3292,2978,3135,3138,0,3105,0,0,0,2017-04-19,33249000,3122,20,0,0,0,0,0,0,0,0,3123,2,0,0,0,0,0,0,0,0
563,2017-04-19,09:14:10,0,WH705,XZCE,3123,3101,3135,842,52516520,12782,12796,3292,2978,3135,3138,0,3105,0,0,0,2017-04-19,33250000,3120,10,0,0,0,0,0,0,0,0,3123,2,0,0,0,0,0,0,0,0
564,2017-04-19,09:14:11,0,WH705,XZCE,3123,3101,3135,842,52516520,12782,12796,3292,2978,3135,3138,0,3105,0,0,0,2017-04-19,33251000,3121,21,0,0,0,0,0,0,0,0,3123,2,0,0,0,0,0,0,0,0
565,2017-04-19,09:14:11,0,WH705,XZCE,3123,3101,3135,842,52516520,12782,12796,3292,2978,3135,3138,0,3105,0,0,0,2017-04-19,33251000,3120,10,0,0,0,0,0,0,0,0,3123,2,0,0,0,0,0,0,0,0
