,dataDate,dataTime,dataMillisec,instrumentID,exchangeCD,lastPrice,lowPrice,highPrice,volume,value,openInterest,preOpenInterest,upperLimitPrice,lowerLimitPrice,preSettlementPrice,prevClosePrice,settlementPrice,openPrice,closePrice,preDelta,currDelta,clearingDay,milliSecOffset,bidPrice1,bidVolume1,bidPrice2,bidVolume2,bidPrice3,bidVolume3,bidPrice4,bidVolume4,bidPrice5,bidVolume5,askPrice1,askVolume1,askPrice2,askVolume2,askPrice3,askVolume3,askPrice4,askVolume4,askPrice5,askVolume5
0,2017-04-19,07:27:41,0,ZC705,XZCE,621.0,0.0,0.0,0,0.0,203848,203848,656.2,581.8,619,621,0.0,0.0,0.0,0,0,2017-04-19,26861000,0.0,0,0,0,0,0,0,0,0,0,0.0,0,0,0,0,0,0,0,0,0
1,2017-04-19,07:27:41,0,ZC705,XZCE,621.0,0.0,0.0,0,0.0,203848,203848,656.2,581.8,619,621,0.0,600.0,0.0,0,0,2017-04-19,26861000,0.0,0,0,0,0,0,0,0,0,0,0.0,0,0,0,0,0,0,0,0,0
2,2017-04-19,07:27:41,0,ZC705,XZCE,621.0,0.0,0.0,0,0.0,203848,203848,656.2,581.8,619,621,0.0,600.2,0.0,0,0,2017-04-19,26861000,0.0,0,0,0,0,0,0,0,0,0,0.0,0,0,0,0,0,0,0,0,0
3,2017-04-19,07:27:41,0,ZC705,XZCE,621.0,0.0,0.0,0,0.0,203848,203848,656.2,581.8,619,621,0.0,600.0,0.0,0,0,2017-04-19,26861000,0.0,0,0,0,0,0,0,0,0,0,0.0,0,0,0,0,0,0,0,0,0
4,2017-04-19,07:27:41,0,ZC705,XZCE,621.0,0.0,0.0,0,0.0,203848,203848,656.2,581.8,619,621,0.0,606.0,0.0,0,0,2017-04-19,26861000,0.0,0,0,0,0,0,0,0,0,0,0.0,0,0,0,0,0,0,0,0,0
5,2017-04-19,07:27:41,0,ZC705,XZCE,621.0,0.0,0.0,0,0.0,203848,203848,656.2,581.8,619,621,0.0,606.2,0.0,0,0,2017-04-19,26861000,0.0,0,0,0,0,0,0,0,0,0,0.0,0,0,0,0,0,0,0,0,0
6,2017-04-19,07:27:41,0,ZC705,XZCE,621.0,0.0,0.0,0,0.0,203848,203848,656.2,581.8,619,621,0.0,610.6,0.0,0,0,2017-04-19,26861000,0.0,0,0,0,0,0,0,0,0,0,0.0,0,0,0,0,0,0,0,0,0
7,2017-04-19,07:27:41,0,ZC705,XZCE,621.0,0.0,0.0,0,0.0,203848,203848,656.2,581.8,619,621,0.0,606.0,0.0,0,0,2017-04-19,26861000,0.0,0,0,0,0,0,0,0,0,0,0.0,0,0,0,0,0,0,0,0,0
8,2017-04-19,07:27:41,0,ZC705,XZCE,621.0,0.0,0.0,0,0.0,203848,203848,656.2,581.8,619,621,0.0,613.8,0.0,0,0,2017-04-19,26861000,0.0,0,0,0,0,0,0,0,0,0,0.0,0,0,0,0,0,0,0,0,0
9,2017-04-19,07:27:41,0,ZC705,XZCE,621.0,0.0,0.0,0,0.0,203848,203848,656.2,581.8,619,621,0.0,615.8,0.0,0,0,2017-04-19,26861000,0.0,0,0,0,0,0,0,0,0,0,0.0,0,0,0,0,0,0,0,0,0
10,2017-04-19,07:27:41,0,ZC705,XZCE,621.0,0.0,0.0,0,0.0,203848,203848,656.2,581.8,619,621,0.0,613.8,0.0,0,0,2017-04-19,26861000,0.0,0,0,0,0,0,0,0,0,0,0.0,0,0,0,0,0,0,0,0,0
11,2017-04-19,07:27:41,0,ZC705,XZCE,621.0,0.0,0.0,0,0.0,203848,203848,656.2,581.8,619,621,0.0,614.0,0.0,0,0,2017-04-19,26861000,0.0,0,0,0,0,0,0,0,0,0,0.0,0,0,0,0,0,0,0,0,0
12,2017-04-19,07:27:41,0,ZC705,XZCE,621.0,0.0,0.0,0,0.0,203848,203848,656.2,581.8,619,621,0.0,615.0,0.0,0,0,2017-04-19,26861000,0.0,0,0,0,0,0,0,0,0,0,0.0,0,0,0,0,0,0,0,0,0
13,2017-04-19,07:27:41,0,ZC705,XZCE,621.0,0.0,0.0,0,0.0,203848,203848,656.2,581.8,619,621,0.0,615.8,0.0,0,0,2017-04-19,26861000,0.0,0,0,0,0,0,0,0,0,0,0.0,0,0,0,0,0,0,0,0,0
14,2017-04-19,07:27:41,0,ZC705,XZCE,621.0,0.0,0.0,0,0.0,203848,203848,656.2,581.8,619,621,0.0,616.6,0.0,0,0,2017-04-19,26861000,0.0,0,0,0,0,0,0,0,0,0,0.0,0,0,0,0,0,0,0,0,0
15,2017-04-19,07:27:41,0,ZC705,XZCE,621.0,0.0,0.0,0,0.0,203848,203848,656.2,581.8,619,621,0.0,618.0,0.0,0,0,2017-04-19,26861000,0.0,0,0,0,0,0,0,0,0,0,0.0,0,0,0,0,0,0,0,0,0
16,2017-04-19,07:27:41,0,ZC705,XZCE,621.0,0.0,0.0,0,0.0,203848,203848,656.2,581.8,619,621,0.0,619.6,0.0,0,0,2017-04-19,26861000,0.0,0,0,0,0,0,0,0,0,0,0.0,0,0,0,0,0,0,0,0,0
17,2017-04-19,07:27:41,0,ZC705,XZCE,621.0,0.0,0.0,0,0.0,203848,203848,656.2,581.8,619,621,0.0,617.8,0.0,0,0,2017-04-19,26861000,0.0,0,0,0,0,0,0,0,0,0,0.0,0,0,0,0,0,0,0,0,0
18,2017-04-19,07:27:41,0,ZC705,XZCE,621.0,0.0,0.0,0,0.0,203848,203848,656.2,581.8,619,621,0.0,618.2,0.0,0,0,2017-04-19,26861000,0.0,0,0,0,0,0,0,0,0,0,0.0,0,0,0,0,0,0,0,0,0
19,2017-04-19,07:27:41,0,ZC705,XZCE,621.0,0.0,0.0,0,0.0,203848,203848,656.2,581.8,619,621,0.0,619.2,0.0,0,0,2017-04-19,26861000,0.0,0,0,0,0,0,0,0,0,0,0.0,0,0,0,0,0,0,0,0,0
20,2017-04-19,07:27:41,0,ZC705,XZCE,621.0,0.0,0.0,0,0.0,203848,203848,656.2,581.8,619,621,0.0,620.0,0.0,0,0,2017-04-19,26861000,0.0,0,0,0,0,0,0,0,0,0,0.0,0,0,0,0,0,0,0,0,0
21,2017-04-19,07:27:41,0,ZC705,XZCE,621.0,0.0,0.0,0,0.0,203848,203848,656.2,581.8,619,621,0.0,619.6,0.0,0,0,2017-04-19,26861000,0.0,0,0,0,0,0,0,0,0,0,0.0,0,0,0,0,0,0,0,0,0
22,2017-04-19,07:27:41,0,ZC705,XZCE,621.0,0.0,0.0,0,0.0,203848,203848,656.2,581.8,619,621,0.0,616.6,0.0,0,0,2017-04-19,26861000,0.0,0,0,0,0,0,0,0,0,0,0.0,0,0,0,0,0,0,0,0,0
23,2017-04-19,07:27:41,0,ZC705,XZCE,621.0,0.0,0.0,0,0.0,203848,203848,656.2,581.8,619,621,0.0,618.0,0.0,0,0,2017-04-19,26861000,0.0,0,0,0,0,0,0,0,0,0,0.0,0,0,0,0,0,0,0,0,0
24,2017-04-19,07:27:41,0,ZC705,XZCE,621.0,0.0,0.0,0,0.0,203848,203848,656.2,581.8,619,621,0.0,613.8,0.0,0,0,2017-04-19,26861000,0.0,0,0,0,0,0,0,0,0,0,0.0,0,0,0,0,0,0,0,0,0
25,2017-04-19,07:27:41,0,ZC705,XZCE,621.0,0.0,0.0,0,0.0,203848,203848,656.2,581.8,619,621,0.0,618.0,0.0,0,0,2017-04-19,26861000,0.0,0,0,0,0,0,0,0,0,0,0.0,0,0,0,0,0,0,0,0,0
26,2017-04-19,07:27:41,0,ZC705,XZCE,621.0,0.0,0.0,0,0.0,203848,203848,656.2,581.8,619,621,0.0,619.0,0.0,0,0,2017-04-19,26861000,0.0,0,0,0,0,0,0,0,0,0,0.0,0,0,0,0,0,0,0,0,0
27,2017-04-19,07:27:41,0,ZC705,XZCE,621.0,0.0,0.0,0,0.0,203848,203848,656.2,581.8,619,621,0.0,615.8,0.0,0,0,2017-04-19,26861000,0.0,0,0,0,0,0,0,0,0,0,0.0,0,0,0,0,0,0,0,0,0
28,2017-04-19,07:27:41,0,ZC705,XZCE,621.0,0.0,0.0,0,0.0,203848,203848,656.2,581.8,619,621,0.0,619.0,0.0,0,0,2017-04-19,26861000,0.0,0,0,0,0,0,0,0,0,0,0.0,0,0,0,0,0,0,0,0,0
29,2017-04-19,07:27:41,0,ZC705,XZCE,621.0,0.0,0.0,0,0.0,203848,203848,656.2,581.8,619,621,0.0,618.0,0.0,0,0,2017-04-19,26861000,0.0,0,0,0,0,0,0,0,0,0,0.0,0,0,0,0,0,0,0,0,0
30,2017-04-19,07:27:41,0,ZC705,XZCE,621.0,0.0,0.0,0,0.0,203848,203848,656.2,581.8,619,621,0.0,617.8,0.0,0,0,2017-04-19,26861000,0.0,0,0,0,0,0,0,0,0,0,0.0,0,0,0,0,0,0,0,0,0
31,2017-04-19,07:27:41,0,ZC705,XZCE,621.0,0.0,0.0,0,0.0,203848,203848,656.2,581.8,619,621,0.0,617.6,0.0,0,0,2017-04-19,26861000,0.0,0,0,0,0,0,0,0,0,0,0.0,0,0,0,0,0,0,0,0,0
32,2017-04-19,07:27:41,0,ZC705,XZCE,621.0,0.0,0.0,0,0.0,203848,203848,656.2,581.8,619,621,0.0,617.2,0.0,0,0,2017-04-19,26861000,0.0,0,0,0,0,0,0,0,0,0,0.0,0,0,0,0,0,0,0,0,0
33,2017-04-19,07:27:41,0,ZC705,XZCE,621.0,0.0,0.0,0,0.0,203848,203848,656.2,581.8,619,621,0.0,617.4,0.0,0,0,2017-04-19,26861000,0.0,0,0,0,0,0,0,0,0,0,0.0,0,0,0,0,0,0,0,0,0
34,2017-04-19,07:27:41,0,ZC705,XZCE,621.0,0.0,0.0,0,0.0,203848,203848,656.2,581.8,619,621,0.0,617.2,0.0,0,0,2017-04-19,26861000,0.0,0,0,0,0,0,0,0,0,0,0.0,0,0,0,0,0,0,0,0,0
35,2017-04-19,07:27:41,0,ZC705,XZCE,621.0,0.0,0.0,0,0.0,203848,203848,656.2,581.8,619,621,0.0,617.0,0.0,0,0,2017-04-19,26861000,0.0,0,0,0,0,0,0,0,0,0,0.0,0,0,0,0,0,0,0,0,0
36,2017-04-19,08:59:00,0,ZC705,XZCE,617.0,617.0,617.0,560,34552000.0,203386,203848,656.2,581.8,619,621,0.0,617.0,0.0,0,0,2017-04-19,32340000,616.8,2,0,0,0,0,0,0,0,0,617.0,14,0,0,0,0,0,0,0,0
37,2017-04-19,09:00:00,0,ZC705,XZCE,616.4,616.4,617.0,600,37017600.0,203390,203848,656.2,581.8,619,621,0.0,617.0,0.0,0,0,2017-04-19,32400000,616.0,5,0,0,0,0,0,0,0,0,616.2,5,0,0,0,0,0,0,0,0
38,2017-04-19,09:00:01,0,ZC705,XZCE,616.8,615.8,617.0,720,44419200.0,203398,203848,656.2,581.8,619,621,0.0,617.0,0.0,0,0,2017-04-19,32401000,616.8,43,0,0,0,0,0,0,0,0,617.0,308,0,0,0,0,0,0,0,0
39,2017-04-19,09:00:01,0,ZC705,XZCE,616.2,615.8,617.0,908,56003760.0,203376,203848,656.2,581.8,619,621,0.0,617.0,0.0,0,0,2017-04-19,32401000,616.2,19,0,0,0,0,0,0,0,0,617.0,270,0,0,0,0,0,0,0,0
40,2017-04-19,09:00:02,0,ZC705,XZCE,617.0,615.8,617.0,1162,71675560.0,203288,203848,656.2,581.8,619,621,0.0,617.0,0.0,0,0,2017-04-19,32402000,616.0,35,0,0,0,0,0,0,0,0,617.0,214,0,0,0,0,0,0,0,0
41,2017-04-19,09:00:02,0,ZC705,XZCE,617.0,615.8,617.0,1570,96849160.0,203246,203848,656.2,581.8,619,621,0.0,617.0,0.0,0,0,2017-04-19,32402000,616.4,17,0,0,0,0,0,0,0,0,617.0,76,0,0,0,0,0,0,0,0
42,2017-04-19,09:00:03,0,ZC705,XZCE,616.8,615.8,617.0,1830,112885960.0,203170,203848,656.2,581.8,619,621,0.0,617.0,0.0,0,0,2017-04-19,32403000,616.8,1,0,0,0,0,0,0,0,0,617.0,33,0,0,0,0,0,0,0,0
43,2017-04-19,09:00:03,0,ZC705,XZCE,616.8,615.8,617.0,1962,121027720.0,203064,203848,656.2,581.8,619,621,0.0,617.0,0.0,0,0,2017-04-19,32403000,616.4,7,0,0,0,0,0,0,0,0,617.0,18,0,0,0,0,0,0,0,0
44,2017-04-19,09:00:04,0,ZC705,XZCE,616.4,615.8,617.0,1982,122260520.0,203056,203848,656.2,581.8,619,621,0.0,617.0,0.0,0,0,2017-04-19,32404000,616.2,432,0,0,0,0,0,0,0,0,616.8,4,0,0,0,0,0,0,0,0
45,2017-04-19,09:00:04,0,ZC705,XZCE,616.6,615.8,617.2,2058,126946680.0,203020,203848,656.2,581.8,619,621,0.0,617.0,0.0,0,0,2017-04-19,32404000,616.6,2,0,0,0,0,0,0,0,0,616.8,3,0,0,0,0,0,0,0,0
46,2017-04-19,09:00:05,0,ZC705,XZCE,616.6,615.8,617.2,2106,129906360.0,203012,203848,656.2,581.8,619,621,0.0,617.0,0.0,0,0,2017-04-19,32405000,616.6,18,0,0,0,0,0,0,0,0,617.0,12,0,0,0,0,0,0,0,0
47,2017-04-19,09:00:05,0,ZC705,XZCE,617.0,615.8,617.2,2142,132127560.0,202978,203848,656.2,581.8,619,621,0.0,617.0,0.0,0,0,2017-04-19,32405000,616.6,8,0,0,0,0,0,0,0,0,617.0,48,0,0,0,0,0,0,0,0
48,2017-04-19,09:00:06,0,ZC705,XZCE,617.2,615.8,617.4,2484,153235800.0,202814,203848,656.2,581.8,619,621,0.0,617.0,0.0,0,0,2017-04-19,32406000,617.2,249,0,0,0,0,0,0,0,0,617.4,3,0,0,0,0,0,0,0,0
49,2017-04-19,09:00:06,0,ZC705,XZCE,617.8,615.8,617.8,2528,155954120.0,202782,203848,656.2,581.8,619,621,0.0,617.0,0.0,0,0,2017-04-19,32406000,617.2,234,0,0,0,0,0,0,0,0,617.8,15,0,0,0,0,0,0,0,0
50,2017-04-19,09:00:07,0,ZC705,XZCE,617.2,615.8,617.8,2552,157435400.0,202762,203848,656.2,581.8,619,621,0.0,617.0,0.0,0,0,2017-04-19,32407000,617.2,230,0,0,0,0,0,0,0,0,617.6,6,0,0,0,0,0,0,0,0
51,2017-04-19,09:00:07,0,ZC705,XZCE,617.2,615.8,618.0,2618,161508920.0,202722,203848,656.2,581.8,619,621,0.0,617.0,0.0,0,0,2017-04-19,32407000,617.2,228,0,0,0,0,0,0,0,0,617.8,11,0,0,0,0,0,0,0,0
52,2017-04-19,09:00:08,0,ZC705,XZCE,617.8,615.8,618.0,2642,162991640.0,202720,203848,656.2,581.8,619,621,0.0,617.0,0.0,0,0,2017-04-19,32408000,617.6,10,0,0,0,0,0,0,0,0,618.0,14,0,0,0,0,0,0,0,0
53,2017-04-19,09:00:08,0,ZC705,XZCE,617.8,615.8,618.0,2716,167563360.0,202648,203848,656.2,581.8,619,621,0.0,617.0,0.0,0,0,2017-04-19,32408000,617.2,209,0,0,0,0,0,0,0,0,617.8,17,0,0,0,0,0,0,0,0
54,2017-04-19,09:00:09,0,ZC705,XZCE,617.8,615.8,618.0,2724,168057600.0,202640,203848,656.2,581.8,619,621,0.0,617.0,0.0,0,0,2017-04-19,32409000,617.2,208,0,0,0,0,0,0,0,0,617.8,15,0,0,0,0,0,0,0,0
55,2017-04-19,09:00:09,0,ZC705,XZCE,618.0,615.8,618.0,2824,174237600.0,202602,203848,656.2,581.8,619,621,0.0,617.0,0.0,0,0,2017-04-19,32409000,618.0,180,0,0,0,0,0,0,0,0,618.2,41,0,0,0,0,0,0,0,0
56,2017-04-19,09:00:10,0,ZC705,XZCE,618.0,615.8,618.2,2858,176338800.0,202568,203848,656.2,581.8,619,621,0.0,617.0,0.0,0,0,2017-04-19,32410000,618.0,165,0,0,0,0,0,0,0,0,618.2,47,0,0,0,0,0,0,0,0
57,2017-04-19,09:00:10,0,ZC705,XZCE,618.0,615.8,618.2,2928,180664800.0,202520,203848,656.2,581.8,619,621,0.0,617.0,0.0,0,0,2017-04-19,32410000,618.0,141,0,0,0,0,0,0,0,0,618.2,40,0,0,0,0,0,0,0,0
58,2017-04-19,09:00:11,0,ZC705,XZCE,618.0,615.8,618.2,3102,191418000.0,202354,203848,656.2,581.8,619,621,0.0,617.0,0.0,0,0,2017-04-19,32411000,618.0,56,0,0,0,0,0,0,0,0,618.2,38,0,0,0,0,0,0,0,0
59,2017-04-19,09:00:11,0,ZC705,XZCE,618.2,615.8,618.2,3136,193519880.0,202320,203848,656.2,581.8,619,621,0.0,617.0,0.0,0,0,2017-04-19,32411000,618.0,41,0,0,0,0,0,0,0,0,618.2,36,0,0,0,0,0,0,0,0
60,2017-04-19,09:00:12,0,ZC705,XZCE,618.0,615.8,618.2,3152,194508680.0,202306,203848,656.2,581.8,619,621,0.0,617.0,0.0,0,0,2017-04-19,32412000,618.0,40,0,0,0,0,0,0,0,0,618.2,32,0,0,0,0,0,0,0,0
61,2017-04-19,09:00:12,0,ZC705,XZCE,618.0,615.8,618.2,3224,198958280.0,202238,203848,656.2,581.8,619,621,0.0,617.0,0.0,0,0,2017-04-19,32412000,618.0,18,0,0,0,0,0,0,0,0,618.2,18,0,0,0,0,0,0,0,0
62,2017-04-19,09:00:13,0,ZC705,XZCE,618.0,615.8,618.2,3254,200812280.0,202210,203848,656.2,581.8,619,621,0.0,617.0,0.0,0,0,2017-04-19,32413000,618.0,9,0,0,0,0,0,0,0,0,618.2,20,0,0,0,0,0,0,0,0
63,2017-04-19,09:00:13,0,ZC705,XZCE,617.6,615.8,618.2,3320,204888440.0,202156,203848,656.2,581.8,619,621,0.0,617.0,0.0,0,0,2017-04-19,32413000,617.4,55,0,0,0,0,0,0,0,0,617.6,2,0,0,0,0,0,0,0,0
64,2017-04-19,09:00:14,0,ZC705,XZCE,618.0,615.8,618.2,3322,205012040.0,202154,203848,656.2,581.8,619,621,0.0,617.0,0.0,0,0,2017-04-19,32414000,617.4,56,0,0,0,0,0,0,0,0,617.6,5,0,0,0,0,0,0,0,0
65,2017-04-19,09:00:14,0,ZC705,XZCE,618.0,615.8,618.2,3322,205012040.0,202154,203848,656.2,581.8,619,621,0.0,617.0,0.0,0,0,2017-04-19,32414000,617.4,57,0,0,0,0,0,0,0,0,617.6,5,0,0,0,0,0,0,0,0
66,2017-04-19,09:00:15,0,ZC705,XZCE,617.6,615.8,618.2,3326,205259080.0,202150,203848,656.2,581.8,619,621,0.0,617.0,0.0,0,0,2017-04-19,32415000,617.4,57,0,0,0,0,0,0,0,0,617.6,6,0,0,0,0,0,0,0,0
67,2017-04-19,09:00:15,0,ZC705,XZCE,617.4,615.8,618.2,3380,208593040.0,202138,203848,656.2,581.8,619,621,0.0,617.0,0.0,0,0,2017-04-19,32415000,617.4,56,0,0,0,0,0,0,0,0,618.0,75,0,0,0,0,0,0,0,0
68,2017-04-19,09:00:16,0,ZC705,XZCE,617.4,615.8,618.2,3422,211186120.0,202098,203848,656.2,581.8,619,621,0.0,617.0,0.0,0,0,2017-04-19,32416000,617.4,35,0,0,0,0,0,0,0,0,617.6,1,0,0,0,0,0,0,0,0
69,2017-04-19,09:00:16,0,ZC705,XZCE,618.0,615.8,618.2,3450,212916520.0,202070,203848,656.2,581.8,619,621,0.0,617.0,0.0,0,0,2017-04-19,32416000,617.4,35,0,0,0,0,0,0,0,0,617.6,16,0,0,0,0,0,0,0,0
70,2017-04-19,09:00:17,0,ZC705,XZCE,617.4,615.8,618.2,3530,217855720.0,202000,203848,656.2,581.8,619,621,0.0,617.0,0.0,0,0,2017-04-19,32417000,617.4,14,0,0,0,0,0,0,0,0,617.6,6,0,0,0,0,0,0,0,0
71,2017-04-19,09:00:17,0,ZC705,XZCE,617.6,615.8,618.2,3540,218473320.0,201990,203848,656.2,581.8,619,621,0.0,617.0,0.0,0,0,2017-04-19,32417000,617.4,13,0,0,0,0,0,0,0,0,617.6,6,0,0,0,0,0,0,0,0
72,2017-04-19,09:00:18,0,ZC705,XZCE,617.4,615.8,618.2,3548,218967240.0,201984,203848,656.2,581.8,619,621,0.0,617.0,0.0,0,0,2017-04-19,32418000,617.4,10,0,0,0,0,0,0,0,0,617.6,5,0,0,0,0,0,0,0,0
73,2017-04-19,09:00:18,0,ZC705,XZCE,617.4,615.8,618.2,3552,219214200.0,201980,203848,656.2,581.8,619,621,0.0,617.0,0.0,0,0,2017-04-19,32418000,617.4,9,0,0,0,0,0,0,0,0,617.6,7,0,0,0,0,0,0,0,0
74,2017-04-19,09:00:19,0,ZC705,XZCE,617.4,615.8,618.2,3596,221930760.0,201956,203848,656.2,581.8,619,621,0.0,617.0,0.0,0,0,2017-04-19,32419000,617.2,24,0,0,0,0,0,0,0,0,617.4,4,0,0,0,0,0,0,0,0
75,2017-04-19,09:00:19,0,ZC705,XZCE,617.4,615.8,618.2,3606,222548160.0,201958,203848,656.2,581.8,619,621,0.0,617.0,0.0,0,0,2017-04-19,32419000,617.2,25,0,0,0,0,0,0,0,0,617.4,9,0,0,0,0,0,0,0,0
76,2017-04-19,09:00:20,0,ZC705,XZCE,617.4,615.8,618.2,3624,223659480.0,201944,203848,656.2,581.8,619,621,0.0,617.0,0.0,0,0,2017-04-19,32420000,617.4,1,0,0,0,0,0,0,0,0,617.6,12,0,0,0,0,0,0,0,0
77,2017-04-19,09:00:20,0,ZC705,XZCE,617.4,615.8,618.2,3628,223906440.0,201942,203848,656.2,581.8,619,621,0.0,617.0,0.0,0,0,2017-04-19,32420000,617.2,25,0,0,0,0,0,0,0,0,617.6,12,0,0,0,0,0,0,0,0
78,2017-04-19,09:00:21,0,ZC705,XZCE,617.2,615.8,618.2,3632,224153320.0,201938,203848,656.2,581.8,619,621,0.0,617.0,0.0,0,0,2017-04-19,32421000,617.2,24,0,0,0,0,0,0,0,0,617.6,13,0,0,0,0,0,0,0,0
79,2017-04-19,09:00:21,0,ZC705,XZCE,617.2,615.8,618.2,3634,224276760.0,201938,203848,656.2,581.8,619,621,0.0,617.0,0.0,0,0,2017-04-19,32421000,617.2,24,0,0,0,0,0,0,0,0,617.6,13,0,0,0,0,0,0,0,0
80,2017-04-19,09:00:22,0,ZC705,XZCE,617.2,615.8,618.2,3634,224276760.0,201938,203848,656.2,581.8,619,621,0.0,617.0,0.0,0,0,2017-04-19,32422000,617.2,24,0,0,0,0,0,0,0,0,617.4,15,0,0,0,0,0,0,0,0
81,2017-04-19,09:00:22,0,ZC705,XZCE,617.2,615.8,618.2,3638,224523640.0,201936,203848,656.2,581.8,619,621,0.0,617.0,0.0,0,0,2017-04-19,32422000,617.2,22,0,0,0,0,0,0,0,0,617.4,2,0,0,0,0,0,0,0,0
82,2017-04-19,09:00:22,0,ZC705,XZCE,617.2,615.8,618.2,3658,225758040.0,201936,203848,656.2,581.8,619,621,0.0,617.0,0.0,0,0,2017-04-19,32422000,617.2,12,0,0,0,0,0,0,0,0,617.4,4,0,0,0,0,0,0,0,0
83,2017-04-19,09:00:23,0,ZC705,XZCE,617.4,615.8,618.2,3670,226498920.0,201932,203848,656.2,581.8,619,621,0.0,617.0,0.0,0,0,2017-04-19,32423000,617.4,7,0,0,0,0,0,0,0,0,617.6,23,0,0,0,0,0,0,0,0
84,2017-04-19,09:00:24,0,ZC705,XZCE,617.2,615.8,618.2,3712,229091160.0,201918,203848,656.2,581.8,619,621,0.0,617.0,0.0,0,0,2017-04-19,32424000,617.0,36,0,0,0,0,0,0,0,0,617.2,7,0,0,0,0,0,0,0,0
85,2017-04-19,09:00:24,0,ZC705,XZCE,617.4,615.8,618.2,3730,230202480.0,201914,203848,656.2,581.8,619,621,0.0,617.0,0.0,0,0,2017-04-19,32424000,617.2,45,0,0,0,0,0,0,0,0,617.4,9,0,0,0,0,0,0,0,0
86,2017-04-19,09:00:25,0,ZC705,XZCE,617.4,615.8,618.2,3738,230696400.0,201912,203848,656.2,581.8,619,621,0.0,617.0,0.0,0,0,2017-04-19,32425000,617.4,5,0,0,0,0,0,0,0,0,617.6,29,0,0,0,0,0,0,0,0
87,2017-04-19,09:00:25,0,ZC705,XZCE,617.4,615.8,618.2,3752,231560760.0,201908,203848,656.2,581.8,619,621,0.0,617.0,0.0,0,0,2017-04-19,32425000,617.2,46,0,0,0,0,0,0,0,0,617.4,80,0,0,0,0,0,0,0,0
88,2017-04-19,09:00:26,0,ZC705,XZCE,617.4,615.8,618.2,3766,232425120.0,201896,203848,656.2,581.8,619,621,0.0,617.0,0.0,0,0,2017-04-19,32426000,617.2,47,0,0,0,0,0,0,0,0,617.4,74,0,0,0,0,0,0,0,0
89,2017-04-19,09:00:26,0,ZC705,XZCE,617.2,615.8,618.2,3814,235387680.0,201868,203848,656.2,581.8,619,621,0.0,617.0,0.0,0,0,2017-04-19,32426000,617.2,69,0,0,0,0,0,0,0,0,617.4,60,0,0,0,0,0,0,0,0
90,2017-04-19,09:00:27,0,ZC705,XZCE,617.4,615.8,618.2,3822,235881600.0,201860,203848,656.2,581.8,619,621,0.0,617.0,0.0,0,0,2017-04-19,32427000,617.2,65,0,0,0,0,0,0,0,0,617.4,63,0,0,0,0,0,0,0,0
91,2017-04-19,09:00:27,0,ZC705,XZCE,617.2,615.8,618.2,3848,237486320.0,201838,203848,656.2,581.8,619,621,0.0,617.0,0.0,0,0,2017-04-19,32427000,617.2,53,0,0,0,0,0,0,0,0,617.4,62,0,0,0,0,0,0,0,0
92,2017-04-19,09:00:28,0,ZC705,XZCE,617.2,615.8,618.2,3856,237980080.0,201832,203848,656.2,581.8,619,621,0.0,617.0,0.0,0,0,2017-04-19,32428000,617.2,54,0,0,0,0,0,0,0,0,617.4,70,0,0,0,0,0,0,0,0
93,2017-04-19,09:00:28,0,ZC705,XZCE,617.2,615.8,618.2,3860,238226960.0,201830,203848,656.2,581.8,619,621,0.0,617.0,0.0,0,0,2017-04-19,32428000,617.2,52,0,0,0,0,0,0,0,0,617.4,72,0,0,0,0,0,0,0,0
94,2017-04-19,09:00:29,0,ZC705,XZCE,617.4,615.8,618.2,3908,241190480.0,201826,203848,656.2,581.8,619,621,0.0,617.0,0.0,0,0,2017-04-19,32429000,617.2,53,0,0,0,0,0,0,0,0,617.4,51,0,0,0,0,0,0,0,0
95,2017-04-19,09:00:29,0,ZC705,XZCE,617.2,615.8,618.2,3936,242918640.0,201802,203848,656.2,581.8,619,621,0.0,617.0,0.0,0,0,2017-04-19,32429000,617.2,51,0,0,0,0,0,0,0,0,617.4,40,0,0,0,0,0,0,0,0
96,2017-04-19,09:00:30,0,ZC705,XZCE,617.4,615.8,618.2,3966,244770840.0,201790,203848,656.2,581.8,619,621,0.0,617.0,0.0,0,0,2017-04-19,32430000,617.2,42,0,0,0,0,0,0,0,0,617.4,34,0,0,0,0,0,0,0,0
97,2017-04-19,09:00:30,0,ZC705,XZCE,617.4,615.8,618.2,3988,246129120.0,201788,203848,656.2,581.8,619,621,0.0,617.0,0.0,0,0,2017-04-19,32430000,617.2,32,0,0,0,0,0,0,0,0,617.4,33,0,0,0,0,0,0,0,0
98,2017-04-19,09:00:31,0,ZC705,XZCE,617.4,615.8,618.2,4042,249463080.0,201794,203848,656.2,581.8,619,621,0.0,617.0,0.0,0,0,2017-04-19,32431000,617.2,28,0,0,0,0,0,0,0,0,617.4,15,0,0,0,0,0,0,0,0
99,2017-04-19,09:00:31,0,ZC705,XZCE,617.2,615.8,618.2,4052,250080280.0,201788,203848,656.2,581.8,619,621,0.0,617.0,0.0,0,0,2017-04-19,32431000,617.2,24,0,0,0,0,0,0,0,0,617.4,16,0,0,0,0,0,0,0,0
100,2017-04-19,09:00:32,0,ZC705,XZCE,617.2,615.8,618.2,4092,252549080.0,201772,203848,656.2,581.8,619,621,0.0,617.0,0.0,0,0,2017-04-19,32432000,617.2,10,0,0,0,0,0,0,0,0,617.4,7,0,0,0,0,0,0,0,0
101,2017-04-19,09:00:32,0,ZC705,XZCE,617.2,615.8,618.2,4112,253783480.0,201754,203848,656.2,581.8,619,621,0.0,617.0,0.0,0,0,2017-04-19,32432000,617.0,42,0,0,0,0,0,0,0,0,617.2,1,0,0,0,0,0,0,0,0
102,2017-04-19,09:00:32,0,ZC705,XZCE,617.2,615.8,618.2,4112,253783480.0,201754,203848,656.2,581.8,619,621,0.0,617.0,0.0,0,0,2017-04-19,32432000,617.0,43,0,0,0,0,0,0,0,0,617.2,22,0,0,0,0,0,0,0,0
103,2017-04-19,09:00:33,0,ZC705,XZCE,617.4,615.8,618.2,4172,257487880.0,201740,203848,656.2,581.8,619,621,0.0,617.0,0.0,0,0,2017-04-19,32433000,617.0,49,0,0,0,0,0,0,0,0,617.4,6,0,0,0,0,0,0,0,0
104,2017-04-19,09:00:34,0,ZC705,XZCE,617.0,615.8,618.2,4198,259092080.0,201726,203848,656.2,581.8,619,621,0.0,617.0,0.0,0,0,2017-04-19,32434000,617.0,52,0,0,0,0,0,0,0,0,617.2,28,0,0,0,0,0,0,0,0
105,2017-04-19,09:00:34,0,ZC705,XZCE,617.0,615.8,618.2,4206,259585680.0,201724,203848,656.2,581.8,619,621,0.0,617.0,0.0,0,0,2017-04-19,32434000,617.0,54,0,0,0,0,0,0,0,0,617.2,25,0,0,0,0,0,0,0,0
106,2017-04-19,09:00:35,0,ZC705,XZCE,617.0,615.8,618.2,4212,259955880.0,201718,203848,656.2,581.8,619,621,0.0,617.0,0.0,0,0,2017-04-19,32435000,617.0,51,0,0,0,0,0,0,0,0,617.2,28,0,0,0,0,0,0,0,0
107,2017-04-19,09:00:35,0,ZC705,XZCE,617.0,615.8,618.2,4316,266372680.0,201720,203848,656.2,581.8,619,621,0.0,617.0,0.0,0,0,2017-04-19,32435000,616.8,7,0,0,0,0,0,0,0,0,617.2,14,0,0,0,0,0,0,0,0
108,2017-04-19,09:00:36,0,ZC705,XZCE,617.0,615.8,618.2,4324,266866280.0,201714,203848,656.2,581.8,619,621,0.0,617.0,0.0,0,0,2017-04-19,32436000,616.8,7,0,0,0,0,0,0,0,0,617.0,2,0,0,0,0,0,0,0,0
109,2017-04-19,09:00:36,0,ZC705,XZCE,617.2,615.8,618.2,4336,267606920.0,201710,203848,656.2,581.8,619,621,0.0,617.0,0.0,0,0,2017-04-19,32436000,617.0,2,0,0,0,0,0,0,0,0,617.2,11,0,0,0,0,0,0,0,0
110,2017-04-19,09:00:37,0,ZC705,XZCE,617.2,615.8,618.2,4340,267853800.0,201706,203848,656.2,581.8,619,621,0.0,617.0,0.0,0,0,2017-04-19,32437000,617.0,2,0,0,0,0,0,0,0,0,617.2,23,0,0,0,0,0,0,0,0
111,2017-04-19,09:00:37,0,ZC705,XZCE,617.0,615.8,618.2,4348,268347400.0,201698,203848,656.2,581.8,619,621,0.0,617.0,0.0,0,0,2017-04-19,32437000,616.8,7,0,0,0,0,0,0,0,0,617.0,2,0,0,0,0,0,0,0,0
112,2017-04-19,09:00:38,0,ZC705,XZCE,617.0,615.8,618.2,4352,268594200.0,201698,203848,656.2,581.8,619,621,0.0,617.0,0.0,0,0,2017-04-19,32438000,616.8,6,0,0,0,0,0,0,0,0,617.0,1,0,0,0,0,0,0,0,0
113,2017-04-19,09:00:38,0,ZC705,XZCE,616.8,615.8,618.2,4364,269334360.0,201688,203848,656.2,581.8,619,621,0.0,617.0,0.0,0,0,2017-04-19,32438000,616.6,8,0,0,0,0,0,0,0,0,617.0,11,0,0,0,0,0,0,0,0
114,2017-04-19,09:00:39,0,ZC705,XZCE,616.8,615.8,618.2,4382,270444600.0,201680,203848,656.2,581.8,619,621,0.0,617.0,0.0,0,0,2017-04-19,32439000,616.6,4,0,0,0,0,0,0,0,0,616.8,4,0,0,0,0,0,0,0,0
115,2017-04-19,09:00:39,0,ZC705,XZCE,617.0,615.8,618.2,4400,271555200.0,201680,203848,656.2,581.8,619,621,0.0,617.0,0.0,0,0,2017-04-19,32439000,616.8,44,0,0,0,0,0,0,0,0,617.0,10,0,0,0,0,0,0,0,0
116,2017-04-19,09:00:40,0,ZC705,XZCE,616.8,615.8,618.2,4438,273899040.0,201642,203848,656.2,581.8,619,621,0.0,617.0,0.0,0,0,2017-04-19,32440000,616.8,26,0,0,0,0,0,0,0,0,617.0,10,0,0,0,0,0,0,0,0
117,2017-04-19,09:00:40,0,ZC705,XZCE,617.0,615.8,618.2,4442,274145840.0,201642,203848,656.2,581.8,619,621,0.0,617.0,0.0,0,0,2017-04-19,32440000,616.8,26,0,0,0,0,0,0,0,0,617.0,8,0,0,0,0,0,0,0,0
118,2017-04-19,09:00:40,0,ZC705,XZCE,616.8,615.8,618.2,4450,274639280.0,201636,203848,656.2,581.8,619,621,0.0,617.0,0.0,0,0,2017-04-19,32440000,616.8,28,0,0,0,0,0,0,0,0,617.0,8,0,0,0,0,0,0,0,0
119,2017-04-19,09:00:42,0,ZC705,XZCE,616.8,615.8,618.2,4456,275009360.0,201634,203848,656.2,581.8,619,621,0.0,617.0,0.0,0,0,2017-04-19,32442000,616.8,25,0,0,0,0,0,0,0,0,617.0,9,0,0,0,0,0,0,0,0
120,2017-04-19,09:00:42,0,ZC705,XZCE,617.0,615.8,618.2,4458,275132760.0,201634,203848,656.2,581.8,619,621,0.0,617.0,0.0,0,0,2017-04-19,32442000,616.8,30,0,0,0,0,0,0,0,0,617.0,8,0,0,0,0,0,0,0,0
121,2017-04-19,09:00:43,0,ZC705,XZCE,617.0,615.8,618.2,4488,276983760.0,201614,203848,656.2,581.8,619,621,0.0,617.0,0.0,0,0,2017-04-19,32443000,616.8,23,0,0,0,0,0,0,0,0,617.0,1,0,0,0,0,0,0,0,0
122,2017-04-19,09:00:43,0,ZC705,XZCE,616.8,615.8,618.2,4492,277230479.99,201612,203848,656.2,581.8,619,621,0.0,617.0,0.0,0,0,2017-04-19,32443000,616.8,21,0,0,0,0,0,0,0,0,617.0,1,0,0,0,0,0,0,0,0
123,2017-04-19,09:00:43,0,ZC705,XZCE,616.8,615.8,618.2,4492,277230479.99,201612,203848,656.2,581.8,619,621,0.0,617.0,0.0,0,0,2017-04-19,32443000,616.8,21,0,0,0,0,0,0,0,0,617.2,18,0,0,0,0,0,0,0,0
124,2017-04-19,09:00:44,0,ZC705,XZCE,616.8,615.8,618.2,4494,277353839.99,201614,203848,656.2,581.8,619,621,0.0,617.0,0.0,0,0,2017-04-19,32444000,617.0,21,0,0,0,0,0,0,0,0,617.2,18,0,0,0,0,0,0,0,0
125,2017-04-19,09:00:45,0,ZC705,XZCE,617.0,615.8,618.2,4546,280562239.99,201624,203848,656.2,581.8,619,621,0.0,617.0,0.0,0,0,2017-04-19,32445000,617.0,3,0,0,0,0,0,0,0,0,617.2,18,0,0,0,0,0,0,0,0
126,2017-04-19,09:00:45,0,ZC705,XZCE,616.8,615.8,618.2,4568,281919199.99,201624,203848,656.2,581.8,619,621,0.0,617.0,0.0,0,0,2017-04-19,32445000,616.8,22,0,0,0,0,0,0,0,0,617.0,11,0,0,0,0,0,0,0,0
127,2017-04-19,09:00:46,0,ZC705,XZCE,616.8,615.8,618.2,4614,284756479.99,201602,203848,656.2,581.8,619,621,0.0,617.0,0.0,0,0,2017-04-19,32446000,616.8,2,0,0,0,0,0,0,0,0,617.0,8,0,0,0,0,0,0,0,0
128,2017-04-19,09:00:46,0,ZC705,XZCE,616.8,615.8,618.2,4618,285003199.99,201606,203848,656.2,581.8,619,621,0.0,617.0,0.0,0,0,2017-04-19,32446000,616.8,7,0,0,0,0,0,0,0,0,617.0,10,0,0,0,0,0,0,0,0
129,2017-04-19,09:00:47,0,ZC705,XZCE,616.8,615.8,618.2,4636,286113439.99,201606,203848,656.2,581.8,619,621,0.0,617.0,0.0,0,0,2017-04-19,32447000,616.8,2,0,0,0,0,0,0,0,0,617.0,11,0,0,0,0,0,0,0,0
130,2017-04-19,09:00:48,0,ZC705,XZCE,617.0,615.8,618.2,4640,286360239.99,201604,203848,656.2,581.8,619,621,0.0,617.0,0.0,0,0,2017-04-19,32448000,616.8,1,0,0,0,0,0,0,0,0,617.0,10,0,0,0,0,0,0,0,0
131,2017-04-19,09:00:48,0,ZC705,XZCE,616.8,615.8,618.2,4654,287223759.99,201602,203848,656.2,581.8,619,621,0.0,617.0,0.0,0,0,2017-04-19,32448000,616.6,6,0,0,0,0,0,0,0,0,616.8,7,0,0,0,0,0,0,0,0
132,2017-04-19,09:00:49,0,ZC705,XZCE,617.0,615.8,618.2,4670,288210959.99,201602,203848,656.2,581.8,619,621,0.0,617.0,0.0,0,0,2017-04-19,32449000,616.6,6,0,0,0,0,0,0,0,0,617.0,2,0,0,0,0,0,0,0,0
133,2017-04-19,09:00:49,0,ZC705,XZCE,617.0,615.8,618.2,4672,288334359.99,201602,203848,656.2,581.8,619,621,0.0,617.0,0.0,0,0,2017-04-19,32449000,616.8,1,0,0,0,0,0,0,0,0,617.0,1,0,0,0,0,0,0,0,0
134,2017-04-19,09:00:50,0,ZC705,XZCE,617.0,615.8,618.2,4686,289198159.99,201590,203848,656.2,581.8,619,621,0.0,617.0,0.0,0,0,2017-04-19,32450000,617.0,24,0,0,0,0,0,0,0,0,617.2,23,0,0,0,0,0,0,0,0
135,2017-04-19,09:00:51,0,ZC705,XZCE,617.2,615.8,618.2,4716,291049759.99,201562,203848,656.2,581.8,619,621,0.0,617.0,0.0,0,0,2017-04-19,32451000,617.0,14,0,0,0,0,0,0,0,0,617.2,23,0,0,0,0,0,0,0,0
136,2017-04-19,09:00:51,0,ZC705,XZCE,617.0,615.8,618.2,4726,291666759.99,201552,203848,656.2,581.8,619,621,0.0,617.0,0.0,0,0,2017-04-19,32451000,617.0,9,0,0,0,0,0,0,0,0,617.2,19,0,0,0,0,0,0,0,0
137,2017-04-19,09:00:52,0,ZC705,XZCE,616.8,615.8,618.2,4746,292900359.99,201532,203848,656.2,581.8,619,621,0.0,617.0,0.0,0,0,2017-04-19,32452000,616.8,23,0,0,0,0,0,0,0,0,617.2,20,0,0,0,0,0,0,0,0
138,2017-04-19,09:00:52,0,ZC705,XZCE,616.8,615.8,618.2,4746,292900359.99,201532,203848,656.2,581.8,619,621,0.0,617.0,0.0,0,0,2017-04-19,32452000,617.0,6,0,0,0,0,0,0,0,0,617.2,20,0,0,0,0,0,0,0,0
139,2017-04-19,09:00:54,0,ZC705,XZCE,617.2,615.8,618.2,4748,293023799.99,201530,203848,656.2,581.8,619,621,0.0,617.0,0.0,0,0,2017-04-19,32454000,617.0,7,0,0,0,0,0,0,0,0,617.2,28,0,0,0,0,0,0,0,0
140,2017-04-19,09:00:54,0,ZC705,XZCE,617.2,615.8,618.2,4766,294134759.99,201524,203848,656.2,581.8,619,621,0.0,617.0,0.0,0,0,2017-04-19,32454000,617.0,1,0,0,0,0,0,0,0,0,617.2,26,0,0,0,0,0,0,0,0
141,2017-04-19,09:00:55,0,ZC705,XZCE,616.8,615.8,618.2,4770,294381479.99,201526,203848,656.2,581.8,619,621,0.0,617.0,0.0,0,0,2017-04-19,32455000,616.8,24,0,0,0,0,0,0,0,0,617.0,36,0,0,0,0,0,0,0,0
142,2017-04-19,09:00:55,0,ZC705,XZCE,616.8,615.8,618.2,4770,294381479.99,201526,203848,656.2,581.8,619,621,0.0,617.0,0.0,0,0,2017-04-19,32455000,616.8,24,0,0,0,0,0,0,0,0,617.0,39,0,0,0,0,0,0,0,0
143,2017-04-19,09:00:56,0,ZC705,XZCE,617.0,615.8,618.2,4774,294628279.99,201526,203848,656.2,581.8,619,621,0.0,617.0,0.0,0,0,2017-04-19,32456000,616.8,27,0,0,0,0,0,0,0,0,617.0,43,0,0,0,0,0,0,0,0
144,2017-04-19,09:00:56,0,ZC705,XZCE,617.0,615.8,618.2,4780,294998479.99,201526,203848,656.2,581.8,619,621,0.0,617.0,0.0,0,0,2017-04-19,32456000,616.8,27,0,0,0,0,0,0,0,0,617.0,41,0,0,0,0,0,0,0,0
145,2017-04-19,09:00:57,0,ZC705,XZCE,617.0,615.8,618.2,4780,294998479.99,201526,203848,656.2,581.8,619,621,0.0,617.0,0.0,0,0,2017-04-19,32457000,616.8,27,0,0,0,0,0,0,0,0,617.0,43,0,0,0,0,0,0,0,0
146,2017-04-19,09:00:57,0,ZC705,XZCE,617.0,615.8,618.2,4790,295615479.99,201526,203848,656.2,581.8,619,621,0.0,617.0,0.0,0,0,2017-04-19,32457000,616.8,29,0,0,0,0,0,0,0,0,617.0,39,0,0,0,0,0,0,0,0
147,2017-04-19,09:00:58,0,ZC705,XZCE,617.0,615.8,618.2,4804,296479279.99,201526,203848,656.2,581.8,619,621,0.0,617.0,0.0,0,0,2017-04-19,32458000,616.8,23,0,0,0,0,0,0,0,0,617.0,34,0,0,0,0,0,0,0,0
148,2017-04-19,09:00:58,0,ZC705,XZCE,617.0,615.8,618.2,4932,304376879.99,201492,203848,656.2,581.8,619,621,0.0,617.0,0.0,0,0,2017-04-19,32458000,617.0,13,0,0,0,0,0,0,0,0,617.2,18,0,0,0,0,0,0,0,0
149,2017-04-19,09:00:59,0,ZC705,XZCE,617.2,615.8,618.2,4946,305240959.99,201482,203848,656.2,581.8,619,621,0.0,617.0,0.0,0,0,2017-04-19,32459000,617.0,7,0,0,0,0,0,0,0,0,617.2,17,0,0,0,0,0,0,0,0
150,2017-04-19,09:00:59,0,ZC705,XZCE,617.0,615.8,618.2,4982,307462159.99,201480,203848,656.2,581.8,619,621,0.0,617.0,0.0,0,0,2017-04-19,32459000,617.0,6,0,0,0,0,0,0,0,0,617.4,6,0,0,0,0,0,0,0,0
151,2017-04-19,09:01:00,0,ZC705,XZCE,617.4,615.8,618.2,4988,307832599.99,201480,203848,656.2,581.8,619,621,0.0,617.0,0.0,0,0,2017-04-19,32460000,617.2,8,0,0,0,0,0,0,0,0,617.4,6,0,0,0,0,0,0,0,0
152,2017-04-19,09:01:00,0,ZC705,XZCE,617.2,615.8,618.2,4998,308449799.99,201480,203848,656.2,581.8,619,621,0.0,617.0,0.0,0,0,2017-04-19,32460000,617.2,5,0,0,0,0,0,0,0,0,617.4,6,0,0,0,0,0,0,0,0
153,2017-04-19,09:01:01,0,ZC705,XZCE,617.2,615.8,618.2,5006,308943559.99,201480,203848,656.2,581.8,619,621,0.0,617.0,0.0,0,0,2017-04-19,32461000,617.2,3,0,0,0,0,0,0,0,0,617.4,8,0,0,0,0,0,0,0,0
154,2017-04-19,09:01:02,0,ZC705,XZCE,617.0,615.8,618.2,5018,309683959.99,201488,203848,656.2,581.8,619,621,0.0,617.0,0.0,0,0,2017-04-19,32462000,617.0,3,0,0,0,0,0,0,0,0,617.4,8,0,0,0,0,0,0,0,0
155,2017-04-19,09:01:02,0,ZC705,XZCE,617.0,615.8,618.2,5018,309683959.99,201488,203848,656.2,581.8,619,621,0.0,617.0,0.0,0,0,2017-04-19,32462000,617.2,2,0,0,0,0,0,0,0,0,617.4,9,0,0,0,0,0,0,0,0
156,2017-04-19,09:01:03,0,ZC705,XZCE,617.0,615.8,618.2,5024,310054159.99,201482,203848,656.2,581.8,619,621,0.0,617.0,0.0,0,0,2017-04-19,32463000,617.0,3,0,0,0,0,0,0,0,0,617.2,3,0,0,0,0,0,0,0,0
157,2017-04-19,09:01:03,0,ZC705,XZCE,617.6,615.8,618.2,5068,312771599.99,201454,203848,656.2,581.8,619,621,0.0,617.0,0.0,0,0,2017-04-19,32463000,617.4,41,0,0,0,0,0,0,0,0,617.6,9,0,0,0,0,0,0,0,0
158,2017-04-19,09:01:04,0,ZC705,XZCE,617.4,615.8,618.2,5116,315735119.99,201406,203848,656.2,581.8,619,621,0.0,617.0,0.0,0,0,2017-04-19,32464000,617.4,17,0,0,0,0,0,0,0,0,617.6,9,0,0,0,0,0,0,0,0
159,2017-04-19,09:01:05,0,ZC705,XZCE,617.4,615.8,618.2,5144,317463839.99,201398,203848,656.2,581.8,619,621,0.0,617.0,0.0,0,0,2017-04-19,32465000,617.4,13,0,0,0,0,0,0,0,0,617.6,3,0,0,0,0,0,0,0,0
160,2017-04-19,09:01:05,0,ZC705,XZCE,617.6,615.8,618.2,5162,318575519.99,201382,203848,656.2,581.8,619,621,0.0,617.0,0.0,0,0,2017-04-19,32465000,617.6,10,0,0,0,0,0,0,0,0,617.8,7,0,0,0,0,0,0,0,0
161,2017-04-19,09:01:06,0,ZC705,XZCE,617.6,615.8,618.2,5170,319069599.99,201382,203848,656.2,581.8,619,621,0.0,617.0,0.0,0,0,2017-04-19,32466000,617.6,7,0,0,0,0,0,0,0,0,617.8,11,0,0,0,0,0,0,0,0
162,2017-04-19,09:01:06,0,ZC705,XZCE,617.8,615.8,618.2,5172,319193159.99,201382,203848,656.2,581.8,619,621,0.0,617.0,0.0,0,0,2017-04-19,32466000,617.6,7,0,0,0,0,0,0,0,0,617.8,10,0,0,0,0,0,0,0,0
163,2017-04-19,09:01:06,0,ZC705,XZCE,617.8,615.8,618.2,5194,320552319.99,201370,203848,656.2,581.8,619,621,0.0,617.0,0.0,0,0,2017-04-19,32466000,617.6,6,0,0,0,0,0,0,0,0,617.8,11,0,0,0,0,0,0,0,0
164,2017-04-19,09:01:07,0,ZC705,XZCE,617.6,615.8,618.2,5198,320799359.99,201370,203848,656.2,581.8,619,621,0.0,617.0,0.0,0,0,2017-04-19,32467000,617.6,4,0,0,0,0,0,0,0,0,617.8,15,0,0,0,0,0,0,0,0
165,2017-04-19,09:01:07,0,ZC705,XZCE,617.6,615.8,618.2,5202,321046399.99,201366,203848,656.2,581.8,619,621,0.0,617.0,0.0,0,0,2017-04-19,32467000,617.6,2,0,0,0,0,0,0,0,0,617.8,17,0,0,0,0,0,0,0,0
166,2017-04-19,09:01:08,0,ZC705,XZCE,617.8,615.8,618.2,5204,321169959.99,201364,203848,656.2,581.8,619,621,0.0,617.0,0.0,0,0,2017-04-19,32468000,617.6,2,0,0,0,0,0,0,0,0,617.8,16,0,0,0,0,0,0,0,0
167,2017-04-19,09:01:09,0,ZC705,XZCE,617.8,615.8,618.2,5214,321787759.99,201354,203848,656.2,581.8,619,621,0.0,617.0,0.0,0,0,2017-04-19,32469000,617.6,3,0,0,0,0,0,0,0,0,617.8,14,0,0,0,0,0,0,0,0
168,2017-04-19,09:01:09,0,ZC705,XZCE,617.8,615.8,618.2,5214,321787759.99,201354,203848,656.2,581.8,619,621,0.0,617.0,0.0,0,0,2017-04-19,32469000,617.6,6,0,0,0,0,0,0,0,0,617.8,14,0,0,0,0,0,0,0,0
169,2017-04-19,09:01:10,0,ZC705,XZCE,617.6,615.8,618.2,5236,323146479.99,201344,203848,656.2,581.8,619,621,0.0,617.0,0.0,0,0,2017-04-19,32470000,617.6,1,0,0,0,0,0,0,0,0,617.8,9,0,0,0,0,0,0,0,0
170,2017-04-19,09:01:10,0,ZC705,XZCE,617.8,615.8,618.2,5240,323393599.99,201342,203848,656.2,581.8,619,621,0.0,617.0,0.0,0,0,2017-04-19,32470000,617.4,16,0,0,0,0,0,0,0,0,617.8,8,0,0,0,0,0,0,0,0
171,2017-04-19,09:01:11,0,ZC705,XZCE,617.8,615.8,618.2,5256,324382079.99,201332,203848,656.2,581.8,619,621,0.0,617.0,0.0,0,0,2017-04-19,32471000,617.8,53,0,0,0,0,0,0,0,0,618.0,68,0,0,0,0,0,0,0,0
172,2017-04-19,09:01:11,0,ZC705,XZCE,617.8,615.8,618.2,5266,324999879.99,201326,203848,656.2,581.8,619,621,0.0,617.0,0.0,0,0,2017-04-19,32471000,617.8,51,0,0,0,0,0,0,0,0,618.0,66,0,0,0,0,0,0,0,0
173,2017-04-19,09:01:12,0,ZC705,XZCE,618.0,615.8,618.2,5284,326112279.99,201316,203848,656.2,581.8,619,621,0.0,617.0,0.0,0,0,2017-04-19,32472000,617.8,65,0,0,0,0,0,0,0,0,618.0,64,0,0,0,0,0,0,0,0
174,2017-04-19,09:01:13,0,ZC705,XZCE,618.0,615.8,618.2,5346,329943879.99,201306,203848,656.2,581.8,619,621,0.0,617.0,0.0,0,0,2017-04-19,32473000,617.8,105,0,0,0,0,0,0,0,0,618.0,33,0,0,0,0,0,0,0,0
175,2017-04-19,09:01:13,0,ZC705,XZCE,618.0,615.8,618.2,5412,334022679.99,201272,203848,656.2,581.8,619,621,0.0,617.0,0.0,0,0,2017-04-19,32473000,617.8,105,0,0,0,0,0,0,0,0,618.2,21,0,0,0,0,0,0,0,0
176,2017-04-19,09:01:14,0,ZC705,XZCE,618.0,615.8,618.2,5412,334022679.99,201272,203848,656.2,581.8,619,621,0.0,617.0,0.0,0,0,2017-04-19,32474000,617.8,109,0,0,0,0,0,0,0,0,618.0,1,0,0,0,0,0,0,0,0
177,2017-04-19,09:01:14,0,ZC705,XZCE,618.0,615.8,618.2,5414,334146279.99,201272,203848,656.2,581.8,619,621,0.0,617.0,0.0,0,0,2017-04-19,32474000,618.0,3,0,0,0,0,0,0,0,0,618.2,21,0,0,0,0,0,0,0,0
178,2017-04-19,09:01:15,0,ZC705,XZCE,618.2,615.8,618.2,5432,335259039.99,201272,203848,656.2,581.8,619,621,0.0,617.0,0.0,0,0,2017-04-19,32475000,618.0,23,0,0,0,0,0,0,0,0,618.2,12,0,0,0,0,0,0,0,0
179,2017-04-19,09:01:15,0,ZC705,XZCE,618.2,615.8,618.2,5434,335382679.99,201272,203848,656.2,581.8,619,621,0.0,617.0,0.0,0,0,2017-04-19,32475000,618.0,27,0,0,0,0,0,0,0,0,618.2,11,0,0,0,0,0,0,0,0
180,2017-04-19,09:01:16,0,ZC705,XZCE,618.2,615.8,618.2,5456,336742719.99,201286,203848,656.2,581.8,619,621,0.0,617.0,0.0,0,0,2017-04-19,32476000,618.2,30,0,0,0,0,0,0,0,0,618.4,2,0,0,0,0,0,0,0,0
181,2017-04-19,09:01:17,0,ZC705,XZCE,618.4,615.8,618.4,5458,336866399.99,201286,203848,656.2,581.8,619,621,0.0,617.0,0.0,0,0,2017-04-19,32477000,618.2,30,0,0,0,0,0,0,0,0,618.4,1,0,0,0,0,0,0,0,0
182,2017-04-19,09:01:17,0,ZC705,XZCE,618.6,615.8,618.6,5478,338103599.99,201282,203848,656.2,581.8,619,621,0.0,617.0,0.0,0,0,2017-04-19,32477000,618.2,30,0,0,0,0,0,0,0,0,618.6,2,0,0,0,0,0,0,0,0
183,2017-04-19,09:01:18,0,ZC705,XZCE,618.4,615.8,618.6,5484,338474639.99,201284,203848,656.2,581.8,619,621,0.0,617.0,0.0,0,0,2017-04-19,32478000,618.2,29,0,0,0,0,0,0,0,0,618.6,2,0,0,0,0,0,0,0,0
184,2017-04-19,09:01:19,0,ZC705,XZCE,618.6,615.8,618.6,5488,338722079.99,201284,203848,656.2,581.8,619,621,0.0,617.0,0.0,0,0,2017-04-19,32479000,618.4,6,0,0,0,0,0,0,0,0,618.8,3,0,0,0,0,0,0,0,0
185,2017-04-19,09:01:19,0,ZC705,XZCE,618.8,615.8,618.8,5494,339093359.99,201282,203848,656.2,581.8,619,621,0.0,617.0,0.0,0,0,2017-04-19,32479000,618.8,35,0,0,0,0,0,0,0,0,619.0,61,0,0,0,0,0,0,0,0
186,2017-04-19,09:01:20,0,ZC705,XZCE,618.8,615.8,618.8,5498,339340879.99,201282,203848,656.2,581.8,619,621,0.0,617.0,0.0,0,0,2017-04-19,32480000,618.8,34,0,0,0,0,0,0,0,0,619.0,61,0,0,0,0,0,0,0,0
187,2017-04-19,09:01:20,0,ZC705,XZCE,618.8,615.8,618.8,5502,339588399.98,201278,203848,656.2,581.8,619,621,0.0,617.0,0.0,0,0,2017-04-19,32480000,618.8,32,0,0,0,0,0,0,0,0,619.0,61,0,0,0,0,0,0,0,0
188,2017-04-19,09:01:21,0,ZC705,XZCE,619.0,615.8,619.0,5512,340207399.98,201268,203848,656.2,581.8,619,621,0.0,617.0,0.0,0,0,2017-04-19,32481000,618.8,32,0,0,0,0,0,0,0,0,619.0,56,0,0,0,0,0,0,0,0
189,2017-04-19,09:01:21,0,ZC705,XZCE,618.8,615.8,619.0,5526,341073719.98,201254,203848,656.2,581.8,619,621,0.0,617.0,0.0,0,0,2017-04-19,32481000,618.8,26,0,0,0,0,0,0,0,0,619.0,55,0,0,0,0,0,0,0,0
190,2017-04-19,09:01:22,0,ZC705,XZCE,618.8,615.8,619.0,5560,343177639.98,201224,203848,656.2,581.8,619,621,0.0,617.0,0.0,0,0,2017-04-19,32482000,618.8,24,0,0,0,0,0,0,0,0,619.0,40,0,0,0,0,0,0,0,0
191,2017-04-19,09:01:22,0,ZC705,XZCE,619.0,615.8,619.0,5600,345653639.98,201184,203848,656.2,581.8,619,621,0.0,617.0,0.0,0,0,2017-04-19,32482000,618.8,24,0,0,0,0,0,0,0,0,619.0,20,0,0,0,0,0,0,0,0
192,2017-04-19,09:01:23,0,ZC705,XZCE,618.8,615.8,619.0,5646,348500119.98,201138,203848,656.2,581.8,619,621,0.0,617.0,0.0,0,0,2017-04-19,32483000,618.8,1,0,0,0,0,0,0,0,0,619.0,20,0,0,0,0,0,0,0,0
193,2017-04-19,09:01:23,0,ZC705,XZCE,619.0,615.8,619.0,5686,350976119.98,201148,203848,656.2,581.8,619,621,0.0,617.0,0.0,0,0,2017-04-19,32483000,618.8,1,0,0,0,0,0,0,0,0,619.4,3,0,0,0,0,0,0,0,0
194,2017-04-19,09:01:24,0,ZC705,XZCE,619.0,615.8,619.0,5700,351842719.98,201146,203848,656.2,581.8,619,621,0.0,617.0,0.0,0,0,2017-04-19,32484000,619.0,1,0,0,0,0,0,0,0,0,619.4,7,0,0,0,0,0,0,0,0
195,2017-04-19,09:01:24,0,ZC705,XZCE,619.0,615.8,619.0,5702,351966519.98,201144,203848,656.2,581.8,619,621,0.0,617.0,0.0,0,0,2017-04-19,32484000,619.0,4,0,0,0,0,0,0,0,0,619.4,7,0,0,0,0,0,0,0,0
196,2017-04-19,09:01:25,0,ZC705,XZCE,619.0,615.8,619.0,5706,352214119.98,201140,203848,656.2,581.8,619,621,0.0,617.0,0.0,0,0,2017-04-19,32485000,619.0,42,0,0,0,0,0,0,0,0,619.4,7,0,0,0,0,0,0,0,0
197,2017-04-19,09:01:25,0,ZC705,XZCE,619.0,615.8,619.0,5706,352214119.98,201140,203848,656.2,581.8,619,621,0.0,617.0,0.0,0,0,2017-04-19,32485000,619.0,42,0,0,0,0,0,0,0,0,619.4,10,0,0,0,0,0,0,0,0
198,2017-04-19,09:01:26,0,ZC705,XZCE,619.0,615.8,619.0,5706,352214119.98,201140,203848,656.2,581.8,619,621,0.0,617.0,0.0,0,0,2017-04-19,32486000,619.0,42,0,0,0,0,0,0,0,0,619.4,12,0,0,0,0,0,0,0,0
199,2017-04-19,09:01:26,0,ZC705,XZCE,619.0,615.8,619.0,5706,352214119.98,201140,203848,656.2,581.8,619,621,0.0,617.0,0.0,0,0,2017-04-19,32486000,619.0,43,0,0,0,0,0,0,0,0,619.4,12,0,0,0,0,0,0,0,0
200,2017-04-19,09:01:27,0,ZC705,XZCE,619.0,615.8,619.0,5708,352337919.98,201140,203848,656.2,581.8,619,621,0.0,617.0,0.0,0,0,2017-04-19,32487000,619.2,2,0,0,0,0,0,0,0,0,619.4,13,0,0,0,0,0,0,0,0
201,2017-04-19,09:01:27,0,ZC705,XZCE,619.4,615.8,619.4,5722,353205079.98,201130,203848,656.2,581.8,619,621,0.0,617.0,0.0,0,0,2017-04-19,32487000,619.0,43,0,0,0,0,0,0,0,0,619.2,3,0,0,0,0,0,0,0,0
202,2017-04-19,09:01:28,0,ZC705,XZCE,619.0,615.8,619.4,5726,353452679.98,201128,203848,656.2,581.8,619,621,0.0,617.0,0.0,0,0,2017-04-19,32488000,619.0,41,0,0,0,0,0,0,0,0,619.4,9,0,0,0,0,0,0,0,0
203,2017-04-19,09:01:28,0,ZC705,XZCE,619.0,615.8,619.4,5726,353452679.98,201128,203848,656.2,581.8,619,621,0.0,617.0,0.0,0,0,2017-04-19,32488000,619.0,41,0,0,0,0,0,0,0,0,619.4,11,0,0,0,0,0,0,0,0
204,2017-04-19,09:01:29,0,ZC705,XZCE,619.8,615.8,620.0,5850,361138199.98,201048,203848,656.2,581.8,619,621,0.0,617.0,0.0,0,0,2017-04-19,32489000,619.0,41,0,0,0,0,0,0,0,0,620.0,47,0,0,0,0,0,0,0,0
205,2017-04-19,09:01:29,0,ZC705,XZCE,619.4,615.8,620.0,5858,361633719.98,201040,203848,656.2,581.8,619,621,0.0,617.0,0.0,0,0,2017-04-19,32489000,619.0,41,0,0,0,0,0,0,0,0,619.4,1,0,0,0,0,0,0,0,0
206,2017-04-19,09:01:30,0,ZC705,XZCE,619.2,615.8,620.0,5870,362376759.98,201036,203848,656.2,581.8,619,621,0.0,617.0,0.0,0,0,2017-04-19,32490000,619.2,39,0,0,0,0,0,0,0,0,619.4,5,0,0,0,0,0,0,0,0
207,2017-04-19,09:01:31,0,ZC705,XZCE,619.2,615.8,620.0,5872,362500599.98,201038,203848,656.2,581.8,619,621,0.0,617.0,0.0,0,0,2017-04-19,32491000,619.2,38,0,0,0,0,0,0,0,0,619.4,9,0,0,0,0,0,0,0,0
208,2017-04-19,09:01:31,0,ZC705,XZCE,619.4,615.8,620.0,5892,363739399.98,201020,203848,656.2,581.8,619,621,0.0,617.0,0.0,0,0,2017-04-19,32491000,619.4,20,0,0,0,0,0,0,0,0,619.8,4,0,0,0,0,0,0,0,0
209,2017-04-19,09:01:32,0,ZC705,XZCE,619.4,615.8,620.0,5896,363987159.98,201020,203848,656.2,581.8,619,621,0.0,617.0,0.0,0,0,2017-04-19,32492000,619.4,18,0,0,0,0,0,0,0,0,619.8,4,0,0,0,0,0,0,0,0
210,2017-04-19,09:01:32,0,ZC705,XZCE,619.8,615.8,620.0,5900,364235079.98,201016,203848,656.2,581.8,619,621,0.0,617.0,0.0,0,0,2017-04-19,32492000,619.4,18,0,0,0,0,0,0,0,0,619.8,2,0,0,0,0,0,0,0,0
211,2017-04-19,09:01:33,0,ZC705,XZCE,619.6,615.8,620.0,5904,364482919.98,201014,203848,656.2,581.8,619,621,0.0,617.0,0.0,0,0,2017-04-19,32493000,619.6,2,0,0,0,0,0,0,0,0,619.8,6,0,0,0,0,0,0,0,0
212,2017-04-19,09:01:33,0,ZC705,XZCE,619.8,615.8,620.0,5918,365350639.98,201014,203848,656.2,581.8,619,621,0.0,617.0,0.0,0,0,2017-04-19,32493000,619.6,2,0,0,0,0,0,0,0,0,619.8,4,0,0,0,0,0,0,0,0
213,2017-04-19,09:01:34,0,ZC705,XZCE,619.6,615.8,620.0,5922,365598479.98,201014,203848,656.2,581.8,619,621,0.0,617.0,0.0,0,0,2017-04-19,32494000,619.4,24,0,0,0,0,0,0,0,0,619.8,4,0,0,0,0,0,0,0,0
214,2017-04-19,09:01:34,0,ZC705,XZCE,619.8,615.8,620.0,5932,366218279.98,201014,203848,656.2,581.8,619,621,0.0,617.0,0.0,0,0,2017-04-19,32494000,619.8,1,0,0,0,0,0,0,0,0,620.0,48,0,0,0,0,0,0,0,0
215,2017-04-19,09:01:34,0,ZC705,XZCE,619.8,615.8,620.0,5936,366466199.98,201010,203848,656.2,581.8,619,621,0.0,617.0,0.0,0,0,2017-04-19,32494000,619.6,25,0,0,0,0,0,0,0,0,619.8,2,0,0,0,0,0,0,0,0
216,2017-04-19,09:01:35,0,ZC705,XZCE,619.6,615.8,620.0,5942,366837959.98,201012,203848,656.2,581.8,619,621,0.0,617.0,0.0,0,0,2017-04-19,32495000,619.6,22,0,0,0,0,0,0,0,0,619.8,7,0,0,0,0,0,0,0,0
217,2017-04-19,09:01:36,0,ZC705,XZCE,620.0,615.8,620.0,5970,368573959.98,200994,203848,656.2,581.8,619,621,0.0,617.0,0.0,0,0,2017-04-19,32496000,619.6,23,0,0,0,0,0,0,0,0,620.0,31,0,0,0,0,0,0,0,0
218,2017-04-19,09:01:37,0,ZC705,XZCE,619.8,615.8,620.0,6000,370433359.98,200994,203848,656.2,581.8,619,621,0.0,617.0,0.0,0,0,2017-04-19,32497000,619.8,1,0,0,0,0,0,0,0,0,620.0,31,0,0,0,0,0,0,0,0
219,2017-04-19,09:01:37,0,ZC705,XZCE,619.6,615.8,620.0,6020,371672559.98,201014,203848,656.2,581.8,619,621,0.0,617.0,0.0,0,0,2017-04-19,32497000,619.8,1,0,0,0,0,0,0,0,0,620.0,32,0,0,0,0,0,0,0,0
220,2017-04-19,09:01:37,0,ZC705,XZCE,619.8,615.8,620.0,6026,372044439.98,201014,203848,656.2,581.8,619,621,0.0,617.0,0.0,0,0,2017-04-19,32497000,619.6,13,0,0,0,0,0,0,0,0,619.8,1,0,0,0,0,0,0,0,0
221,2017-04-19,09:01:38,0,ZC705,XZCE,619.8,615.8,620.0,6026,372044439.98,201014,203848,656.2,581.8,619,621,0.0,617.0,0.0,0,0,2017-04-19,32498000,619.6,13,0,0,0,0,0,0,0,0,619.8,3,0,0,0,0,0,0,0,0
222,2017-04-19,09:01:39,0,ZC705,XZCE,619.8,615.8,620.0,6034,372540279.98,201016,203848,656.2,581.8,619,621,0.0,617.0,0.0,0,0,2017-04-19,32499000,619.6,12,0,0,0,0,0,0,0,0,620.0,43,0,0,0,0,0,0,0,0
223,2017-04-19,09:01:40,0,ZC705,XZCE,619.6,615.8,620.0,6038,372788119.98,201018,203848,656.2,581.8,619,621,0.0,617.0,0.0,0,0,2017-04-19,32500000,619.6,15,0,0,0,0,0,0,0,0,620.0,42,0,0,0,0,0,0,0,0
224,2017-04-19,09:01:40,0,ZC705,XZCE,619.6,615.8,620.0,6038,372788119.98,201018,203848,656.2,581.8,619,621,0.0,617.0,0.0,0,0,2017-04-19,32500000,619.8,11,0,0,0,0,0,0,0,0,620.0,42,0,0,0,0,0,0,0,0
225,2017-04-19,09:01:41,0,ZC705,XZCE,619.8,615.8,620.0,6044,373159999.98,201018,203848,656.2,581.8,619,621,0.0,617.0,0.0,0,0,2017-04-19,32501000,619.8,7,0,0,0,0,0,0,0,0,620.0,42,0,0,0,0,0,0,0,0
226,2017-04-19,09:01:41,0,ZC705,XZCE,620.0,615.8,620.0,6046,373283999.98,201018,203848,656.2,581.8,619,621,0.0,617.0,0.0,0,0,2017-04-19,32501000,619.8,7,0,0,0,0,0,0,0,0,620.0,42,0,0,0,0,0,0,0,0
227,2017-04-19,09:01:42,0,ZC705,XZCE,619.8,615.8,620.0,6050,373531919.98,201018,203848,656.2,581.8,619,621,0.0,617.0,0.0,0,0,2017-04-19,32502000,619.8,5,0,0,0,0,0,0,0,0,620.0,42,0,0,0,0,0,0,0,0
228,2017-04-19,09:01:42,0,ZC705,XZCE,619.8,615.8,620.0,6054,373779839.97,201018,203848,656.2,581.8,619,621,0.0,617.0,0.0,0,0,2017-04-19,32502000,619.8,3,0,0,0,0,0,0,0,0,620.0,42,0,0,0,0,0,0,0,0
229,2017-04-19,09:01:43,0,ZC705,XZCE,620.0,615.8,620.0,6104,376879839.97,201064,203848,656.2,581.8,619,621,0.0,617.0,0.0,0,0,2017-04-19,32503000,619.8,2,0,0,0,0,0,0,0,0,620.0,19,0,0,0,0,0,0,0,0
230,2017-04-19,09:01:43,0,ZC705,XZCE,619.8,615.8,620.0,6110,377251719.97,201064,203848,656.2,581.8,619,621,0.0,617.0,0.0,0,0,2017-04-19,32503000,619.8,2,0,0,0,0,0,0,0,0,620.0,17,0,0,0,0,0,0,0,0
231,2017-04-19,09:01:44,0,ZC705,XZCE,620.0,615.8,620.0,6120,377871719.97,201062,203848,656.2,581.8,619,621,0.0,617.0,0.0,0,0,2017-04-19,32504000,619.8,1,0,0,0,0,0,0,0,0,620.0,15,0,0,0,0,0,0,0,0
232,2017-04-19,09:01:45,0,ZC705,XZCE,620.0,615.8,620.0,6122,377995719.97,201062,203848,656.2,581.8,619,621,0.0,617.0,0.0,0,0,2017-04-19,32505000,619.8,1,0,0,0,0,0,0,0,0,620.0,12,0,0,0,0,0,0,0,0
233,2017-04-19,09:01:46,0,ZC705,XZCE,620.0,615.8,620.0,6138,378987719.97,201062,203848,656.2,581.8,619,621,0.0,617.0,0.0,0,0,2017-04-19,32506000,619.8,1,0,0,0,0,0,0,0,0,620.0,5,0,0,0,0,0,0,0,0
234,2017-04-19,09:01:46,0,ZC705,XZCE,619.8,615.8,620.0,6148,379607519.97,201052,203848,656.2,581.8,619,621,0.0,617.0,0.0,0,0,2017-04-19,32506000,619.6,14,0,0,0,0,0,0,0,0,619.8,1,0,0,0,0,0,0,0,0
235,2017-04-19,09:01:47,0,ZC705,XZCE,619.8,615.8,620.0,6152,379855439.97,201048,203848,656.2,581.8,619,621,0.0,617.0,0.0,0,0,2017-04-19,32507000,619.8,5,0,0,0,0,0,0,0,0,620.0,7,0,0,0,0,0,0,0,0
236,2017-04-19,09:01:47,0,ZC705,XZCE,619.8,615.8,620.0,6154,379979399.97,201048,203848,656.2,581.8,619,621,0.0,617.0,0.0,0,0,2017-04-19,32507000,619.8,5,0,0,0,0,0,0,0,0,620.0,8,0,0,0,0,0,0,0,0
237,2017-04-19,09:01:48,0,ZC705,XZCE,620.0,615.8,620.0,6156,380103399.97,201048,203848,656.2,581.8,619,621,0.0,617.0,0.0,0,0,2017-04-19,32508000,619.8,5,0,0,0,0,0,0,0,0,620.0,8,0,0,0,0,0,0,0,0
238,2017-04-19,09:01:48,0,ZC705,XZCE,620.0,615.8,620.0,6160,380351399.97,201048,203848,656.2,581.8,619,621,0.0,617.0,0.0,0,0,2017-04-19,32508000,619.8,5,0,0,0,0,0,0,0,0,620.0,7,0,0,0,0,0,0,0,0
239,2017-04-19,09:01:48,0,ZC705,XZCE,620.0,615.8,620.0,6160,380351399.97,201048,203848,656.2,581.8,619,621,0.0,617.0,0.0,0,0,2017-04-19,32508000,619.8,5,0,0,0,0,0,0,0,0,620.0,10,0,0,0,0,0,0,0,0
240,2017-04-19,09:01:49,0,ZC705,XZCE,620.0,615.8,620.0,6180,381591399.97,201052,203848,656.2,581.8,619,621,0.0,617.0,0.0,0,0,2017-04-19,32509000,620.0,9,0,0,0,0,0,0,0,0,620.2,2,0,0,0,0,0,0,0,0
241,2017-04-19,09:01:50,0,ZC705,XZCE,619.8,615.8,620.0,6236,385062279.97,201036,203848,656.2,581.8,619,621,0.0,617.0,0.0,0,0,2017-04-19,32510000,619.8,9,0,0,0,0,0,0,0,0,620.0,4,0,0,0,0,0,0,0,0
242,2017-04-19,09:01:50,0,ZC705,XZCE,620.0,615.8,620.0,6270,387170279.97,201052,203848,656.2,581.8,619,621,0.0,617.0,0.0,0,0,2017-04-19,32510000,619.6,6,0,0,0,0,0,0,0,0,620.0,2,0,0,0,0,0,0,0,0
243,2017-04-19,09:01:51,0,ZC705,XZCE,620.0,615.8,620.0,6280,387790279.97,201050,203848,656.2,581.8,619,621,0.0,617.0,0.0,0,0,2017-04-19,32511000,620.0,3,0,0,0,0,0,0,0,0,620.2,3,0,0,0,0,0,0,0,0
244,2017-04-19,09:01:51,0,ZC705,XZCE,620.0,615.8,620.2,6288,388286279.97,201048,203848,656.2,581.8,619,621,0.0,617.0,0.0,0,0,2017-04-19,32511000,619.8,2,0,0,0,0,0,0,0,0,620.0,1,0,0,0,0,0,0,0,0
245,2017-04-19,09:01:52,0,ZC705,XZCE,620.0,615.8,620.2,6288,388286279.97,201048,203848,656.2,581.8,619,621,0.0,617.0,0.0,0,0,2017-04-19,32512000,619.8,6,0,0,0,0,0,0,0,0,620.0,3,0,0,0,0,0,0,0,0
246,2017-04-19,09:01:53,0,ZC705,XZCE,620.2,615.8,620.2,6308,389526679.97,201044,203848,656.2,581.8,619,621,0.0,617.0,0.0,0,0,2017-04-19,32513000,620.0,3,0,0,0,0,0,0,0,0,620.4,10,0,0,0,0,0,0,0,0
247,2017-04-19,09:01:53,0,ZC705,XZCE,619.8,615.8,620.2,6316,390022519.97,201042,203848,656.2,581.8,619,621,0.0,617.0,0.0,0,0,2017-04-19,32513000,619.8,6,0,0,0,0,0,0,0,0,620.0,1,0,0,0,0,0,0,0,0
248,2017-04-19,09:01:54,0,ZC705,XZCE,619.8,615.8,620.2,6330,390890239.97,201028,203848,656.2,581.8,619,621,0.0,617.0,0.0,0,0,2017-04-19,32514000,619.6,6,0,0,0,0,0,0,0,0,619.8,14,0,0,0,0,0,0,0,0
249,2017-04-19,09:01:54,0,ZC705,XZCE,619.8,615.8,620.2,6334,391138159.97,201024,203848,656.2,581.8,619,621,0.0,617.0,0.0,0,0,2017-04-19,32514000,619.6,6,0,0,0,0,0,0,0,0,619.8,33,0,0,0,0,0,0,0,0
250,2017-04-19,09:01:55,0,ZC705,XZCE,619.8,615.8,620.2,6346,391881919.97,201012,203848,656.2,581.8,619,621,0.0,617.0,0.0,0,0,2017-04-19,32515000,619.6,10,0,0,0,0,0,0,0,0,619.8,30,0,0,0,0,0,0,0,0
251,2017-04-19,09:01:55,0,ZC705,XZCE,619.6,615.8,620.2,6352,392253679.97,201006,203848,656.2,581.8,619,621,0.0,617.0,0.0,0,0,2017-04-19,32515000,619.6,9,0,0,0,0,0,0,0,0,619.8,30,0,0,0,0,0,0,0,0
252,2017-04-19,09:01:56,0,ZC705,XZCE,619.8,615.8,620.2,6354,392377639.97,201004,203848,656.2,581.8,619,621,0.0,617.0,0.0,0,0,2017-04-19,32516000,619.6,9,0,0,0,0,0,0,0,0,619.8,32,0,0,0,0,0,0,0,0
253,2017-04-19,09:01:56,0,ZC705,XZCE,619.6,615.8,620.2,6370,393368999.97,201002,203848,656.2,581.8,619,621,0.0,617.0,0.0,0,0,2017-04-19,32516000,619.6,2,0,0,0,0,0,0,0,0,619.8,31,0,0,0,0,0,0,0,0
254,2017-04-19,09:01:57,0,ZC705,XZCE,619.6,615.8,620.2,6372,393492919.97,201004,203848,656.2,581.8,619,621,0.0,617.0,0.0,0,0,2017-04-19,32517000,619.6,1,0,0,0,0,0,0,0,0,619.8,31,0,0,0,0,0,0,0,0
255,2017-04-19,09:01:57,0,ZC705,XZCE,619.8,615.8,620.2,6434,397335679.97,200944,203848,656.2,581.8,619,621,0.0,617.0,0.0,0,0,2017-04-19,32517000,619.8,12,0,0,0,0,0,0,0,0,620.0,20,0,0,0,0,0,0,0,0
256,2017-04-19,09:01:58,0,ZC705,XZCE,619.6,615.8,620.2,6466,399318399.97,200914,203848,656.2,581.8,619,621,0.0,617.0,0.0,0,0,2017-04-19,32518000,619.8,1,0,0,0,0,0,0,0,0,620.0,20,0,0,0,0,0,0,0,0
257,2017-04-19,09:01:58,0,ZC705,XZCE,619.6,615.8,620.2,6472,399690159.97,200914,203848,656.2,581.8,619,621,0.0,617.0,0.0,0,0,2017-04-19,32518000,619.4,40,0,0,0,0,0,0,0,0,619.6,28,0,0,0,0,0,0,0,0
258,2017-04-19,09:01:59,0,ZC705,XZCE,619.6,615.8,620.2,6532,403407759.97,200970,203848,656.2,581.8,619,621,0.0,617.0,0.0,0,0,2017-04-19,32519000,619.8,1,0,0,0,0,0,0,0,0,620.0,20,0,0,0,0,0,0,0,0
259,2017-04-19,09:01:59,0,ZC705,XZCE,619.6,615.8,620.2,6534,403531679.97,200970,203848,656.2,581.8,619,621,0.0,617.0,0.0,0,0,2017-04-19,32519000,619.8,2,0,0,0,0,0,0,0,0,620.0,19,0,0,0,0,0,0,0,0
260,2017-04-19,09:02:00,0,ZC705,XZCE,619.6,615.8,620.2,6550,404523039.97,200976,203848,656.2,581.8,619,621,0.0,617.0,0.0,0,0,2017-04-19,32520000,619.6,35,0,0,0,0,0,0,0,0,619.8,5,0,0,0,0,0,0,0,0
261,2017-04-19,09:02:00,0,ZC705,XZCE,619.6,615.8,620.2,6552,404646959.97,200978,203848,656.2,581.8,619,621,0.0,617.0,0.0,0,0,2017-04-19,32520000,619.6,34,0,0,0,0,0,0,0,0,619.8,6,0,0,0,0,0,0,0,0
262,2017-04-19,09:02:01,0,ZC705,XZCE,619.6,615.8,620.2,6558,405018719.97,200984,203848,656.2,581.8,619,621,0.0,617.0,0.0,0,0,2017-04-19,32521000,619.6,31,0,0,0,0,0,0,0,0,619.8,28,0,0,0,0,0,0,0,0
263,2017-04-19,09:02:01,0,ZC705,XZCE,619.6,615.8,620.2,6558,405018719.97,200984,203848,656.2,581.8,619,621,0.0,617.0,0.0,0,0,2017-04-19,32521000,619.6,31,0,0,0,0,0,0,0,0,619.8,44,0,0,0,0,0,0,0,0
264,2017-04-19,09:02:02,0,ZC705,XZCE,619.6,615.8,620.2,6570,405762239.97,200992,203848,656.2,581.8,619,621,0.0,617.0,0.0,0,0,2017-04-19,32522000,619.6,25,0,0,0,0,0,0,0,0,619.8,54,0,0,0,0,0,0,0,0
265,2017-04-19,09:02:02,0,ZC705,XZCE,619.6,615.8,620.2,6570,405762239.97,200992,203848,656.2,581.8,619,621,0.0,617.0,0.0,0,0,2017-04-19,32522000,619.6,64,0,0,0,0,0,0,0,0,619.8,54,0,0,0,0,0,0,0,0
266,2017-04-19,09:02:03,0,ZC705,XZCE,619.6,615.8,620.2,6574,406010079.97,200994,203848,656.2,581.8,619,621,0.0,617.0,0.0,0,0,2017-04-19,32523000,619.6,63,0,0,0,0,0,0,0,0,619.8,57,0,0,0,0,0,0,0,0
267,2017-04-19,09:02:03,0,ZC705,XZCE,619.8,615.8,620.2,6584,406629879.97,201004,203848,656.2,581.8,619,621,0.0,617.0,0.0,0,0,2017-04-19,32523000,619.6,63,0,0,0,0,0,0,0,0,619.8,52,0,0,0,0,0,0,0,0
268,2017-04-19,09:02:03,0,ZC705,XZCE,619.6,615.8,620.2,6590,407001639.97,201010,203848,656.2,581.8,619,621,0.0,617.0,0.0,0,0,2017-04-19,32523000,619.6,60,0,0,0,0,0,0,0,0,619.8,52,0,0,0,0,0,0,0,0
269,2017-04-19,09:02:04,0,ZC705,XZCE,619.8,615.8,620.2,6592,407125599.97,201008,203848,656.2,581.8,619,621,0.0,617.0,0.0,0,0,2017-04-19,32524000,619.6,60,0,0,0,0,0,0,0,0,619.8,51,0,0,0,0,0,0,0,0
270,2017-04-19,09:02:05,0,ZC705,XZCE,619.6,615.8,620.2,6594,407249519.97,201010,203848,656.2,581.8,619,621,0.0,617.0,0.0,0,0,2017-04-19,32525000,619.6,59,0,0,0,0,0,0,0,0,619.8,53,0,0,0,0,0,0,0,0
271,2017-04-19,09:02:06,0,ZC705,XZCE,619.8,615.8,620.2,6640,410100599.97,201000,203848,656.2,581.8,619,621,0.0,617.0,0.0,0,0,2017-04-19,32526000,619.6,42,0,0,0,0,0,0,0,0,619.8,47,0,0,0,0,0,0,0,0
272,2017-04-19,09:02:06,0,ZC705,XZCE,619.6,615.8,620.2,6642,410224519.97,201000,203848,656.2,581.8,619,621,0.0,617.0,0.0,0,0,2017-04-19,32526000,619.6,41,0,0,0,0,0,0,0,0,619.8,55,0,0,0,0,0,0,0,0
273,2017-04-19,09:02:07,0,ZC705,XZCE,619.6,615.8,620.2,6644,410348439.97,201002,203848,656.2,581.8,619,621,0.0,617.0,0.0,0,0,2017-04-19,32527000,619.6,40,0,0,0,0,0,0,0,0,619.8,67,0,0,0,0,0,0,0,0
274,2017-04-19,09:02:07,0,ZC705,XZCE,619.6,615.8,620.2,6646,410472359.97,201002,203848,656.2,581.8,619,621,0.0,617.0,0.0,0,0,2017-04-19,32527000,619.6,39,0,0,0,0,0,0,0,0,619.8,67,0,0,0,0,0,0,0,0
275,2017-04-19,09:02:08,0,ZC705,XZCE,619.6,615.8,620.2,6680,412578999.97,201002,203848,656.2,581.8,619,621,0.0,617.0,0.0,0,0,2017-04-19,32528000,619.6,36,0,0,0,0,0,0,0,0,619.8,38,0,0,0,0,0,0,0,0
276,2017-04-19,09:02:08,0,ZC705,XZCE,619.6,615.8,620.2,6704,414066039.97,200980,203848,656.2,581.8,619,621,0.0,617.0,0.0,0,0,2017-04-19,32528000,619.6,26,0,0,0,0,0,0,0,0,619.8,38,0,0,0,0,0,0,0,0
277,2017-04-19,09:02:09,0,ZC705,XZCE,619.6,615.8,620.2,6704,414066039.97,200980,203848,656.2,581.8,619,621,0.0,617.0,0.0,0,0,2017-04-19,32529000,619.6,26,0,0,0,0,0,0,0,0,619.8,40,0,0,0,0,0,0,0,0
278,2017-04-19,09:02:10,0,ZC705,XZCE,619.6,615.8,620.2,6706,414189959.97,200980,203848,656.2,581.8,619,621,0.0,617.0,0.0,0,0,2017-04-19,32530000,619.6,27,0,0,0,0,0,0,0,0,619.8,40,0,0,0,0,0,0,0,0
279,2017-04-19,09:02:10,0,ZC705,XZCE,619.6,615.8,620.2,6706,414189959.97,200980,203848,656.2,581.8,619,621,0.0,617.0,0.0,0,0,2017-04-19,32530000,619.6,27,0,0,0,0,0,0,0,0,619.8,42,0,0,0,0,0,0,0,0
280,2017-04-19,09:02:11,0,ZC705,XZCE,619.6,615.8,620.2,6772,418279319.97,200928,203848,656.2,581.8,619,621,0.0,617.0,0.0,0,0,2017-04-19,32531000,619.4,45,0,0,0,0,0,0,0,0,619.6,9,0,0,0,0,0,0,0,0
281,2017-04-19,09:02:11,0,ZC705,XZCE,619.6,615.8,620.2,6772,418279319.97,200928,203848,656.2,581.8,619,621,0.0,617.0,0.0,0,0,2017-04-19,32531000,619.4,45,0,0,0,0,0,0,0,0,619.6,48,0,0,0,0,0,0,0,0
282,2017-04-19,09:02:12,0,ZC705,XZCE,619.6,615.8,620.2,6778,418651079.97,200922,203848,656.2,581.8,619,621,0.0,617.0,0.0,0,0,2017-04-19,32532000,619.4,45,0,0,0,0,0,0,0,0,619.6,45,0,0,0,0,0,0,0,0
283,2017-04-19,09:02:13,0,ZC705,XZCE,619.4,615.8,620.2,6782,418898839.97,200918,203848,656.2,581.8,619,621,0.0,617.0,0.0,0,0,2017-04-19,32533000,619.4,43,0,0,0,0,0,0,0,0,619.6,45,0,0,0,0,0,0,0,0
284,2017-04-19,09:02:14,0,ZC705,XZCE,619.4,615.8,620.2,6786,419146599.97,200916,203848,656.2,581.8,619,621,0.0,617.0,0.0,0,0,2017-04-19,32534000,619.4,43,0,0,0,0,0,0,0,0,619.6,44,0,0,0,0,0,0,0,0
285,2017-04-19,09:02:14,0,ZC705,XZCE,619.4,615.8,620.2,6788,419270479.97,200914,203848,656.2,581.8,619,621,0.0,617.0,0.0,0,0,2017-04-19,32534000,619.4,42,0,0,0,0,0,0,0,0,619.6,44,0,0,0,0,0,0,0,0
286,2017-04-19,09:02:14,0,ZC705,XZCE,619.4,615.8,620.2,6832,421995839.97,200870,203848,656.2,581.8,619,621,0.0,617.0,0.0,0,0,2017-04-19,32534000,619.4,20,0,0,0,0,0,0,0,0,619.6,34,0,0,0,0,0,0,0,0
287,2017-04-19,09:02:15,0,ZC705,XZCE,619.2,615.8,620.2,6878,424844159.97,200834,203848,656.2,581.8,619,621,0.0,617.0,0.0,0,0,2017-04-19,32535000,619.0,4,0,0,0,0,0,0,0,0,619.4,31,0,0,0,0,0,0,0,0
288,2017-04-19,09:02:15,0,ZC705,XZCE,619.2,615.8,620.2,6878,424844159.97,200834,203848,656.2,581.8,619,621,0.0,617.0,0.0,0,0,2017-04-19,32535000,619.0,4,0,0,0,0,0,0,0,0,619.2,7,0,0,0,0,0,0,0,0
289,2017-04-19,09:02:16,0,ZC705,XZCE,619.2,615.8,620.2,6898,426082559.97,200814,203848,656.2,581.8,619,621,0.0,617.0,0.0,0,0,2017-04-19,32536000,619.0,3,0,0,0,0,0,0,0,0,619.2,1,0,0,0,0,0,0,0,0
290,2017-04-19,09:02:17,0,ZC705,XZCE,619.2,615.8,620.2,6898,426082559.97,200814,203848,656.2,581.8,619,621,0.0,617.0,0.0,0,0,2017-04-19,32537000,619.0,3,0,0,0,0,0,0,0,0,619.4,34,0,0,0,0,0,0,0,0
291,2017-04-19,09:02:18,0,ZC705,XZCE,619.0,615.8,620.2,6900,426206359.97,200812,203848,656.2,581.8,619,621,0.0,617.0,0.0,0,0,2017-04-19,32538000,618.6,1,0,0,0,0,0,0,0,0,619.4,34,0,0,0,0,0,0,0,0
292,2017-04-19,09:02:18,0,ZC705,XZCE,619.0,615.8,620.2,6900,426206359.97,200812,203848,656.2,581.8,619,621,0.0,617.0,0.0,0,0,2017-04-19,32538000,619.0,1,0,0,0,0,0,0,0,0,619.4,34,0,0,0,0,0,0,0,0
293,2017-04-19,09:02:19,0,ZC705,XZCE,619.0,615.8,620.2,6902,426330159.97,200812,203848,656.2,581.8,619,621,0.0,617.0,0.0,0,0,2017-04-19,32539000,618.6,1,0,0,0,0,0,0,0,0,619.4,34,0,0,0,0,0,0,0,0
294,2017-04-19,09:02:20,0,ZC705,XZCE,619.0,615.8,620.2,6902,426330159.97,200812,203848,656.2,581.8,619,621,0.0,617.0,0.0,0,0,2017-04-19,32540000,618.6,2,0,0,0,0,0,0,0,0,619.2,3,0,0,0,0,0,0,0,0
295,2017-04-19,09:02:20,0,ZC705,XZCE,619.0,615.8,620.2,6906,426577759.97,200810,203848,656.2,581.8,619,621,0.0,617.0,0.0,0,0,2017-04-19,32540000,618.6,3,0,0,0,0,0,0,0,0,619.0,13,0,0,0,0,0,0,0,0
296,2017-04-19,09:02:21,0,ZC705,XZCE,619.0,615.8,620.2,6906,426577759.97,200810,203848,656.2,581.8,619,621,0.0,617.0,0.0,0,0,2017-04-19,32541000,618.8,2,0,0,0,0,0,0,0,0,619.0,16,0,0,0,0,0,0,0,0
297,2017-04-19,09:02:21,0,ZC705,XZCE,619.0,615.8,620.2,6908,426701559.97,200808,203848,656.2,581.8,619,621,0.0,617.0,0.0,0,0,2017-04-19,32541000,618.8,4,0,0,0,0,0,0,0,0,619.0,16,0,0,0,0,0,0,0,0
298,2017-04-19,09:02:22,0,ZC705,XZCE,618.8,615.8,620.2,6910,426825319.96,200808,203848,656.2,581.8,619,621,0.0,617.0,0.0,0,0,2017-04-19,32542000,618.8,8,0,0,0,0,0,0,0,0,619.0,16,0,0,0,0,0,0,0,0
299,2017-04-19,09:02:23,0,ZC705,XZCE,619.0,615.8,620.2,6914,427072919.96,200804,203848,656.2,581.8,619,621,0.0,617.0,0.0,0,0,2017-04-19,32543000,618.8,8,0,0,0,0,0,0,0,0,619.0,16,0,0,0,0,0,0,0,0
300,2017-04-19,09:02:23,0,ZC705,XZCE,618.8,615.8,620.2,6916,427196679.96,200802,203848,656.2,581.8,619,621,0.0,617.0,0.0,0,0,2017-04-19,32543000,618.8,7,0,0,0,0,0,0,0,0,619.0,15,0,0,0,0,0,0,0,0
301,2017-04-19,09:02:24,0,ZC705,XZCE,618.8,615.8,620.2,6916,427196679.96,200802,203848,656.2,581.8,619,621,0.0,617.0,0.0,0,0,2017-04-19,32544000,618.8,8,0,0,0,0,0,0,0,0,619.0,17,0,0,0,0,0,0,0,0
302,2017-04-19,09:02:24,0,ZC705,XZCE,618.8,615.8,620.2,6920,427444199.96,200806,203848,656.2,581.8,619,621,0.0,617.0,0.0,0,0,2017-04-19,32544000,618.8,6,0,0,0,0,0,0,0,0,619.0,17,0,0,0,0,0,0,0,0
303,2017-04-19,09:02:25,0,ZC705,XZCE,618.8,615.8,620.2,6932,428186759.96,200800,203848,656.2,581.8,619,621,0.0,617.0,0.0,0,0,2017-04-19,32545000,618.6,3,0,0,0,0,0,0,0,0,618.8,1,0,0,0,0,0,0,0,0
304,2017-04-19,09:02:25,0,ZC705,XZCE,618.8,615.8,620.2,6934,428310519.96,200800,203848,656.2,581.8,619,621,0.0,617.0,0.0,0,0,2017-04-19,32545000,618.8,11,0,0,0,0,0,0,0,0,619.0,20,0,0,0,0,0,0,0,0
305,2017-04-19,09:02:26,0,ZC705,XZCE,619.0,615.8,620.2,6936,428434319.96,200798,203848,656.2,581.8,619,621,0.0,617.0,0.0,0,0,2017-04-19,32546000,618.8,22,0,0,0,0,0,0,0,0,619.0,22,0,0,0,0,0,0,0,0
306,2017-04-19,09:02:26,0,ZC705,XZCE,619.0,615.8,620.2,6954,429548519.96,200780,203848,656.2,581.8,619,621,0.0,617.0,0.0,0,0,2017-04-19,32546000,618.8,22,0,0,0,0,0,0,0,0,619.0,13,0,0,0,0,0,0,0,0
307,2017-04-19,09:02:27,0,ZC705,XZCE,618.8,615.8,620.2,6956,429672279.96,200778,203848,656.2,581.8,619,621,0.0,617.0,0.0,0,0,2017-04-19,32547000,618.8,10,0,0,0,0,0,0,0,0,619.0,13,0,0,0,0,0,0,0,0
308,2017-04-19,09:02:28,0,ZC705,XZCE,619.0,615.8,620.2,7000,432395879.96,200752,203848,656.2,581.8,619,621,0.0,617.0,0.0,0,0,2017-04-19,32548000,619.0,3,0,0,0,0,0,0,0,0,619.2,15,0,0,0,0,0,0,0,0
309,2017-04-19,09:02:28,0,ZC705,XZCE,619.0,615.8,620.2,7002,432519679.96,200752,203848,656.2,581.8,619,621,0.0,617.0,0.0,0,0,2017-04-19,32548000,619.0,3,0,0,0,0,0,0,0,0,619.2,12,0,0,0,0,0,0,0,0
310,2017-04-19,09:02:29,0,ZC705,XZCE,619.2,615.8,620.2,7040,434872639.96,200720,203848,656.2,581.8,619,621,0.0,617.0,0.0,0,0,2017-04-19,32549000,618.8,11,0,0,0,0,0,0,0,0,619.2,8,0,0,0,0,0,0,0,0
311,2017-04-19,09:02:29,0,ZC705,XZCE,619.0,615.8,620.2,7042,434996439.96,200720,203848,656.2,581.8,619,621,0.0,617.0,0.0,0,0,2017-04-19,32549000,619.0,3,0,0,0,0,0,0,0,0,619.2,9,0,0,0,0,0,0,0,0
312,2017-04-19,09:02:30,0,ZC705,XZCE,619.0,615.8,620.2,7042,434996439.96,200720,203848,656.2,581.8,619,621,0.0,617.0,0.0,0,0,2017-04-19,32550000,619.0,3,0,0,0,0,0,0,0,0,619.2,13,0,0,0,0,0,0,0,0
313,2017-04-19,09:02:30,0,ZC705,XZCE,619.0,615.8,620.2,7046,435244039.96,200720,203848,656.2,581.8,619,621,0.0,617.0,0.0,0,0,2017-04-19,32550000,619.0,1,0,0,0,0,0,0,0,0,619.2,13,0,0,0,0,0,0,0,0
314,2017-04-19,09:02:31,0,ZC705,XZCE,619.0,615.8,620.2,7048,435367839.96,200718,203848,656.2,581.8,619,621,0.0,617.0,0.0,0,0,2017-04-19,32551000,618.8,13,0,0,0,0,0,0,0,0,619.0,18,0,0,0,0,0,0,0,0
315,2017-04-19,09:02:32,0,ZC705,XZCE,619.0,615.8,620.2,7048,435367839.96,200718,203848,656.2,581.8,619,621,0.0,617.0,0.0,0,0,2017-04-19,32552000,619.0,6,0,0,0,0,0,0,0,0,619.2,18,0,0,0,0,0,0,0,0
316,2017-04-19,09:02:32,0,ZC705,XZCE,619.2,615.8,620.2,7050,435491679.96,200718,203848,656.2,581.8,619,621,0.0,617.0,0.0,0,0,2017-04-19,32552000,619.0,10,0,0,0,0,0,0,0,0,619.2,17,0,0,0,0,0,0,0,0
317,2017-04-19,09:02:33,0,ZC705,XZCE,619.0,615.8,620.2,7068,436605879.96,200700,203848,656.2,581.8,619,621,0.0,617.0,0.0,0,0,2017-04-19,32553000,619.0,1,0,0,0,0,0,0,0,0,619.2,21,0,0,0,0,0,0,0,0
318,2017-04-19,09:02:33,0,ZC705,XZCE,619.0,615.8,620.2,7068,436605879.96,200700,203848,656.2,581.8,619,621,0.0,617.0,0.0,0,0,2017-04-19,32553000,619.0,6,0,0,0,0,0,0,0,0,619.2,21,0,0,0,0,0,0,0,0
319,2017-04-19,09:02:33,0,ZC705,XZCE,619.0,615.8,620.2,7070,436729679.96,200700,203848,656.2,581.8,619,621,0.0,617.0,0.0,0,0,2017-04-19,32553000,619.0,5,0,0,0,0,0,0,0,0,619.2,21,0,0,0,0,0,0,0,0
320,2017-04-19,09:02:34,0,ZC705,XZCE,619.0,615.8,620.2,7070,436729679.96,200700,203848,656.2,581.8,619,621,0.0,617.0,0.0,0,0,2017-04-19,32554000,619.0,5,0,0,0,0,0,0,0,0,619.2,23,0,0,0,0,0,0,0,0
321,2017-04-19,09:02:34,0,ZC705,XZCE,619.0,615.8,620.2,7072,436853479.96,200698,203848,656.2,581.8,619,621,0.0,617.0,0.0,0,0,2017-04-19,32554000,619.0,4,0,0,0,0,0,0,0,0,619.2,23,0,0,0,0,0,0,0,0
322,2017-04-19,09:02:35,0,ZC705,XZCE,619.2,615.8,620.2,7076,437101159.96,200696,203848,656.2,581.8,619,621,0.0,617.0,0.0,0,0,2017-04-19,32555000,619.0,3,0,0,0,0,0,0,0,0,619.2,22,0,0,0,0,0,0,0,0
323,2017-04-19,09:02:36,0,ZC705,XZCE,619.0,615.8,620.2,7080,437348759.96,200696,203848,656.2,581.8,619,621,0.0,617.0,0.0,0,0,2017-04-19,32556000,619.0,2,0,0,0,0,0,0,0,0,619.2,22,0,0,0,0,0,0,0,0
324,2017-04-19,09:02:36,0,ZC705,XZCE,619.0,615.8,620.2,7080,437348759.96,200696,203848,656.2,581.8,619,621,0.0,617.0,0.0,0,0,2017-04-19,32556000,619.0,2,0,0,0,0,0,0,0,0,619.2,17,0,0,0,0,0,0,0,0
325,2017-04-19,09:02:37,0,ZC705,XZCE,619.2,615.8,620.2,7086,437720279.96,200696,203848,656.2,581.8,619,621,0.0,617.0,0.0,0,0,2017-04-19,32557000,619.0,2,0,0,0,0,0,0,0,0,619.2,26,0,0,0,0,0,0,0,0
326,2017-04-19,09:02:37,0,ZC705,XZCE,619.2,615.8,620.2,7088,437844119.96,200696,203848,656.2,581.8,619,621,0.0,617.0,0.0,0,0,2017-04-19,32557000,619.0,2,0,0,0,0,0,0,0,0,619.2,25,0,0,0,0,0,0,0,0
327,2017-04-19,09:02:38,0,ZC705,XZCE,619.0,615.8,620.2,7092,438091719.96,200696,203848,656.2,581.8,619,621,0.0,617.0,0.0,0,0,2017-04-19,32558000,619.0,3,0,0,0,0,0,0,0,0,619.2,25,0,0,0,0,0,0,0,0
328,2017-04-19,09:02:38,0,ZC705,XZCE,619.0,615.8,620.2,7094,438215519.96,200694,203848,656.2,581.8,619,621,0.0,617.0,0.0,0,0,2017-04-19,32558000,619.0,2,0,0,0,0,0,0,0,0,619.2,29,0,0,0,0,0,0,0,0
329,2017-04-19,09:02:38,0,ZC705,XZCE,619.0,615.8,620.2,7098,438463119.96,200690,203848,656.2,581.8,619,621,0.0,617.0,0.0,0,0,2017-04-19,32558000,618.8,14,0,0,0,0,0,0,0,0,619.2,25,0,0,0,0,0,0,0,0
330,2017-04-19,09:02:39,0,ZC705,XZCE,619.0,615.8,620.2,7098,438463119.96,200690,203848,656.2,581.8,619,621,0.0,617.0,0.0,0,0,2017-04-19,32559000,619.0,2,0,0,0,0,0,0,0,0,619.2,26,0,0,0,0,0,0,0,0
331,2017-04-19,09:02:40,0,ZC705,XZCE,619.2,615.8,620.2,7116,439577679.96,200686,203848,656.2,581.8,619,621,0.0,617.0,0.0,0,0,2017-04-19,32560000,619.0,61,0,0,0,0,0,0,0,0,619.2,19,0,0,0,0,0,0,0,0
332,2017-04-19,09:02:41,0,ZC705,XZCE,619.0,615.8,620.2,7124,440072879.96,200678,203848,656.2,581.8,619,621,0.0,617.0,0.0,0,0,2017-04-19,32561000,619.0,57,0,0,0,0,0,0,0,0,619.2,19,0,0,0,0,0,0,0,0
333,2017-04-19,09:02:41,0,ZC705,XZCE,619.0,615.8,620.2,7124,440072879.96,200678,203848,656.2,581.8,619,621,0.0,617.0,0.0,0,0,2017-04-19,32561000,619.0,57,0,0,0,0,0,0,0,0,619.2,20,0,0,0,0,0,0,0,0
334,2017-04-19,09:02:41,0,ZC705,XZCE,619.0,615.8,620.2,7130,440444279.96,200674,203848,656.2,581.8,619,621,0.0,617.0,0.0,0,0,2017-04-19,32561000,619.0,55,0,0,0,0,0,0,0,0,619.2,19,0,0,0,0,0,0,0,0
335,2017-04-19,09:02:42,0,ZC705,XZCE,619.0,615.8,620.2,7150,441682279.96,200654,203848,656.2,581.8,619,621,0.0,617.0,0.0,0,0,2017-04-19,32562000,619.0,45,0,0,0,0,0,0,0,0,619.2,19,0,0,0,0,0,0,0,0
336,2017-04-19,09:02:43,0,ZC705,XZCE,619.2,615.8,620.2,7166,442672999.96,200664,203848,656.2,581.8,619,621,0.0,617.0,0.0,0,0,2017-04-19,32563000,619.2,2,0,0,0,0,0,0,0,0,619.4,11,0,0,0,0,0,0,0,0
337,2017-04-19,09:02:43,0,ZC705,XZCE,619.2,615.8,620.2,7166,442672999.96,200664,203848,656.2,581.8,619,621,0.0,617.0,0.0,0,0,2017-04-19,32563000,619.2,8,0,0,0,0,0,0,0,0,619.4,11,0,0,0,0,0,0,0,0
338,2017-04-19,09:02:43,0,ZC705,XZCE,619.2,615.8,620.2,7166,442672999.96,200664,203848,656.2,581.8,619,621,0.0,617.0,0.0,0,0,2017-04-19,32563000,619.2,9,0,0,0,0,0,0,0,0,619.4,11,0,0,0,0,0,0,0,0
339,2017-04-19,09:02:44,0,ZC705,XZCE,619.2,615.8,620.2,7166,442672999.96,200664,203848,656.2,581.8,619,621,0.0,617.0,0.0,0,0,2017-04-19,32564000,619.2,7,0,0,0,0,0,0,0,0,619.4,11,0,0,0,0,0,0,0,0
340,2017-04-19,09:02:45,0,ZC705,XZCE,619.2,615.8,620.2,7184,443787559.96,200646,203848,656.2,581.8,619,621,0.0,617.0,0.0,0,0,2017-04-19,32565000,619.0,46,0,0,0,0,0,0,0,0,619.4,11,0,0,0,0,0,0,0,0
341,2017-04-19,09:02:45,0,ZC705,XZCE,619.0,615.8,620.2,7186,443911359.96,200646,203848,656.2,581.8,619,621,0.0,617.0,0.0,0,0,2017-04-19,32565000,619.0,45,0,0,0,0,0,0,0,0,619.4,11,0,0,0,0,0,0,0,0
342,2017-04-19,09:02:46,0,ZC705,XZCE,619.0,615.8,620.2,7204,445025559.96,200628,203848,656.2,581.8,619,621,0.0,617.0,0.0,0,0,2017-04-19,32566000,619.0,42,0,0,0,0,0,0,0,0,619.4,4,0,0,0,0,0,0,0,0
343,2017-04-19,09:02:47,0,ZC705,XZCE,619.4,615.8,620.2,7214,445644959.96,200620,203848,656.2,581.8,619,621,0.0,617.0,0.0,0,0,2017-04-19,32567000,619.0,42,0,0,0,0,0,0,0,0,619.4,37,0,0,0,0,0,0,0,0
344,2017-04-19,09:02:48,0,ZC705,XZCE,619.4,615.8,620.2,7214,445644959.96,200620,203848,656.2,581.8,619,621,0.0,617.0,0.0,0,0,2017-04-19,32568000,619.0,41,0,0,0,0,0,0,0,0,619.6,37,0,0,0,0,0,0,0,0
345,2017-04-19,09:02:48,0,ZC705,XZCE,619.4,615.8,620.2,7214,445644959.96,200620,203848,656.2,581.8,619,621,0.0,617.0,0.0,0,0,2017-04-19,32568000,619.2,6,0,0,0,0,0,0,0,0,619.6,37,0,0,0,0,0,0,0,0
346,2017-04-19,09:02:49,0,ZC705,XZCE,619.2,615.8,620.2,7224,446264159.96,200620,203848,656.2,581.8,619,621,0.0,617.0,0.0,0,0,2017-04-19,32569000,619.2,1,0,0,0,0,0,0,0,0,619.6,37,0,0,0,0,0,0,0,0
347,2017-04-19,09:02:50,0,ZC705,XZCE,619.2,615.8,620.2,7224,446264159.96,200620,203848,656.2,581.8,619,621,0.0,617.0,0.0,0,0,2017-04-19,32570000,619.4,1,0,0,0,0,0,0,0,0,619.6,38,0,0,0,0,0,0,0,0
348,2017-04-19,09:02:50,0,ZC705,XZCE,619.0,615.8,620.2,7266,448863959.96,200618,203848,656.2,581.8,619,621,0.0,617.0,0.0,0,0,2017-04-19,32570000,619.4,11,0,0,0,0,0,0,0,0,619.6,40,0,0,0,0,0,0,0,0
349,2017-04-19,09:02:51,0,ZC705,XZCE,619.2,615.8,620.2,7268,448987799.96,200618,203848,656.2,581.8,619,621,0.0,617.0,0.0,0,0,2017-04-19,32571000,619.4,11,0,0,0,0,0,0,0,0,619.6,40,0,0,0,0,0,0,0,0
350,2017-04-19,09:02:51,0,ZC705,XZCE,619.4,615.8,620.2,7274,449359439.96,200618,203848,656.2,581.8,619,621,0.0,617.0,0.0,0,0,2017-04-19,32571000,619.4,8,0,0,0,0,0,0,0,0,619.6,40,0,0,0,0,0,0,0,0
351,2017-04-19,09:02:52,0,ZC705,XZCE,619.6,615.8,620.2,7302,451094319.96,200590,203848,656.2,581.8,619,621,0.0,617.0,0.0,0,0,2017-04-19,32572000,619.4,6,0,0,0,0,0,0,0,0,619.6,28,0,0,0,0,0,0,0,0
352,2017-04-19,09:02:53,0,ZC705,XZCE,619.6,615.8,620.2,7304,451218239.96,200588,203848,656.2,581.8,619,621,0.0,617.0,0.0,0,0,2017-04-19,32573000,619.4,6,0,0,0,0,0,0,0,0,619.6,27,0,0,0,0,0,0,0,0
353,2017-04-19,09:02:54,0,ZC705,XZCE,619.6,615.8,620.2,7306,451342159.96,200586,203848,656.2,581.8,619,621,0.0,617.0,0.0,0,0,2017-04-19,32574000,619.4,6,0,0,0,0,0,0,0,0,619.6,26,0,0,0,0,0,0,0,0
354,2017-04-19,09:02:54,0,ZC705,XZCE,619.6,615.8,620.2,7308,451466079.96,200584,203848,656.2,581.8,619,621,0.0,617.0,0.0,0,0,2017-04-19,32574000,619.4,6,0,0,0,0,0,0,0,0,619.6,25,0,0,0,0,0,0,0,0
355,2017-04-19,09:02:54,0,ZC705,XZCE,619.6,615.8,620.2,7310,451589999.96,200582,203848,656.2,581.8,619,621,0.0,617.0,0.0,0,0,2017-04-19,32574000,619.4,6,0,0,0,0,0,0,0,0,619.6,24,0,0,0,0,0,0,0,0
356,2017-04-19,09:02:55,0,ZC705,XZCE,619.6,615.8,620.2,7316,451961759.96,200576,203848,656.2,581.8,619,621,0.0,617.0,0.0,0,0,2017-04-19,32575000,619.4,6,0,0,0,0,0,0,0,0,619.6,21,0,0,0,0,0,0,0,0
357,2017-04-19,09:02:56,0,ZC705,XZCE,619.4,615.8,620.2,7338,453324439.96,200578,203848,656.2,581.8,619,621,0.0,617.0,0.0,0,0,2017-04-19,32576000,619.4,6,0,0,0,0,0,0,0,0,619.6,21,0,0,0,0,0,0,0,0
358,2017-04-19,09:02:56,0,ZC705,XZCE,619.4,615.8,620.2,7354,454315479.96,200578,203848,656.2,581.8,619,621,0.0,617.0,0.0,0,0,2017-04-19,32576000,619.0,36,0,0,0,0,0,0,0,0,619.4,12,0,0,0,0,0,0,0,0
359,2017-04-19,09:02:57,0,ZC705,XZCE,619.4,615.8,620.2,7360,454687119.96,200578,203848,656.2,581.8,619,621,0.0,617.0,0.0,0,0,2017-04-19,32577000,619.0,36,0,0,0,0,0,0,0,0,619.6,30,0,0,0,0,0,0,0,0
360,2017-04-19,09:02:57,0,ZC705,XZCE,619.4,615.8,620.2,7360,454687119.96,200578,203848,656.2,581.8,619,621,0.0,617.0,0.0,0,0,2017-04-19,32577000,619.2,3,0,0,0,0,0,0,0,0,619.4,1,0,0,0,0,0,0,0,0
361,2017-04-19,09:02:58,0,ZC705,XZCE,619.4,615.8,620.2,7368,455182639.96,200572,203848,656.2,581.8,619,621,0.0,617.0,0.0,0,0,2017-04-19,32578000,619.2,3,0,0,0,0,0,0,0,0,619.4,29,0,0,0,0,0,0,0,0
362,2017-04-19,09:02:59,0,ZC705,XZCE,619.4,615.8,620.2,7374,455554279.96,200566,203848,656.2,581.8,619,621,0.0,617.0,0.0,0,0,2017-04-19,32579000,619.2,3,0,0,0,0,0,0,0,0,619.4,26,0,0,0,0,0,0,0,0
363,2017-04-19,09:03:00,0,ZC705,XZCE,619.4,615.8,620.2,7388,456421439.96,200552,203848,656.2,581.8,619,621,0.0,617.0,0.0,0,0,2017-04-19,32580000,619.2,3,0,0,0,0,0,0,0,0,619.4,19,0,0,0,0,0,0,0,0
364,2017-04-19,09:03:01,0,ZC705,XZCE,619.4,615.8,620.2,7388,456421439.96,200552,203848,656.2,581.8,619,621,0.0,617.0,0.0,0,0,2017-04-19,32581000,619.2,4,0,0,0,0,0,0,0,0,619.4,20,0,0,0,0,0,0,0,0
365,2017-04-19,09:03:03,0,ZC705,XZCE,619.2,615.8,620.2,7392,456669119.96,200556,203848,656.2,581.8,619,621,0.0,617.0,0.0,0,0,2017-04-19,32583000,619.2,2,0,0,0,0,0,0,0,0,619.4,20,0,0,0,0,0,0,0,0
366,2017-04-19,09:03:04,0,ZC705,XZCE,619.4,615.8,620.2,7394,456792999.96,200554,203848,656.2,581.8,619,621,0.0,617.0,0.0,0,0,2017-04-19,32584000,619.2,3,0,0,0,0,0,0,0,0,619.4,19,0,0,0,0,0,0,0,0
367,2017-04-19,09:03:05,0,ZC705,XZCE,619.2,615.8,620.2,7410,457783719.96,200556,203848,656.2,581.8,619,621,0.0,617.0,0.0,0,0,2017-04-19,32585000,619.0,37,0,0,0,0,0,0,0,0,619.2,2,0,0,0,0,0,0,0,0
368,2017-04-19,09:03:06,0,ZC705,XZCE,619.2,615.8,620.2,7410,457783719.96,200556,203848,656.2,581.8,619,621,0.0,617.0,0.0,0,0,2017-04-19,32586000,619.0,40,0,0,0,0,0,0,0,0,619.2,4,0,0,0,0,0,0,0,0
369,2017-04-19,09:03:06,0,ZC705,XZCE,619.0,615.8,620.2,7412,457907519.96,200556,203848,656.2,581.8,619,621,0.0,617.0,0.0,0,0,2017-04-19,32586000,619.0,39,0,0,0,0,0,0,0,0,619.2,4,0,0,0,0,0,0,0,0
370,2017-04-19,09:03:07,0,ZC705,XZCE,619.2,615.8,620.2,7422,458526719.96,200556,203848,656.2,581.8,619,621,0.0,617.0,0.0,0,0,2017-04-19,32587000,619.0,39,0,0,0,0,0,0,0,0,619.2,21,0,0,0,0,0,0,0,0
371,2017-04-19,09:03:07,0,ZC705,XZCE,619.2,615.8,620.2,7424,458650559.96,200556,203848,656.2,581.8,619,621,0.0,617.0,0.0,0,0,2017-04-19,32587000,619.0,39,0,0,0,0,0,0,0,0,619.2,20,0,0,0,0,0,0,0,0
372,2017-04-19,09:03:08,0,ZC705,XZCE,619.2,615.8,620.2,7424,458650559.96,200556,203848,656.2,581.8,619,621,0.0,617.0,0.0,0,0,2017-04-19,32588000,619.0,39,0,0,0,0,0,0,0,0,619.2,21,0,0,0,0,0,0,0,0
373,2017-04-19,09:03:08,0,ZC705,XZCE,619.2,615.8,620.2,7428,458898239.96,200556,203848,656.2,581.8,619,621,0.0,617.0,0.0,0,0,2017-04-19,32588000,619.0,39,0,0,0,0,0,0,0,0,619.2,19,0,0,0,0,0,0,0,0
374,2017-04-19,09:03:10,0,ZC705,XZCE,619.2,615.8,620.2,7434,459269759.96,200556,203848,656.2,581.8,619,621,0.0,617.0,0.0,0,0,2017-04-19,32590000,619.0,37,0,0,0,0,0,0,0,0,619.2,2,0,0,0,0,0,0,0,0
375,2017-04-19,09:03:10,0,ZC705,XZCE,619.2,615.8,620.2,7434,459269759.96,200556,203848,656.2,581.8,619,621,0.0,617.0,0.0,0,0,2017-04-19,32590000,619.0,37,0,0,0,0,0,0,0,0,619.2,3,0,0,0,0,0,0,0,0
376,2017-04-19,09:03:11,0,ZC705,XZCE,619.2,615.8,620.2,7436,459393599.96,200556,203848,656.2,581.8,619,621,0.0,617.0,0.0,0,0,2017-04-19,32591000,619.0,37,0,0,0,0,0,0,0,0,619.2,2,0,0,0,0,0,0,0,0
377,2017-04-19,09:03:11,0,ZC705,XZCE,619.2,615.8,620.2,7436,459393599.96,200556,203848,656.2,581.8,619,621,0.0,617.0,0.0,0,0,2017-04-19,32591000,619.0,37,0,0,0,0,0,0,0,0,619.2,3,0,0,0,0,0,0,0,0
378,2017-04-19,09:03:11,0,ZC705,XZCE,619.0,615.8,620.2,7460,460879199.96,200552,203848,656.2,581.8,619,621,0.0,617.0,0.0,0,0,2017-04-19,32591000,619.0,25,0,0,0,0,0,0,0,0,619.2,3,0,0,0,0,0,0,0,0
379,2017-04-19,09:03:12,0,ZC705,XZCE,619.0,615.8,620.2,7482,462240999.96,200552,203848,656.2,581.8,619,621,0.0,617.0,0.0,0,0,2017-04-19,32592000,619.0,15,0,0,0,0,0,0,0,0,619.2,3,0,0,0,0,0,0,0,0
380,2017-04-19,09:03:13,0,ZC705,XZCE,619.2,615.8,620.2,7514,464222439.96,200522,203848,656.2,581.8,619,621,0.0,617.0,0.0,0,0,2017-04-19,32593000,618.8,10,0,0,0,0,0,0,0,0,619.0,3,0,0,0,0,0,0,0,0
381,2017-04-19,09:03:14,0,ZC705,XZCE,618.8,615.8,620.2,7534,465460039.96,200504,203848,656.2,581.8,619,621,0.0,617.0,0.0,0,0,2017-04-19,32594000,618.6,4,0,0,0,0,0,0,0,0,619.0,10,0,0,0,0,0,0,0,0
382,2017-04-19,09:03:15,0,ZC705,XZCE,618.8,615.8,620.2,7534,465460039.96,200504,203848,656.2,581.8,619,621,0.0,617.0,0.0,0,0,2017-04-19,32595000,618.6,4,0,0,0,0,0,0,0,0,619.0,11,0,0,0,0,0,0,0,0
383,2017-04-19,09:03:16,0,ZC705,XZCE,618.8,615.8,620.2,7534,465460039.96,200504,203848,656.2,581.8,619,621,0.0,617.0,0.0,0,0,2017-04-19,32596000,618.6,4,0,0,0,0,0,0,0,0,619.0,13,0,0,0,0,0,0,0,0
384,2017-04-19,09:03:16,0,ZC705,XZCE,618.8,615.8,620.2,7534,465460039.96,200504,203848,656.2,581.8,619,621,0.0,617.0,0.0,0,0,2017-04-19,32596000,618.6,4,0,0,0,0,0,0,0,0,619.0,18,0,0,0,0,0,0,0,0
385,2017-04-19,09:03:17,0,ZC705,XZCE,618.8,615.8,620.2,7534,465460039.96,200504,203848,656.2,581.8,619,621,0.0,617.0,0.0,0,0,2017-04-19,32597000,618.6,4,0,0,0,0,0,0,0,0,619.0,21,0,0,0,0,0,0,0,0
386,2017-04-19,09:03:18,0,ZC705,XZCE,619.0,615.8,620.2,7550,466450439.96,200502,203848,656.2,581.8,619,621,0.0,617.0,0.0,0,0,2017-04-19,32598000,618.6,3,0,0,0,0,0,0,0,0,618.8,2,0,0,0,0,0,0,0,0
387,2017-04-19,09:03:18,0,ZC705,XZCE,618.8,615.8,620.2,7556,466821719.96,200502,203848,656.2,581.8,619,621,0.0,617.0,0.0,0,0,2017-04-19,32598000,618.6,3,0,0,0,0,0,0,0,0,619.0,13,0,0,0,0,0,0,0,0
388,2017-04-19,09:03:19,0,ZC705,XZCE,618.8,615.8,620.2,7556,466821719.96,200502,203848,656.2,581.8,619,621,0.0,617.0,0.0,0,0,2017-04-19,32599000,618.6,3,0,0,0,0,0,0,0,0,618.8,16,0,0,0,0,0,0,0,0
389,2017-04-19,09:03:19,0,ZC705,XZCE,618.8,615.8,620.2,7556,466821719.96,200502,203848,656.2,581.8,619,621,0.0,617.0,0.0,0,0,2017-04-19,32599000,618.6,4,0,0,0,0,0,0,0,0,618.8,16,0,0,0,0,0,0,0,0
390,2017-04-19,09:03:20,0,ZC705,XZCE,618.8,615.8,620.2,7556,466821719.96,200502,203848,656.2,581.8,619,621,0.0,617.0,0.0,0,0,2017-04-19,32600000,618.6,4,0,0,0,0,0,0,0,0,619.0,13,0,0,0,0,0,0,0,0
391,2017-04-19,09:03:21,0,ZC705,XZCE,618.8,615.8,620.2,7556,466821719.96,200502,203848,656.2,581.8,619,621,0.0,617.0,0.0,0,0,2017-04-19,32601000,618.6,4,0,0,0,0,0,0,0,0,619.0,15,0,0,0,0,0,0,0,0
392,2017-04-19,09:03:21,0,ZC705,XZCE,619.0,615.8,620.2,7596,469297719.96,200492,203848,656.2,581.8,619,621,0.0,617.0,0.0,0,0,2017-04-19,32601000,618.6,4,0,0,0,0,0,0,0,0,619.2,3,0,0,0,0,0,0,0,0
393,2017-04-19,09:03:22,0,ZC705,XZCE,618.6,615.8,620.2,7598,469421439.96,200492,203848,656.2,581.8,619,621,0.0,617.0,0.0,0,0,2017-04-19,32602000,618.6,3,0,0,0,0,0,0,0,0,619.2,7,0,0,0,0,0,0,0,0
394,2017-04-19,09:03:22,0,ZC705,XZCE,618.6,615.8,620.2,7604,469792599.96,200486,203848,656.2,581.8,619,621,0.0,617.0,0.0,0,0,2017-04-19,32602000,618.2,5,0,0,0,0,0,0,0,0,619.2,7,0,0,0,0,0,0,0,0
395,2017-04-19,09:03:24,0,ZC705,XZCE,619.8,615.8,620.2,7770,480081279.96,200412,203848,656.2,581.8,619,621,0.0,617.0,0.0,0,0,2017-04-19,32604000,618.6,2,0,0,0,0,0,0,0,0,619.6,3,0,0,0,0,0,0,0,0
396,2017-04-19,09:03:24,0,ZC705,XZCE,619.8,615.8,620.2,7770,480081279.96,200412,203848,656.2,581.8,619,621,0.0,617.0,0.0,0,0,2017-04-19,32604000,619.0,1,0,0,0,0,0,0,0,0,619.6,1,0,0,0,0,0,0,0,0
397,2017-04-19,09:03:25,0,ZC705,XZCE,619.0,615.8,620.2,7772,480205079.96,200412,203848,656.2,581.8,619,621,0.0,617.0,0.0,0,0,2017-04-19,32605000,618.6,2,0,0,0,0,0,0,0,0,619.4,1,0,0,0,0,0,0,0,0
398,2017-04-19,09:03:25,0,ZC705,XZCE,619.0,615.8,620.2,7772,480205079.96,200412,203848,656.2,581.8,619,621,0.0,617.0,0.0,0,0,2017-04-19,32605000,618.6,2,0,0,0,0,0,0,0,0,619.6,1,0,0,0,0,0,0,0,0
399,2017-04-19,09:03:27,0,ZC705,XZCE,619.4,615.8,620.2,7782,480824479.96,200402,203848,656.2,581.8,619,621,0.0,617.0,0.0,0,0,2017-04-19,32607000,618.6,2,0,0,0,0,0,0,0,0,619.6,1,0,0,0,0,0,0,0,0
400,2017-04-19,09:03:27,0,ZC705,XZCE,619.4,615.8,620.2,7784,480948359.96,200400,203848,656.2,581.8,619,621,0.0,617.0,0.0,0,0,2017-04-19,32607000,618.6,2,0,0,0,0,0,0,0,0,619.6,1,0,0,0,0,0,0,0,0
401,2017-04-19,09:03:28,0,ZC705,XZCE,619.6,615.8,620.2,7788,481196199.96,200398,203848,656.2,581.8,619,621,0.0,617.0,0.0,0,0,2017-04-19,32608000,618.6,2,0,0,0,0,0,0,0,0,619.8,5,0,0,0,0,0,0,0,0
402,2017-04-19,09:03:29,0,ZC705,XZCE,618.6,615.8,620.2,7790,481319919.96,200400,203848,656.2,581.8,619,621,0.0,617.0,0.0,0,0,2017-04-19,32609000,618.8,1,0,0,0,0,0,0,0,0,619.4,2,0,0,0,0,0,0,0,0
403,2017-04-19,09:03:29,0,ZC705,XZCE,618.6,615.8,620.2,7792,481443639.96,200400,203848,656.2,581.8,619,621,0.0,617.0,0.0,0,0,2017-04-19,32609000,618.6,1,0,0,0,0,0,0,0,0,619.4,2,0,0,0,0,0,0,0,0
404,2017-04-19,09:03:31,0,ZC705,XZCE,619.8,615.8,620.2,7840,484418679.96,200388,203848,656.2,581.8,619,621,0.0,617.0,0.0,0,0,2017-04-19,32611000,618.8,20,0,0,0,0,0,0,0,0,619.2,1,0,0,0,0,0,0,0,0
405,2017-04-19,09:03:32,0,ZC705,XZCE,619.4,615.8,620.2,7846,484790319.96,200390,203848,656.2,581.8,619,621,0.0,617.0,0.0,0,0,2017-04-19,32612000,619.4,3,0,0,0,0,0,0,0,0,619.6,3,0,0,0,0,0,0,0,0
406,2017-04-19,09:03:33,0,ZC705,XZCE,619.2,615.8,620.2,7866,486028719.96,200394,203848,656.2,581.8,619,621,0.0,617.0,0.0,0,0,2017-04-19,32613000,619.2,1,0,0,0,0,0,0,0,0,619.4,6,0,0,0,0,0,0,0,0
407,2017-04-19,09:03:34,0,ZC705,XZCE,620.0,615.8,620.2,7928,489872719.96,200366,203848,656.2,581.8,619,621,0.0,617.0,0.0,0,0,2017-04-19,32614000,619.0,5,0,0,0,0,0,0,0,0,619.6,6,0,0,0,0,0,0,0,0
408,2017-04-19,09:03:34,0,ZC705,XZCE,620.0,615.8,620.2,7928,489872719.96,200366,203848,656.2,581.8,619,621,0.0,617.0,0.0,0,0,2017-04-19,32614000,619.0,5,0,0,0,0,0,0,0,0,619.4,4,0,0,0,0,0,0,0,0
409,2017-04-19,09:03:35,0,ZC705,XZCE,619.0,615.8,620.2,7934,490244119.96,200368,203848,656.2,581.8,619,621,0.0,617.0,0.0,0,0,2017-04-19,32615000,619.0,2,0,0,0,0,0,0,0,0,619.4,4,0,0,0,0,0,0,0,0
410,2017-04-19,09:03:36,0,ZC705,XZCE,619.4,615.8,620.2,7936,490367999.96,200366,203848,656.2,581.8,619,621,0.0,617.0,0.0,0,0,2017-04-19,32616000,619.0,2,0,0,0,0,0,0,0,0,619.2,3,0,0,0,0,0,0,0,0
411,2017-04-19,09:03:37,0,ZC705,XZCE,619.4,615.8,620.2,7936,490367999.96,200366,203848,656.2,581.8,619,621,0.0,617.0,0.0,0,0,2017-04-19,32617000,619.0,2,0,0,0,0,0,0,0,0,619.4,3,0,0,0,0,0,0,0,0
412,2017-04-19,09:03:39,0,ZC705,XZCE,619.4,615.8,620.2,7938,490491879.96,200364,203848,656.2,581.8,619,621,0.0,617.0,0.0,0,0,2017-04-19,32619000,619.0,2,0,0,0,0,0,0,0,0,619.4,2,0,0,0,0,0,0,0,0
413,2017-04-19,09:03:39,0,ZC705,XZCE,619.4,615.8,620.2,7940,490615759.96,200362,203848,656.2,581.8,619,621,0.0,617.0,0.0,0,0,2017-04-19,32619000,619.0,8,0,0,0,0,0,0,0,0,619.4,1,0,0,0,0,0,0,0,0
414,2017-04-19,09:03:40,0,ZC705,XZCE,619.0,615.8,620.2,7942,490739559.96,200360,203848,656.2,581.8,619,621,0.0,617.0,0.0,0,0,2017-04-19,32620000,619.0,8,0,0,0,0,0,0,0,0,619.4,1,0,0,0,0,0,0,0,0
415,2017-04-19,09:03:40,0,ZC705,XZCE,619.4,615.8,620.2,7948,491111199.96,200358,203848,656.2,581.8,619,621,0.0,617.0,0.0,0,0,2017-04-19,32620000,619.4,7,0,0,0,0,0,0,0,0,619.6,18,0,0,0,0,0,0,0,0
416,2017-04-19,09:03:41,0,ZC705,XZCE,619.4,615.8,620.2,7956,491606719.96,200358,203848,656.2,581.8,619,621,0.0,617.0,0.0,0,0,2017-04-19,32621000,619.4,7,0,0,0,0,0,0,0,0,619.6,14,0,0,0,0,0,0,0,0
417,2017-04-19,09:03:41,0,ZC705,XZCE,619.4,615.8,620.2,7962,491978359.96,200358,203848,656.2,581.8,619,621,0.0,617.0,0.0,0,0,2017-04-19,32621000,619.4,6,0,0,0,0,0,0,0,0,619.6,14,0,0,0,0,0,0,0,0
418,2017-04-19,09:03:42,0,ZC705,XZCE,619.4,615.8,620.2,7970,492473879.96,200358,203848,656.2,581.8,619,621,0.0,617.0,0.0,0,0,2017-04-19,32622000,619.4,3,0,0,0,0,0,0,0,0,619.6,10,0,0,0,0,0,0,0,0
419,2017-04-19,09:03:42,0,ZC705,XZCE,619.4,615.8,620.2,7976,492845519.96,200358,203848,656.2,581.8,619,621,0.0,617.0,0.0,0,0,2017-04-19,32622000,619.0,8,0,0,0,0,0,0,0,0,619.6,7,0,0,0,0,0,0,0,0
420,2017-04-19,09:03:43,0,ZC705,XZCE,619.4,615.8,620.2,7982,493217159.96,200358,203848,656.2,581.8,619,621,0.0,617.0,0.0,0,0,2017-04-19,32623000,619.4,4,0,0,0,0,0,0,0,0,619.8,3,0,0,0,0,0,0,0,0
421,2017-04-19,09:03:44,0,ZC705,XZCE,619.4,615.8,620.2,7984,493341039.96,200358,203848,656.2,581.8,619,621,0.0,617.0,0.0,0,0,2017-04-19,32624000,619.4,3,0,0,0,0,0,0,0,0,619.8,3,0,0,0,0,0,0,0,0
422,2017-04-19,09:03:45,0,ZC705,XZCE,619.4,615.8,620.2,7984,493341039.96,200358,203848,656.2,581.8,619,621,0.0,617.0,0.0,0,0,2017-04-19,32625000,619.4,3,0,0,0,0,0,0,0,0,619.8,4,0,0,0,0,0,0,0,0
423,2017-04-19,09:03:45,0,ZC705,XZCE,619.4,615.8,620.2,7984,493341039.96,200358,203848,656.2,581.8,619,621,0.0,617.0,0.0,0,0,2017-04-19,32625000,619.4,3,0,0,0,0,0,0,0,0,619.8,5,0,0,0,0,0,0,0,0
424,2017-04-19,09:03:46,0,ZC705,XZCE,619.4,615.8,620.2,7992,493836559.96,200350,203848,656.2,581.8,619,621,0.0,617.0,0.0,0,0,2017-04-19,32626000,619.0,13,0,0,0,0,0,0,0,0,619.4,5,0,0,0,0,0,0,0,0
425,2017-04-19,09:03:47,0,ZC705,XZCE,619.4,615.8,620.2,7992,493836559.96,200350,203848,656.2,581.8,619,621,0.0,617.0,0.0,0,0,2017-04-19,32627000,619.0,14,0,0,0,0,0,0,0,0,619.4,6,0,0,0,0,0,0,0,0
426,2017-04-19,09:03:47,0,ZC705,XZCE,619.4,615.8,620.2,7992,493836559.96,200350,203848,656.2,581.8,619,621,0.0,617.0,0.0,0,0,2017-04-19,32627000,619.0,14,0,0,0,0,0,0,0,0,619.4,7,0,0,0,0,0,0,0,0
427,2017-04-19,09:03:48,0,ZC705,XZCE,619.4,615.8,620.2,7994,493960439.96,200348,203848,656.2,581.8,619,621,0.0,617.0,0.0,0,0,2017-04-19,32628000,619.0,14,0,0,0,0,0,0,0,0,619.4,7,0,0,0,0,0,0,0,0
428,2017-04-19,09:03:48,0,ZC705,XZCE,619.4,615.8,620.2,7996,494084319.96,200346,203848,656.2,581.8,619,621,0.0,617.0,0.0,0,0,2017-04-19,32628000,619.0,14,0,0,0,0,0,0,0,0,619.4,6,0,0,0,0,0,0,0,0
429,2017-04-19,09:03:49,0,ZC705,XZCE,619.4,615.8,620.2,7998,494208199.96,200344,203848,656.2,581.8,619,621,0.0,617.0,0.0,0,0,2017-04-19,32629000,619.0,15,0,0,0,0,0,0,0,0,619.4,5,0,0,0,0,0,0,0,0
430,2017-04-19,09:03:49,0,ZC705,XZCE,619.4,615.8,620.2,7998,494208199.96,200344,203848,656.2,581.8,619,621,0.0,617.0,0.0,0,0,2017-04-19,32629000,619.0,15,0,0,0,0,0,0,0,0,619.4,7,0,0,0,0,0,0,0,0
431,2017-04-19,09:03:50,0,ZC705,XZCE,619.4,615.8,620.2,8000,494332079.96,200342,203848,656.2,581.8,619,621,0.0,617.0,0.0,0,0,2017-04-19,32630000,619.0,15,0,0,0,0,0,0,0,0,619.4,7,0,0,0,0,0,0,0,0
432,2017-04-19,09:03:51,0,ZC705,XZCE,619.4,615.8,620.2,8000,494332079.96,200342,203848,656.2,581.8,619,621,0.0,617.0,0.0,0,0,2017-04-19,32631000,619.0,15,0,0,0,0,0,0,0,0,619.4,10,0,0,0,0,0,0,0,0
433,2017-04-19,09:03:52,0,ZC705,XZCE,619.4,615.8,620.2,8002,494455959.96,200340,203848,656.2,581.8,619,621,0.0,617.0,0.0,0,0,2017-04-19,32632000,619.0,15,0,0,0,0,0,0,0,0,619.4,9,0,0,0,0,0,0,0,0
434,2017-04-19,09:03:52,0,ZC705,XZCE,619.4,615.8,620.2,8010,494951479.96,200338,203848,656.2,581.8,619,621,0.0,617.0,0.0,0,0,2017-04-19,32632000,619.2,1,0,0,0,0,0,0,0,0,619.4,5,0,0,0,0,0,0,0,0
435,2017-04-19,09:03:53,0,ZC705,XZCE,619.4,615.8,620.2,8020,495570879.96,200336,203848,656.2,581.8,619,621,0.0,617.0,0.0,0,0,2017-04-19,32633000,619.2,1,0,0,0,0,0,0,0,0,619.6,2,0,0,0,0,0,0,0,0
436,2017-04-19,09:03:54,0,ZC705,XZCE,619.6,615.8,620.2,8024,495818719.96,200334,203848,656.2,581.8,619,621,0.0,617.0,0.0,0,0,2017-04-19,32634000,619.6,3,0,0,0,0,0,0,0,0,619.8,5,0,0,0,0,0,0,0,0
437,2017-04-19,09:03:54,0,ZC705,XZCE,619.8,615.8,620.2,8028,496066639.96,200334,203848,656.2,581.8,619,621,0.0,617.0,0.0,0,0,2017-04-19,32634000,619.6,7,0,0,0,0,0,0,0,0,619.8,4,0,0,0,0,0,0,0,0
438,2017-04-19,09:03:55,0,ZC705,XZCE,619.8,615.8,620.2,8030,496190599.96,200334,203848,656.2,581.8,619,621,0.0,617.0,0.0,0,0,2017-04-19,32635000,619.6,6,0,0,0,0,0,0,0,0,619.8,3,0,0,0,0,0,0,0,0
439,2017-04-19,09:03:55,0,ZC705,XZCE,619.8,615.8,620.2,8036,496562479.96,200334,203848,656.2,581.8,619,621,0.0,617.0,0.0,0,0,2017-04-19,32635000,619.8,2,0,0,0,0,0,0,0,0,620.0,38,0,0,0,0,0,0,0,0
440,2017-04-19,09:03:56,0,ZC705,XZCE,620.0,615.8,620.2,8040,496810479.96,200330,203848,656.2,581.8,619,621,0.0,617.0,0.0,0,0,2017-04-19,32636000,619.8,1,0,0,0,0,0,0,0,0,620.0,37,0,0,0,0,0,0,0,0
441,2017-04-19,09:03:56,0,ZC705,XZCE,620.0,615.8,620.2,8040,496810479.96,200330,203848,656.2,581.8,619,621,0.0,617.0,0.0,0,0,2017-04-19,32636000,619.8,2,0,0,0,0,0,0,0,0,620.0,38,0,0,0,0,0,0,0,0
442,2017-04-19,09:03:57,0,ZC705,XZCE,620.0,615.8,620.2,8048,497306479.96,200322,203848,656.2,581.8,619,621,0.0,617.0,0.0,0,0,2017-04-19,32637000,619.8,2,0,0,0,0,0,0,0,0,620.0,35,0,0,0,0,0,0,0,0
443,2017-04-19,09:03:58,0,ZC705,XZCE,620.0,615.8,620.2,8058,497926479.96,200322,203848,656.2,581.8,619,621,0.0,617.0,0.0,0,0,2017-04-19,32638000,619.8,5,0,0,0,0,0,0,0,0,620.0,30,0,0,0,0,0,0,0,0
444,2017-04-19,09:03:58,0,ZC705,XZCE,620.0,615.8,620.2,8188,505986479.96,200322,203848,656.2,581.8,619,621,0.0,617.0,0.0,0,0,2017-04-19,32638000,619.4,2,0,0,0,0,0,0,0,0,619.8,2,0,0,0,0,0,0,0,0
445,2017-04-19,09:03:59,0,ZC705,XZCE,620.0,615.8,620.2,8192,506234479.96,200322,203848,656.2,581.8,619,621,0.0,617.0,0.0,0,0,2017-04-19,32639000,619.4,2,0,0,0,0,0,0,0,0,620.0,4,0,0,0,0,0,0,0,0
446,2017-04-19,09:03:59,0,ZC705,XZCE,620.0,615.8,620.2,8194,506358479.96,200320,203848,656.2,581.8,619,621,0.0,617.0,0.0,0,0,2017-04-19,32639000,619.4,3,0,0,0,0,0,0,0,0,620.0,4,0,0,0,0,0,0,0,0
447,2017-04-19,09:04:00,0,ZC705,XZCE,620.0,615.8,620.2,8198,506606479.96,200320,203848,656.2,581.8,619,621,0.0,617.0,0.0,0,0,2017-04-19,32640000,619.6,1,0,0,0,0,0,0,0,0,620.0,2,0,0,0,0,0,0,0,0
448,2017-04-19,09:04:00,0,ZC705,XZCE,619.8,615.8,620.2,8200,506730439.96,200322,203848,656.2,581.8,619,621,0.0,617.0,0.0,0,0,2017-04-19,32640000,619.4,4,0,0,0,0,0,0,0,0,619.8,1,0,0,0,0,0,0,0,0
449,2017-04-19,09:04:01,0,ZC705,XZCE,620.0,615.8,620.2,8204,506978439.96,200320,203848,656.2,581.8,619,621,0.0,617.0,0.0,0,0,2017-04-19,32641000,619.4,4,0,0,0,0,0,0,0,0,620.0,2,0,0,0,0,0,0,0,0
450,2017-04-19,09:04:01,0,ZC705,XZCE,619.8,615.8,620.2,8206,507102399.96,200320,203848,656.2,581.8,619,621,0.0,617.0,0.0,0,0,2017-04-19,32641000,619.8,1,0,0,0,0,0,0,0,0,620.0,2,0,0,0,0,0,0,0,0
451,2017-04-19,09:04:02,0,ZC705,XZCE,620.0,615.8,620.2,8208,507226399.96,200320,203848,656.2,581.8,619,621,0.0,617.0,0.0,0,0,2017-04-19,32642000,619.4,2,0,0,0,0,0,0,0,0,620.0,3,0,0,0,0,0,0,0,0
452,2017-04-19,09:04:02,0,ZC705,XZCE,620.0,615.8,620.2,8208,507226399.96,200320,203848,656.2,581.8,619,621,0.0,617.0,0.0,0,0,2017-04-19,32642000,619.4,4,0,0,0,0,0,0,0,0,620.0,3,0,0,0,0,0,0,0,0
453,2017-04-19,09:04:02,0,ZC705,XZCE,620.0,615.8,620.2,8212,507474399.96,200320,203848,656.2,581.8,619,621,0.0,617.0,0.0,0,0,2017-04-19,32642000,619.4,4,0,0,0,0,0,0,0,0,620.0,1,0,0,0,0,0,0,0,0
454,2017-04-19,09:04:03,0,ZC705,XZCE,619.4,615.8,620.2,8216,507722159.96,200318,203848,656.2,581.8,619,621,0.0,617.0,0.0,0,0,2017-04-19,32643000,619.4,2,0,0,0,0,0,0,0,0,619.6,2,0,0,0,0,0,0,0,0
455,2017-04-19,09:04:04,0,ZC705,XZCE,619.4,615.8,620.2,8220,507969919.96,200314,203848,656.2,581.8,619,621,0.0,617.0,0.0,0,0,2017-04-19,32644000,619.2,1,0,0,0,0,0,0,0,0,619.6,3,0,0,0,0,0,0,0,0
456,2017-04-19,09:04:04,0,ZC705,XZCE,619.4,615.8,620.2,8220,507969919.96,200314,203848,656.2,581.8,619,621,0.0,617.0,0.0,0,0,2017-04-19,32644000,619.4,2,0,0,0,0,0,0,0,0,619.6,3,0,0,0,0,0,0,0,0
457,2017-04-19,09:04:06,0,ZC705,XZCE,619.4,615.8,620.2,8236,508960959.96,200316,203848,656.2,581.8,619,621,0.0,617.0,0.0,0,0,2017-04-19,32646000,619.4,1,0,0,0,0,0,0,0,0,620.2,8,0,0,0,0,0,0,0,0
458,2017-04-19,09:04:06,0,ZC705,XZCE,619.4,615.8,620.2,8236,508960959.96,200316,203848,656.2,581.8,619,621,0.0,617.0,0.0,0,0,2017-04-19,32646000,619.6,4,0,0,0,0,0,0,0,0,620.2,8,0,0,0,0,0,0,0,0
459,2017-04-19,09:04:07,0,ZC705,XZCE,620.2,615.8,620.2,8240,509209039.96,200316,203848,656.2,581.8,619,621,0.0,617.0,0.0,0,0,2017-04-19,32647000,619.6,3,0,0,0,0,0,0,0,0,620.2,8,0,0,0,0,0,0,0,0
460,2017-04-19,09:04:07,0,ZC705,XZCE,619.6,615.8,620.2,8242,509332959.96,200316,203848,656.2,581.8,619,621,0.0,617.0,0.0,0,0,2017-04-19,32647000,619.6,2,0,0,0,0,0,0,0,0,620.2,8,0,0,0,0,0,0,0,0
461,2017-04-19,09:04:08,0,ZC705,XZCE,619.6,615.8,620.2,8242,509332959.96,200316,203848,656.2,581.8,619,621,0.0,617.0,0.0,0,0,2017-04-19,32648000,619.6,2,0,0,0,0,0,0,0,0,620.0,1,0,0,0,0,0,0,0,0
462,2017-04-19,09:04:08,0,ZC705,XZCE,619.4,615.8,620.2,8248,509704599.96,200310,203848,656.2,581.8,619,621,0.0,617.0,0.0,0,0,2017-04-19,32648000,619.2,2,0,0,0,0,0,0,0,0,619.4,5,0,0,0,0,0,0,0,0
463,2017-04-19,09:04:09,0,ZC705,XZCE,619.4,615.8,620.2,8250,509828479.96,200310,203848,656.2,581.8,619,621,0.0,617.0,0.0,0,0,2017-04-19,32649000,619.2,1,0,0,0,0,0,0,0,0,619.4,4,0,0,0,0,0,0,0,0
464,2017-04-19,09:04:09,0,ZC705,XZCE,619.4,615.8,620.2,8254,510076239.96,200306,203848,656.2,581.8,619,621,0.0,617.0,0.0,0,0,2017-04-19,32649000,619.2,1,0,0,0,0,0,0,0,0,619.4,2,0,0,0,0,0,0,0,0
465,2017-04-19,09:04:10,0,ZC705,XZCE,619.4,615.8,620.2,8256,510200119.96,200304,203848,656.2,581.8,619,621,0.0,617.0,0.0,0,0,2017-04-19,32650000,619.2,4,0,0,0,0,0,0,0,0,619.4,1,0,0,0,0,0,0,0,0
466,2017-04-19,09:04:10,0,ZC705,XZCE,619.6,615.8,620.2,8260,510447959.96,200304,203848,656.2,581.8,619,621,0.0,617.0,0.0,0,0,2017-04-19,32650000,619.6,2,0,0,0,0,0,0,0,0,619.8,5,0,0,0,0,0,0,0,0
467,2017-04-19,09:04:11,0,ZC705,XZCE,619.6,615.8,620.2,8260,510447959.96,200304,203848,656.2,581.8,619,621,0.0,617.0,0.0,0,0,2017-04-19,32651000,619.4,19,0,0,0,0,0,0,0,0,619.8,5,0,0,0,0,0,0,0,0
468,2017-04-19,09:04:11,0,ZC705,XZCE,619.6,615.8,620.2,8260,510447959.96,200304,203848,656.2,581.8,619,621,0.0,617.0,0.0,0,0,2017-04-19,32651000,619.4,20,0,0,0,0,0,0,0,0,619.8,5,0,0,0,0,0,0,0,0
469,2017-04-19,09:04:12,0,ZC705,XZCE,619.6,615.8,620.2,8260,510447959.96,200304,203848,656.2,581.8,619,621,0.0,617.0,0.0,0,0,2017-04-19,32652000,619.4,20,0,0,0,0,0,0,0,0,619.8,7,0,0,0,0,0,0,0,0
470,2017-04-19,09:04:12,0,ZC705,XZCE,619.4,615.8,620.2,8300,512925559.96,200344,203848,656.2,581.8,619,621,0.0,617.0,0.0,0,0,2017-04-19,32652000,619.2,8,0,0,0,0,0,0,0,0,619.6,1,0,0,0,0,0,0,0,0
471,2017-04-19,09:04:13,0,ZC705,XZCE,619.2,615.8,620.2,8316,513916279.96,200330,203848,656.2,581.8,619,621,0.0,617.0,0.0,0,0,2017-04-19,32653000,619.0,12,0,0,0,0,0,0,0,0,619.4,1,0,0,0,0,0,0,0,0
472,2017-04-19,09:04:13,0,ZC705,XZCE,619.2,615.8,620.2,8316,513916279.96,200330,203848,656.2,581.8,619,621,0.0,617.0,0.0,0,0,2017-04-19,32653000,619.0,12,0,0,0,0,0,0,0,0,619.4,3,0,0,0,0,0,0,0,0
473,2017-04-19,09:04:15,0,ZC705,XZCE,619.4,615.8,620.2,8336,515155079.96,200330,203848,656.2,581.8,619,621,0.0,617.0,0.0,0,0,2017-04-19,32655000,619.0,12,0,0,0,0,0,0,0,0,619.4,57,0,0,0,0,0,0,0,0
474,2017-04-19,09:04:15,0,ZC705,XZCE,619.4,615.8,620.2,8336,515155079.96,200330,203848,656.2,581.8,619,621,0.0,617.0,0.0,0,0,2017-04-19,32655000,619.0,11,0,0,0,0,0,0,0,0,619.4,49,0,0,0,0,0,0,0,0
475,2017-04-19,09:04:16,0,ZC705,XZCE,619.0,615.8,620.2,8344,515650279.96,200326,203848,656.2,581.8,619,621,0.0,617.0,0.0,0,0,2017-04-19,32656000,619.0,7,0,0,0,0,0,0,0,0,619.4,49,0,0,0,0,0,0,0,0
476,2017-04-19,09:04:16,0,ZC705,XZCE,619.0,615.8,620.2,8346,515774079.96,200326,203848,656.2,581.8,619,621,0.0,617.0,0.0,0,0,2017-04-19,32656000,619.0,6,0,0,0,0,0,0,0,0,619.4,49,0,0,0,0,0,0,0,0
477,2017-04-19,09:04:17,0,ZC705,XZCE,619.4,615.8,620.2,8348,515897959.96,200326,203848,656.2,581.8,619,621,0.0,617.0,0.0,0,0,2017-04-19,32657000,619.0,6,0,0,0,0,0,0,0,0,619.4,48,0,0,0,0,0,0,0,0
478,2017-04-19,09:04:17,0,ZC705,XZCE,619.4,615.8,620.2,8348,515897959.96,200326,203848,656.2,581.8,619,621,0.0,617.0,0.0,0,0,2017-04-19,32657000,619.0,6,0,0,0,0,0,0,0,0,619.2,10,0,0,0,0,0,0,0,0
479,2017-04-19,09:04:18,0,ZC705,XZCE,619.4,615.8,620.2,8348,515897959.96,200326,203848,656.2,581.8,619,621,0.0,617.0,0.0,0,0,2017-04-19,32658000,619.0,6,0,0,0,0,0,0,0,0,619.2,11,0,0,0,0,0,0,0,0
480,2017-04-19,09:04:20,0,ZC705,XZCE,619.0,615.8,620.2,8352,516145559.96,200326,203848,656.2,581.8,619,621,0.0,617.0,0.0,0,0,2017-04-19,32660000,619.0,4,0,0,0,0,0,0,0,0,619.2,11,0,0,0,0,0,0,0,0
481,2017-04-19,09:04:21,0,ZC705,XZCE,619.0,615.8,620.2,8360,516640759.96,200318,203848,656.2,581.8,619,621,0.0,617.0,0.0,0,0,2017-04-19,32661000,618.8,2,0,0,0,0,0,0,0,0,619.2,15,0,0,0,0,0,0,0,0
482,2017-04-19,09:04:21,0,ZC705,XZCE,619.0,615.8,620.2,8404,519364359.96,200290,203848,656.2,581.8,619,621,0.0,617.0,0.0,0,0,2017-04-19,32661000,618.8,2,0,0,0,0,0,0,0,0,619.0,1,0,0,0,0,0,0,0,0
483,2017-04-19,09:04:22,0,ZC705,XZCE,619.0,615.8,620.2,8414,519983359.96,200286,203848,656.2,581.8,619,621,0.0,617.0,0.0,0,0,2017-04-19,32662000,618.8,2,0,0,0,0,0,0,0,0,619.4,30,0,0,0,0,0,0,0,0
484,2017-04-19,09:04:23,0,ZC705,XZCE,619.0,615.8,620.2,8414,519983359.96,200286,203848,656.2,581.8,619,621,0.0,617.0,0.0,0,0,2017-04-19,32663000,618.8,2,0,0,0,0,0,0,0,0,619.2,1,0,0,0,0,0,0,0,0
485,2017-04-19,09:04:24,0,ZC705,XZCE,619.0,615.8,620.2,8414,519983359.96,200286,203848,656.2,581.8,619,621,0.0,617.0,0.0,0,0,2017-04-19,32664000,618.8,2,0,0,0,0,0,0,0,0,619.2,7,0,0,0,0,0,0,0,0
486,2017-04-19,09:04:24,0,ZC705,XZCE,619.0,615.8,620.2,8418,520230959.96,200286,203848,656.2,581.8,619,621,0.0,617.0,0.0,0,0,2017-04-19,32664000,618.8,1,0,0,0,0,0,0,0,0,619.0,3,0,0,0,0,0,0,0,0
487,2017-04-19,09:04:25,0,ZC705,XZCE,619.0,615.8,620.2,8424,520602359.96,200280,203848,656.2,581.8,619,621,0.0,617.0,0.0,0,0,2017-04-19,32665000,618.6,6,0,0,0,0,0,0,0,0,619.0,5,0,0,0,0,0,0,0,0
488,2017-04-19,09:04:26,0,ZC705,XZCE,619.0,615.8,620.2,8430,520973759.96,200280,203848,656.2,581.8,619,621,0.0,617.0,0.0,0,0,2017-04-19,32666000,618.6,7,0,0,0,0,0,0,0,0,619.0,2,0,0,0,0,0,0,0,0
489,2017-04-19,09:04:26,0,ZC705,XZCE,619.0,615.8,620.2,8440,521592759.96,200270,203848,656.2,581.8,619,621,0.0,617.0,0.0,0,0,2017-04-19,32666000,618.6,11,0,0,0,0,0,0,0,0,619.2,7,0,0,0,0,0,0,0,0
490,2017-04-19,09:04:27,0,ZC705,XZCE,619.2,615.8,620.2,8444,521840439.96,200270,203848,656.2,581.8,619,621,0.0,617.0,0.0,0,0,2017-04-19,32667000,618.6,10,0,0,0,0,0,0,0,0,619.2,6,0,0,0,0,0,0,0,0
491,2017-04-19,09:04:27,0,ZC705,XZCE,619.2,615.8,620.2,8450,522211959.96,200264,203848,656.2,581.8,619,621,0.0,617.0,0.0,0,0,2017-04-19,32667000,618.6,10,0,0,0,0,0,0,0,0,619.2,3,0,0,0,0,0,0,0,0
492,2017-04-19,09:04:28,0,ZC705,XZCE,619.2,615.8,620.2,8450,522211959.96,200264,203848,656.2,581.8,619,621,0.0,617.0,0.0,0,0,2017-04-19,32668000,618.8,6,0,0,0,0,0,0,0,0,619.2,7,0,0,0,0,0,0,0,0
493,2017-04-19,09:04:29,0,ZC705,XZCE,619.2,615.8,620.2,8452,522335799.96,200264,203848,656.2,581.8,619,621,0.0,617.0,0.0,0,0,2017-04-19,32669000,618.8,6,0,0,0,0,0,0,0,0,619.0,4,0,0,0,0,0,0,0,0
494,2017-04-19,09:04:29,0,ZC705,XZCE,619.0,615.8,620.2,8460,522830999.96,200256,203848,656.2,581.8,619,621,0.0,617.0,0.0,0,0,2017-04-19,32669000,618.8,6,0,0,0,0,0,0,0,0,619.0,4,0,0,0,0,0,0,0,0
495,2017-04-19,09:04:30,0,ZC705,XZCE,619.0,615.8,620.2,8460,522830999.96,200256,203848,656.2,581.8,619,621,0.0,617.0,0.0,0,0,2017-04-19,32670000,618.8,7,0,0,0,0,0,0,0,0,619.0,4,0,0,0,0,0,0,0,0
496,2017-04-19,09:04:31,0,ZC705,XZCE,618.6,615.8,620.2,8498,525181679.96,200246,203848,656.2,581.8,619,621,0.0,617.0,0.0,0,0,2017-04-19,32671000,618.4,17,0,0,0,0,0,0,0,0,618.6,10,0,0,0,0,0,0,0,0
497,2017-04-19,09:04:31,0,ZC705,XZCE,618.4,615.8,620.2,8534,527407919.96,200214,203848,656.2,581.8,619,621,0.0,617.0,0.0,0,0,2017-04-19,32671000,618.2,23,0,0,0,0,0,0,0,0,618.6,13,0,0,0,0,0,0,0,0
498,2017-04-19,09:04:32,0,ZC705,XZCE,618.6,615.8,620.2,8536,527531639.96,200214,203848,656.2,581.8,619,621,0.0,617.0,0.0,0,0,2017-04-19,32672000,618.2,23,0,0,0,0,0,0,0,0,618.6,11,0,0,0,0,0,0,0,0
499,2017-04-19,09:04:32,0,ZC705,XZCE,618.6,615.8,620.2,8536,527531639.96,200214,203848,656.2,581.8,619,621,0.0,617.0,0.0,0,0,2017-04-19,32672000,618.2,23,0,0,0,0,0,0,0,0,618.6,12,0,0,0,0,0,0,0,0
500,2017-04-19,09:04:33,0,ZC705,XZCE,618.6,615.8,620.2,8538,527655359.96,200214,203848,656.2,581.8,619,621,0.0,617.0,0.0,0,0,2017-04-19,32673000,618.2,23,0,0,0,0,0,0,0,0,618.6,6,0,0,0,0,0,0,0,0
501,2017-04-19,09:04:33,0,ZC705,XZCE,618.6,615.8,620.2,8570,529634879.96,200186,203848,656.2,581.8,619,621,0.0,617.0,0.0,0,0,2017-04-19,32673000,618.4,10,0,0,0,0,0,0,0,0,618.6,2,0,0,0,0,0,0,0,0
502,2017-04-19,09:04:34,0,ZC705,XZCE,618.4,615.8,620.2,8578,530129599.96,200190,203848,656.2,581.8,619,621,0.0,617.0,0.0,0,0,2017-04-19,32674000,618.6,1,0,0,0,0,0,0,0,0,618.8,4,0,0,0,0,0,0,0,0
503,2017-04-19,09:04:34,0,ZC705,XZCE,618.4,615.8,620.2,8582,530376959.96,200190,203848,656.2,581.8,619,621,0.0,617.0,0.0,0,0,2017-04-19,32674000,618.4,7,0,0,0,0,0,0,0,0,618.8,3,0,0,0,0,0,0,0,0
504,2017-04-19,09:04:35,0,ZC705,XZCE,618.4,615.8,620.2,8590,530871679.96,200198,203848,656.2,581.8,619,621,0.0,617.0,0.0,0,0,2017-04-19,32675000,618.4,7,0,0,0,0,0,0,0,0,619.0,4,0,0,0,0,0,0,0,0
505,2017-04-19,09:04:35,0,ZC705,XZCE,618.8,615.8,620.2,8592,530995439.96,200196,203848,656.2,581.8,619,621,0.0,617.0,0.0,0,0,2017-04-19,32675000,618.4,7,0,0,0,0,0,0,0,0,619.0,4,0,0,0,0,0,0,0,0
506,2017-04-19,09:04:37,0,ZC705,XZCE,618.4,615.8,620.2,8598,531366479.96,200196,203848,656.2,581.8,619,621,0.0,617.0,0.0,0,0,2017-04-19,32677000,618.4,9,0,0,0,0,0,0,0,0,619.0,4,0,0,0,0,0,0,0,0
507,2017-04-19,09:04:38,0,ZC705,XZCE,618.4,615.8,620.2,8598,531366479.96,200196,203848,656.2,581.8,619,621,0.0,617.0,0.0,0,0,2017-04-19,32678000,618.6,20,0,0,0,0,0,0,0,0,619.0,4,0,0,0,0,0,0,0,0
508,2017-04-19,09:04:39,0,ZC705,XZCE,618.4,615.8,620.2,8598,531366479.96,200196,203848,656.2,581.8,619,621,0.0,617.0,0.0,0,0,2017-04-19,32679000,618.6,20,0,0,0,0,0,0,0,0,619.0,8,0,0,0,0,0,0,0,0
509,2017-04-19,09:04:40,0,ZC705,XZCE,618.6,615.8,620.2,8600,531490199.96,200196,203848,656.2,581.8,619,621,0.0,617.0,0.0,0,0,2017-04-19,32680000,618.6,20,0,0,0,0,0,0,0,0,619.0,8,0,0,0,0,0,0,0,0
510,2017-04-19,09:04:40,0,ZC705,XZCE,619.0,615.8,620.2,8602,531613999.96,200194,203848,656.2,581.8,619,621,0.0,617.0,0.0,0,0,2017-04-19,32680000,618.6,25,0,0,0,0,0,0,0,0,619.0,8,0,0,0,0,0,0,0,0
511,2017-04-19,09:04:41,0,ZC705,XZCE,619.0,615.8,620.2,8602,531613999.96,200194,203848,656.2,581.8,619,621,0.0,617.0,0.0,0,0,2017-04-19,32681000,618.6,25,0,0,0,0,0,0,0,0,619.0,9,0,0,0,0,0,0,0,0
512,2017-04-19,09:04:41,0,ZC705,XZCE,619.0,615.8,620.2,8616,532480599.96,200184,203848,656.2,581.8,619,621,0.0,617.0,0.0,0,0,2017-04-19,32681000,618.6,23,0,0,0,0,0,0,0,0,619.0,4,0,0,0,0,0,0,0,0
513,2017-04-19,09:04:43,0,ZC705,XZCE,619.0,615.8,620.2,8616,532480599.96,200184,203848,656.2,581.8,619,621,0.0,617.0,0.0,0,0,2017-04-19,32683000,618.6,23,0,0,0,0,0,0,0,0,619.0,6,0,0,0,0,0,0,0,0
514,2017-04-19,09:04:43,0,ZC705,XZCE,619.0,615.8,620.2,8640,533966199.96,200180,203848,656.2,581.8,619,621,0.0,617.0,0.0,0,0,2017-04-19,32683000,618.6,23,0,0,0,0,0,0,0,0,618.8,1,0,0,0,0,0,0,0,0
515,2017-04-19,09:04:44,0,ZC705,XZCE,619.0,615.8,620.2,8640,533966199.96,200180,203848,656.2,581.8,619,621,0.0,617.0,0.0,0,0,2017-04-19,32684000,618.6,24,0,0,0,0,0,0,0,0,618.8,1,0,0,0,0,0,0,0,0
516,2017-04-19,09:04:46,0,ZC705,XZCE,619.0,615.8,620.2,8640,533966199.96,200180,203848,656.2,581.8,619,621,0.0,617.0,0.0,0,0,2017-04-19,32686000,618.6,24,0,0,0,0,0,0,0,0,619.0,1,0,0,0,0,0,0,0,0
